1948 3306
347 192 421 228 622
715 192 1003 231 ADVERSUS
1036 192 1430 233 MACARTATUM.

347 295 502 333 Solonis
522 295 583 334 lex
598 298 734 347 jubeat
753 311 879 336 mares
904 304 943 335 et
970 311 992 334 a
1010 297 1178 335 maribus
1205 304 1425 348 procreatos
1446 297 1613 348 potiores
1641 297 1798 337 haberi:

344 357 415 394 iste
436 357 533 396 adeo
555 359 732 410 expedite
753 367 791 398 et
812 361 916 411 leges
937 366 975 397 et
996 358 1193 409 Hagniam
1214 359 1456 410 contempsit,
1474 366 1519 398 ut
1538 359 1657 398 filium
1685 373 1796 398 suum

344 418 382 455 in
403 426 613 458 maternam
634 421 817 460 familiam
839 421 1102 472 adoptandum
1128 420 1290 459 dederit.
1349 421 1424 465 Qui
1449 421 1528 459 fieri
1561 422 1709 474 possint
1726 423 1798 460 ho-

342 480 465 518 mines
484 481 565 519 istis
587 483 807 533 iniquiores,
827 490 893 520 aut
914 481 1186 520 violentiores?

401 543 461 580 19.
492 543 628 594 Neque
649 558 736 583 vero
762 545 837 582 hoc
859 545 983 582 solum
1005 543 1292 590 commiserunt,
1319 544 1494 591 Judices,
1519 544 1589 583 sed
1610 557 1697 583 cum
1717 545 1797 582 Bu-

343 603 475 641 selidae
496 618 628 643 omnes
656 619 858 644 commune
885 612 1174 643 monumentum
1197 604 1549 657 habeant,—idque
1569 618 1797 644 monumen·
1833 643 1837 653 ,

340 670 422 702 tum
455 665 724 703 Buselidarum
756 666 985 713 nominetur,
1013 665 1183 716 amplum
1218 664 1381 716 spatium
1409 666 1721 718 circumseptum,
1753 673 1798 704 ut

340 726 483 776 antiqui
505 727 747 773 solebant—‚
767 726 805 764 in
827 740 873 764 eo
896 732 1158 771 monumento,
1179 726 1309 764 caeteri
1334 739 1469 765 omnes
1495 727 1567 765 orti
1598 740 1620 765 a
1651 727 1797 766 Buselo

339 787 401 824 siti
421 794 523 834 sunt,
546 787 737 839 Hagnias,
760 788 992 834 Eubulides‚
1015 788 1187 834 Polemo,
1204 795 1243 827 et
1261 788 1397 839 reliqui
1418 801 1551 827 omnes
1570 794 1680 827 tanta
1698 789 1796 826 mul-

336 849 476 896 titudo,
497 850 663 888 universi
684 851 850 902 denique
880 851 953 889 orti
983 864 1006 889 a
1037 850 1182 888 Buselo
1209 850 1247 888 id
1273 857 1565 888 monumentum
1591 863 1796 889 commune

337 910 493 950 habent.
552 913 760 951 Macartati
780 920 906 951 autern
936 919 1047 964 pater
1076 913 1325 964 ejusdemque
1347 926 1441 950 avus
1469 925 1515 950 eo
1545 919 1796 951 monumento

336 974 396 1011 usi
415 988 493 1012 non
515 982 617 1020 sunt,
641 975 710 1013 sed
730 975 802 1026 ipsi
822 975 996 1026 privatim
1018 975 1089 1012 sibi
1108 981 1401 1012 monumentum
1420 974 1596 1012 fecerunt
1613 975 1749 1026 procul
1772 989 1795 1013 a

336 1034 609 1074 Buselidarum
630 1044 893 1075 monumento.
925 1036 1035 1073 Num
1054 1035 1231 1074 videntur
1249 1036 1372 1081 vobis,
1394 1035 1568 1082 Judices,
1588 1036 1792 1087 quicquam

335 1096 383 1133 ad
406 1096 570 1148 Hagniae
590 1098 772 1136 familiam
794 1097 973 1143 attinere,
1002 1097 1075 1136 nisi
1096 1105 1289 1148 quatenus
1310 1110 1356 1136 ea
1375 1110 1464 1148 quae
1490 1096 1583 1144 nihil
1613 1097 1663 1135 ad
1688 1098 1795 1148 ipsos

333 1158 498 1197 attinent
528 1159 662 1211 erepta
693 1160 960 1212 occuparunt?
991 1160 1069 1198 Sed
1101 1167 1227 1197 utrum
1257 1160 1422 1198 intereat
1449 1159 1616 1210 Hagniae
1636 1159 1793 1206 familia,

334 1226 373 1257 et
407 1220 611 1259 Eubulidae
639 1222 805 1272 Hagniae
830 1222 1030 1274 patruelis,
1055 1235 1188 1260 eorum
1213 1221 1325 1259 etiam
1356 1220 1510 1259 nomine
1530 1220 1687 1268 abolito,
1708 1221 1793 1273 ejus

332 1281 384 1319 rei
400 1296 493 1321 cura
512 1297 583 1322 nec
603 1284 761 1322 minima
780 1285 855 1322 illis
875 1298 1045 1336 unquam
1064 1284 1147 1322 fuit.

387 1345 450 1381 20.
483 1344 571 1396 Ego
605 1348 747 1393 autem,
777 1346 803 1384 J
807 1346 952 1393 udices,
981 1345 1148 1397 opitulor
1186 1345 1377 1396 equidem,
1413 1352 1599 1396 quantum
1631 1357 1792 1397 possum

330 1405 511 1452 maxime,
532 1406 727 1444 defunctis
747 1406 820 1445 illis
840 1420 849 1445 ε
881 1407 950 1445 sed
970 1419 1048 1444 non
1076 1406 1233 1445 omnino
1263 1407 1375 1445 facile
1396 1414 1455 1445 est
1470 1406 1580 1444 istius
1600 1407 1792 1458 apparati-

329 1466 403 1503 bus
423 1467 630 1506 adversari.
668 1469 796 1507 Trado
811 1469 939 1520 igitur,
958 1469 982 1507 J
987 1469 1133 1515 udices,
1153 1468 1260 1506 vobis
1279 1469 1386 1507 hunc
1404 1481 1565 1521 puerum
1579 1468 1634 1506 ita
1652 1481 1792 1507 curan-

329 1526 436 1572 dum,
453 1534 496 1566 ut
514 1530 624 1568 vobis
644 1531 906 1580 aequissimum
926 1530 1131 1569 videbitur.
1165 1531 1241 1568 Hie
1255 1530 1464 1582 adoptatus
1480 1530 1589 1568 estin
1605 1530 1790 1568 familiam

330 1589 548 1636 Eubulidae,
579 1598 616 1630 et
651 1592 895 1631 introductus
929 1593 979 1630 ad
1012 1593 1176 1631 curiales
1208 1606 1288 1631 non
1319 1606 1438 1639 meos,
1467 1593 1536 1631 sed
1568 1593 1788 1640 Eubulidae,

329 1652 510 1704 Hagniae,
547 1660 587 1692 et
620 1654 839 1694 Macartati.
897 1655 962 1699 Et,
998 1667 1087 1692 cum
1122 1654 1446 1706 introduceretur,
1467 1654 1599 1693 caeteri
1627 1655 1789 1693 curiales

325 1714 425 1752 clam
458 1715 642 1767 suffragia
672 1717 847 1755 ferebant
865 1730 874 1755 ε
905 1717 1147 1755 Macartatus
1179 1722 1308 1755 autem
1336 1722 1470 1768 aperto
1502 1716 1686 1768 susti-agio
1721 1717 1790 1756 de-

326 1778 509 1815 cernebat
526 1785 632 1816 recte
651 1778 847 1817 introduci
865 1778 987 1816 filium
1005 1778 1213 1816 Eubulidae
1233 1791 1395 1829 puerum
1415 1778 1534 1824 hunc,
1561 1791 1648 1816 cum
1677 1778 1787 1817 victi-

324 1850 426 1876 mam
446 1846 606 1889 tangere
626 1839 760 1886 nollet,
782 1847 850 1878 aut
876 1840 925 1877 ab
957 1852 1023 1878 ara
1051 1840 1244 1878 abducere
1275 1853 1394 1891 seque
1419 1838 1631 1878 reddendae
1649 1841 1787 1879 rationi

323 1901 486 1938 reddere
505 1901 729 1949 obnoxium,
751 1902 821 1940 sed
842 1908 880 1941 et
900 1908 1010 1953 parte
1031 1902 1200 1940 carnium
1223 1914 1246 1939 a
1264 1914 1383 1952 puero
1401 1902 1476 1940 hoc
1495 1909 1670 1954 accepta,
1685 1909 1729 1941 ut
1748 1909 1788 1941 et

324 1961 388 2000 alii
408 1962 587 2010 curiales,
608 1963 714 2001 abiit.
772 1964 999 2002 Existimate
1031 1963 1160 2014 igitur,
1190 1963 1365 2010 Judices,
1385 1977 1547 2015 puerum
1571 1964 1676 2003 hunc
1696 1971 1785 2003 ante

322 2037 392 2062 vos
406 2025 536 2075 jacere
558 2025 771 2076 supplicem
790 2039 859 2077 pro
880 2025 1073 2064 defunctis
1102 2026 1257 2076 Hagnia
1279 2032 1318 2064 et
1344 2025 1536 2064 Eubulide
1565 2033 1604 2064 et
1635 2027 1785 2065 caeteris

324 2087 372 2124 ab
395 2086 553 2137 Hagnia
581 2087 767 2133 oriundis,
787 2093 904 2138 atque
924 2087 1010 2126 illos
1029 2088 1134 2138 ipsos
1155 2088 1264 2126 vobis
1284 2087 1519 2138 supplicare,
1539 2088 1715 2136 Judices,
1734 2103 1784 2128 ne

323 2161 395 2186 sua
413 2149 557 2187 familia
577 2150 843 2201 exstinguatur
862 2151 909 2187 ab
929 2149 1159 2189 immanibus
1176 2149 1260 2188 istis
1280 2149 1434 2197 belluis,
1452 2163 1539 2201 quae
1558 2163 1645 2188 cum
1663 2151 1741 2190 sint
1762 2165 1783 2189 e

321 2211 515 2249 Stratiana
532 2211 690 2259 familia,
723 2225 770 2250 ex
797 2212 1008 2263 Hagniana
1036 2213 1196 2250 fuerunt
1214 2224 1438 2263 nunquam:
1467 2225 1592 2263 neque
1623 2212 1782 2264 permit-

321 2271 412 2310 tatis
432 2272 516 2310 istis
535 2279 665 2311 tenere
686 2274 822 2320 aliena,
845 2274 913 2312 sed
934 2287 980 2312 ea
1003 2273 1206 2312 restituere
1218 2274 1374 2325 'cogatis
1395 2273 1432 2311 in
1454 2273 1703 2325 Hagnianam
1723 2275 1782 2313 sa-

321 2334 464 2371 miliam
486 2335 660 2385 cognatis
690 2335 875 2386 Hagniae.
934 2336 1019 2386 Ego
1038 2335 1153 2387 igitur
1177 2344 1215 2373 et
1233 2335 1308 2373 illis
1328 2335 1494 2386 opitulor
1512 2334 1722 2381 defunctis,
1743 2342 1784 2374 et

320 2394 470 2446 legibus
489 2395 594 2434 hisce
615 2397 663 2434 de
689 2398 804 2434 rebus
834 2396 939 2435 latis.
995 2397 1076 2435 Vos
1097 2404 1227 2435 autem
1247 2410 1327 2444 0r0,
1355 2397 1529 2443 Judices,
1551 2398 1724 2444 obsecro,
1742 2405 1784 2437 et

320 2459 506 2510 obtestor,
526 2473 574 2497 ne
594 2460 655 2498 vel
676 2473 796 2511 puero
814 2460 906 2498 huic
926 2460 1103 2498 insultari
1123 2460 1321 2511 patiamini
1340 2461 1388 2498 ab
1407 2459 1504 2507 istis,
1524 2460 1586 2498 vel
1615 2460 1779 2512 majores

320 2521 403 2572 ejus
423 2522 546 2573 magis
567 2523 681 2561 etiam
702 2522 861 2573 despici,
882 2522 947 2573 qui
968 2536 1071 2561 nunc
1097 2523 1309 2575 contempti
1329 2530 1454 2569 erunt,
1473 2523 1504 2561 si
1522 2523 1583 2561 isti
1603 2524 1780 2562 obtinue-

320 2583 396 2621 rint
414 2597 502 2634 quae
521 2584 682 2628 volunt3
714 2585 780 2622 sed
802 2584 911 2635 leges
931 2585 1103 2632 tuemini,
1125 2592 1163 2623 et
1183 2585 1391 2625 defunctos
1404 2592 1556 2632 curate,
1577 2598 1626 2623 ne
1645 2597 1778 2623 eorum

320 2644 465 2683 familia
491 2646 781 2698 exstinguatur:
814 2660 915 2698 quae,
949 2647 978 2684 si
1010 2647 1187 2695 feceritis,
1208 2653 1246 2686 et
1273 2661 1360 2699 quae
1384 2660 1496 2699 aequa
1521 2653 1624 2695 sunt,
1643 2653 1683 2685 et
1708 2659 1779 2698 pro

319 2714 448 2746 vestra
464 2708 556 2756 fide,
575 2715 615 2747 et
632 2708 739 2747 vobis
761 2708 853 2760 ipsis
873 2708 981 2747 utilia
1000 2709 1228 2748 decernetis.
