1915 3356
673 175 730 212 IN
763 172 1219 212 CTESIPHONTEM.
1602 174 1672 209 101

205 281 243 317 in
265 279 397 317 urbem
418 277 649 325 reduxisset,
669 278 802 330 primis
822 277 977 329 quidem
999 275 1238 326 temporibus
1259 274 1536 314 tremebundus
1561 274 1679 312 homo

206 341 290 387 fuit,
311 347 352 378 et
366 341 642 379 semimortuus
662 342 700 378 in
715 340 945 379 concionem
968 350 1196 389 progressus
1216 337 1428 388 postulavit
1446 344 1489 374 ut
1509 349 1550 374 se
1569 337 1678 387 pacis

206 403 411 441 custodem
441 405 635 443 crearetis.
680 404 760 441 Vos
792 409 919 440 autem
953 401 1061 438 initio
1091 413 1139 437 ne
1171 413 1312 437 nomen
1342 400 1499 450 quidem
1533 400 1678 437 Demo-

206 464 353 503 sthenis
391 465 557 503 decretis
591 464 760 503 adscribi
797 461 1038 514 permisistis,
1076 461 1145 499 sed
1177 461 1252 498 hoc
1286 463 1468 512 negotium
1500 460 1680 499 Nausicli

205 526 444 564 mandastis:
468 527 549 578 jam
566 538 656 564 vero
675 526 746 563 iste
762 524 874 562 etiam
891 535 1072 562 eoronam
1090 522 1161 561 sibi
1178 521 1309 559 deberi
1326 522 1539 560 contendit.
1571 522 1679 558 Mor-

206 594 274 625 tuo
300 587 442 625 deinde
460 587 652 638 Philippo,
674 594 714 624 et
741 585 964 624 Alexandro
993 585 1042 622 ad
1072 584 1182 635 regni
1211 584 1499 621 successionem
1528 590 1681 627 vocato,

207 662 358 687 rursum
373 649 447 686 iste
466 648 684 699 praestigias
703 654 742 686 et
772 655 950 698 portenta
981 646 1159 692 moliens,
1188 645 1333 683 sacella
1359 645 1550 681 exstruxit
1578 644 1681 681 Pau-

207 711 340 757 saniae,
372 718 412 748 et
439 716 616 747 senatum
644 709 683 747 in
713 709 981 760 gratulationis
1012 716 1051 747 et
1080 707 1259 746 sacrificii
1291 707 1335 743 ob
1364 707 1484 743 loetum
1516 707 1682 743 nuncium

207 771 300 809 facti
319 772 463 809 crimen
483 772 664 822 conjecit,
684 771 908 809 Alexandro
925 777 1056 808 autem
1089 769 1272 820 Margitae
1290 781 1509 819 cognomen
1529 767 1683 813 indidit,

208 845 403 884 aususque
416 841 476 872 est
487 833 690 879 affirmare,
704 846 900 884 nunquam
917 846 1005 870 eum
1021 846 1041 869 e
1056 830 1294 869 Macedonia
1312 830 1450 881 pedem
1468 828 1680 871 elaturum;

207 893 303 931 satis
318 907 408 932 vero
422 894 658 940 habiturum,
673 893 703 932 si
722 893 841 932 Pellae
857 893 1127 931 deambularet
1141 900 1182 930 et
1195 899 1285 929 exta
1301 891 1521 942 inspiceret.
1553 891 1683 940 Atque

208 955 295 993 haec
314 968 355 993 se
383 956 511 994 dicere
530 956 782 1007 praedicabat,
803 968 881 993 non
901 956 1129 1004 conjectura
1148 953 1320 999 ductum,
1342 952 1411 989 sed
1444 952 1550 1002 quod
1578 958 1684 989 certo

207 1016 337 1062 sciret,
356 1016 535 1055 virtutem
556 1030 633 1055 non
653 1017 726 1054 nisi
751 1016 940 1067 sanguine
958 1015 1190 1066 comparari,
1215 1015 1298 1065 ipse
1318 1014 1472 1065 penitus
1494 1014 1683 1064 sanguiue

210 1077 434 1123 destitutus,
468 1085 508 1116 et
535 1078 804 1116 Alexandrum
832 1091 912 1116 non
932 1091 980 1128 ex
1009 1077 1224 1115 Alexandri
1252 1075 1423 1126 ingenio,
1456 1075 1526 1113 sed
1547 1082 1685 1125 suapte

211 1138 368 1190 ignavia
401 1140 616 1178 dimensus.
673 1140 773 1178 Cum
805 1153 897 1178 vero
935 1139 1182 1177 censuissent
1210 1138 1292 1189 jam
1325 1137 1505 1175 Thessali
1539 1137 1686 1175 civitati

210 1207 354 1237 nostrae
372 1201 518 1238 bellum
539 1201 793 1247 inferendum,
823 1207 862 1239 et
883 1201 1041 1249 juvenis
1063 1199 1263 1250 principio,
1284 1211 1411 1250 neque
1431 1199 1583 1250 injuria,
1602 1198 1684 1236 irri-

210 1268 315 1299 tatus
335 1269 452 1308 esset,
471 1276 639 1313 cumque
655 1269 786 1300 castra
797 1262 881 1313 jam
901 1262 952 1299 ad
973 1262 1131 1299 Thebas
1151 1261 1468 1306 admoverentur,
1489 1261 1644 1311 legatus
1665 1273 1688 1298 a

212 1323 320 1362 vobis
341 1323 516 1362 delectus
548 1324 806 1361 Demosthenes
826 1330 978 1374 arrepta
997 1323 1092 1373 fuga
1111 1336 1132 1360 e
1165 1323 1294 1360 medio
1315 1322 1539 1360 Cithaerone
1559 1335 1687 1359 rever-

211 1398 276 1423 sus
295 1392 369 1431 est,
390 1398 517 1435 neque
537 1385 575 1422 iu
595 1398 694 1436 pace
715 1398 842 1435 neque
856 1385 894 1422 in
910 1384 1012 1422 bello
1030 1384 1161 1421 utilem
1179 1397 1221 1421 se
1240 1384 1364 1421 civem
1385 1384 1475 1433 reip.
1491 1384 1685 1434 praebens.

213 1446 265 1484 Et
284 1448 387 1498 quod
407 1454 468 1485 est
487 1447 657 1485 omnium
679 1447 986 1492 acerbissimum,
1008 1459 1078 1483 vos
1097 1458 1186 1483 eum
1206 1458 1286 1483 non
1300 1445 1539 1496 prodidistis,
1560 1459 1687 1495 neque

214 1509 254 1547 in
267 1508 461 1560 judicium
483 1521 612 1548 coram
643 1509 805 1548 consilio
827 1509 1055 1546 Graecorum
1076 1507 1219 1545 adduci
1239 1506 1489 1557 permisistis:
1521 1507 1585 1545 ille
1618 1521 1686 1545 au-

214 1579 290 1609 tem
311 1583 379 1609 vos
393 1574 474 1619 jam
494 1571 611 1622 plane
633 1568 818 1621 prodidit,
845 1570 878 1607 si
905 1569 1063 1621 quidem
1082 1581 1175 1607 vera
1196 1575 1288 1605 sunt
1303 1581 1390 1618 quae
1410 1567 1603 1606 dicuntur.

268 1633 335 1670 51.
366 1632 424 1671 Ut
441 1632 543 1670 enim
564 1633 672 1671 aiunt
687 1631 822 1683 paralii
844 1631 944 1682 iique.
957 1631 1022 1682 qui
1042 1631 1160 1681 legati
1181 1630 1230 1668 ad
1246 1630 1513 1668 Alexandrum
1529 1631 1691 1681 profecti

212 1700 398 1732 sunt—et
414 1694 467 1731 rei
483 1694 618 1732 merito
639 1707 733 1731 sane
756 1694 962 1732 adhibetur
976 1693 1142 1739 fides—-,
1156 1699 1217 1730 est
1232 1691 1405 1729 Aristion
1425 1693 1581 1742 quidam
1597 1693 1688 1731 Pla-

213 1757 356 1801 taicus,
394 1755 609 1794 Aristobuli
644 1755 971 1807 pharmacopolae,
1004 1754 1035 1792 si
1065 1754 1151 1805 quis
1182 1754 1279 1792 forte
1300 1762 1469 1792 vestrum
1499 1756 1690 1805 cognorit,

214 1818 329 1855 filius.
375 1818 414 1855 Is
446 1817 656 1869 aliquando
690 1817 935 1864 adolescens,
964 1830 1054 1855 cum
1084 1817 1164 1854 suis
1194 1816 1411 1866 aequalibus
1436 1816 1561 1855 forma
1590 1830 1690 1868 prm-

215 1886 348 1926 staret,
369 1879 433 1916 diu
455 1879 495 1916 in
517 1879 790 1917 Demosthenis
810 1879 926 1918 domo
945 1878 1238 1917 diversabatur:
1268 1878 1360 1928 quid
1378 1891 1472 1916 vero
1500 1887 1566 1917 aut
1584 1879 1690 1917 fece-

214 1941 264 1978 rit
282 1947 350 1978 aut
363 1953 502 1991 passus
519 1941 581 1985 sit,
602 1953 689 1978 cum
707 1940 868 1978 dubium
889 1947 1006 1990 atque
1025 1940 1214 1978 incertum
1237 1939 1299 1985 sit,
1321 1947 1401 1977 tum
1423 1953 1483 1978 res
1509 1940 1604 1978 mihi
1622 1954 1691 1979 ne-

214 2014 410 2053 quaquam
429 2001 538 2040 dictu
559 2009 618 2040 est
636 2002 813 2040 honesta.
871 2001 946 2039 Hic
968 2002 1098 2052 igitur,
1117 2008 1161 2039 ut
1182 2014 1255 2052 ego
1277 2001 1407 2047 audio,
1427 2015 1517 2039 cum
1537 2009 1577 2040 et
1603 2003 1690 2053 quis

217 2070 322 2102 esset
348 2070 389 2102 et
416 2063 614 2114 quomodo
641 2070 756 2101 antea
781 2063 919 2101 vixerit
951 2063 1095 2101 nemini
1121 2071 1228 2101 esset
1255 2070 1511 2114 compertum,
1537 2064 1577 2101 in
1601 2065 1690 2103 Ale-

217 2125 356 2164 xandri
376 2125 540 2176 gratiam
556 2125 745 2177 subrepit,
766 2131 806 2163 et
824 2138 913 2163 eum
932 2137 978 2162 eo
997 2125 1236 2163 familiariter
1264 2131 1452 2162 versatur.
1488 2124 1564 2162 Per
1586 2125 1690 2164 hunc

218 2187 508 2226 Demosthenes
530 2187 656 2226 missis
677 2186 728 2225 ad
748 2186 1016 2225 Alexandrum
1036 2186 1170 2234 literis,
1192 2186 1339 2238 aliquid
1358 2187 1517 2224 tandem
1552 2187 1694 2225 securi-

217 2249 309 2287 tatis
337 2256 476 2287 nactus
506 2256 567 2287 est
597 2256 638 2287 et
669 2249 803 2300 gratiae
832 2247 1201 2295 reconciliationem,
1227 2248 1436 2299 multisque
1464 2262 1552 2286 eum
1581 2249 1694 2287 blan-

217 2312 323 2350 ditiis
344 2311 584 2350 demulcivit.
642 2311 740 2349 Inde
759 2317 890 2349 autem
911 2316 1099 2361 spectate,
1129 2323 1247 2362 quam
1268 2310 1381 2349 valde
1400 2323 1462 2348 res
1489 2310 1539 2348 sit
1567 2310 1694 2348 crimi-

219 2372 368 2412 nationi
388 2378 667 2411 consentanea.

273 2437 342 2473 52.
373 2434 474 2472 Nam
495 2434 527 2472 si
558 2433 652 2484 quid
671 2432 807 2471 horum
829 2445 959 2471 revera
988 2433 1149 2471 sentiret
1169 2433 1476 2478 Demosthenes,
1499 2433 1531 2471 si
1562 2433 1695 2471 hostili

219 2497 259 2535 in
279 2495 561 2542 Alexandrum,
575 2494 630 2533 uti
642 2494 782 2546 jactat,
803 2501 907 2533 esset
935 2493 1078 2540 animo,
1097 2494 1171 2532 tria
1189 2495 1224 2532 ei
1245 2494 1502 2546 pulcherrima
1520 2500 1697 2545 tempora

221 2557 354 2597 oblata
374 2563 477 2604 sunt,
496 2569 660 2607 quorum
690 2555 797 2594 nullo
825 2562 868 2593 ut
892 2555 1043 2593 videtur
1074 2569 1249 2607 unquam
1270 2564 1330 2594 est
1363 2569 1471 2594 usuS.
1520 2555 1693 2593 Primum
1732 2606 1736 2608 Y

222 2632 312 2658 cum
340 2619 381 2657 in
399 2631 523 2669 regno
553 2630 633 2656 non
668 2616 722 2656 ita
749 2617 899 2669 pridem
931 2617 1166 2655 constitutus
1193 2617 1432 2664 Alexander,
1465 2617 1544 2655 suis
1578 2619 1693 2656 rebus

223 2680 399 2718 nondum
417 2680 512 2718 satis
533 2679 774 2733 compositis,
794 2679 832 2716 in
852 2679 986 2717 Asiam
1005 2678 1213 2722 transiret3
1246 2679 1454 2717 Persarum
1476 2686 1605 2717 autem
1631 2693 1697 2717 rex

224 2741 364 2787 classe,
385 2740 564 2792 pecunia,
590 2740 765 2791 peditatu
785 2740 952 2786 floreret,
973 2739 1214 2790 libenterque
1234 2753 1302 2778 vos
1323 2740 1360 2777 in
1382 2739 1607 2778 societatem
1636 2754 1696 2778 re-

225 2803 396 2855 cepisset
407 2809 564 2853 propter
582 2815 629 2841 ea
648 2815 737 2852 quae
757 2801 828 2840 sibi
848 2801 921 2852 ipsi
941 2801 1174 2852 ingruebant
1193 2800 1379 2852 pericula.
1420 2801 1524 2838 Num
1548 2808 1589 2838 tu
1611 2814 1696 2839 ora-

225 2866 370 2904 tionem
398 2871 492 2903 tunc
519 2878 638 2903 unam
658 2863 842 2910 habuisti,
865 2863 1166 2908 Demosthenes,
1198 2863 1364 2902 ullumve
1384 2863 1583 2901 decretum
1603 2877 1696 2902 con·

229 2926 448 2980 scripsisti?
476 2927 546 2966 Vis
580 2940 722 2979 ponam
752 2926 934 2966 metuisse
964 2932 1001 2965 te
1021 2931 1167 2976 tuoque
1193 2925 1349 2976 ingenio
1381 2924 1699 2964 obsecundasse?
