1981 3356
669 210 775 247 PRO
808 210 1165 251 PHORMIONE.
1569 218 1641 254 551

185 323 274 353 cum
293 311 436 351 habere
453 312 570 350 istum
591 325 708 363 quam
729 319 935 363 propterea
951 312 1128 351 inimicus
1149 326 1237 353 esse
1258 314 1405 362 mallet,
1422 318 1593 369 acceptis
1613 318 1652 355 in

186 373 407 412 universum
429 374 632 426 quinquies
652 374 754 412 mille
774 373 981 421 drachmis,
1009 387 1098 413 cum
1125 375 1230 414 hunc
1252 376 1357 414 omni
1377 378 1535 417 crimine
1555 379 1650 417 libe-

185 436 337 482 raverit,
355 437 573 479 secundum
594 436 631 473 in
653 436 840 475 Minervae
860 436 987 475 aedem
1007 437 1222 488 ingressus,
1241 451 1410 485 rursum,
1430 447 1473 478 ut
1500 441 1653 487 videtis,

185 497 292 540 litem
323 506 468 544 movet,
498 498 679 538 omnibus
712 499 882 550 querelis
908 500 1150 539 concinnatis
1171 508 1211 538 et
1229 501 1451 540 criminibus
1476 504 1523 541 ab
1547 503 1651 542 omni

184 560 384 611 superiore
406 567 581 612 tempore
601 561 854 607 coacervatis,
875 560 920 599 iis
949 562 1227 613 etiam—quod
1248 570 1309 601 est
1331 563 1501 601 omnium
1528 565 1653 603 maxi-

183 634 358 670 mum—,
377 636 466 674 quae
484 622 539 660 illi
559 636 758 673 nunquam
777 624 984 672 objecerat.
1032 625 1086 662 Ut
1103 625 1220 677 igitur
1239 625 1322 663 haec
1344 638 1367 663 a
1385 639 1446 664 me
1467 639 1555 664 vere
1576 627 1651 666 dici

181 691 348 732 constet,
368 698 467 737 cape
495 685 760 736 cognitionem
787 685 826 723 in
861 699 948 724 arce
968 686 1127 735 factam,
1160 694 1200 725 et
1232 687 1495 726 testimonium
1515 701 1649 727 eorum

182 747 248 798 qui
269 747 476 795 affuerunt,
496 760 584 786 cum
607 747 887 798 Apollodorus,
908 749 1114 799 pecuniam
1142 749 1347 800 accipiens,
1376 749 1650 789 Phormionem

183 812 360 850 omnibus
379 809 603 850 criminibus
622 809 815 849 liberaret.

547 957 830 997 COGNITIO.
889 956 1294 996 TESTIMONIUM.

179 1054 335 1092 Auditis
366 1053 643 1104 cognitionem,
674 1053 696 1090 J
703 1053 849 1098 udices,
882 1065 905 1090 a
931 1052 1047 1090 Dinia
1072 1053 1231 1099 factam,
1270 1054 1382 1105 cujus
1417 1053 1491 1092 iste
1528 1053 1645 1091 filiam

178 1116 312 1161 habet,
333 1122 373 1154 et
391 1128 414 1153 a
436 1115 551 1153 Nicia
570 1115 633 1152 cui
660 1127 769 1152 soror
799 1115 929 1152 uxoris
957 1117 1039 1162 ejus
1068 1122 1190 1166 nupta
1209 1122 1279 1153 est.
1338 1115 1411 1162 His
1443 1115 1559 1166 igitur
1582 1129 1645 1153 ac-

176 1179 297 1229 ceptis
323 1176 605 1227 transactisque
626 1176 740 1213 rebus
768 1175 961 1221 omnibus,
982 1182 1166 1226 tanquam
1189 1183 1256 1214 aut
1276 1176 1315 1213 hi
1337 1189 1472 1214 omnes
1506 1177 1647 1214 mortui

175 1245 308 1281 essent
327 1245 396 1278 aut
412 1251 547 1277 verum
566 1237 604 1274 in
624 1237 751 1275 lucem
770 1237 930 1288 proferri
949 1250 1027 1274 non
1047 1244 1192 1288 posset,
1209 1237 1362 1276 actione
1382 1244 1440 1275 tot
1456 1237 1647 1275 talentum

176 1302 367 1349 instituta,
387 1301 427 1339 in
446 1299 638 1352 judicium
661 1299 792 1337 venire
813 1299 945 1337 audet.

228 1365 267 1402 6.
300 1364 361 1402 Ac
388 1376 477 1414 quae
508 1361 731 1400 Phormioni
762 1374 849 1399 cum
884 1361 1125 1412 Apollodoro
1157 1361 1316 1413 negotia
1346 1362 1651 1400 intercesserunt

175 1439 342 1478 quaeque
361 1418 466 1464 facta
484 1431 576 1463 sunt
594 1425 643 1462 ab
662 1423 769 1461 initio
791 1423 993 1461 audivistis
1014 1423 1155 1470 omnia,
1176 1424 1457 1462 Athenienses:
1489 1423 1650 1461 arbitror

175 1495 306 1532 autem
333 1487 615 1539 Apollodorum
635 1485 742 1537 quod
764 1485 866 1536 aequi
892 1485 1022 1523 dicere
1052 1485 1146 1523 nihil
1167 1486 1290 1538 possit
1316 1486 1363 1524 de
1384 1486 1537 1524 actione
1562 1498 1648 1531 sua,

174 1550 383 1593 allaturum
403 1562 489 1588 esse
514 1562 573 1595 ea,
594 1561 681 1599 quae
706 1554 746 1585 et
776 1546 881 1598 apud
916 1546 1099 1585 arbitrum
1130 1548 1243 1593 dixit,
1273 1561 1310 1585 m
1326 1548 1430 1587 atri
1461 1548 1519 1585 ab
1549 1547 1646 1585 hoc

174 1624 481 1664 persuasum
525 1617 579 1648 ut
610 1601 836 1648 'tabulas
880 1609 1133 1656 aboleret,
1162 1609 1358 1660 quibus
1404 1607 1646 1660 perditis

174 1687 270 1712 non
300 1673 487 1711 habere
524 1686 574 1711 se
611 1684 707 1721 quo
736 1679 884 1721 pacto
913 1683 1019 1708 eam
1049 1684 1147 1710 rem
1182 1678 1420 1722 oporteat
1455 1670 1647 1721 liquido

164 1750 357 1787 ,coargu
370 1736 394 1775 i.
452 1736 513 1774 De
534 1734 593 1772 his
613 1734 729 1785 igitur
755 1740 795 1770 et
814 1732 889 1771 hoc
910 1733 1068 1772 crimine
1088 1734 1216 1772 videte
1236 1745 1384 1783 quaeso,
1403 1733 1559 1783 quantis
1586 1746 1647 1771 ar-

172 1799 369 1851 gumentis
398 1797 575 1838 convinci
603 1794 798 1833 mendacii
829 1801 958 1845 queat.
1017 1794 1204 1841 Primum,
1236 1795 1509 1840 Athenienses,
1539 1795 1646 1845 quis-

171 1873 260 1899 nam
288 1860 563 1913 patrimonium
595 1857 798 1902 divideret,
832 1870 910 1894 non
943 1857 1116 1907 acceptis
1143 1857 1287 1895 tabulis
1318 1856 1423 1894 unde
1455 1862 1645 1907 quantum

169 1922 348 1961 relictum
367 1928 472 1961 esset
490 1918 778 1972 cognosceret?
823 1918 951 1956 Nemo
971 1931 1064 1956 sane
1089 1918 1286 1956 omnium:
1319 1925 1358 1956 at
1378 1917 1646 1969 duodeviginti

170 1985 261 2022 anni
291 1991 382 2023 sunt
404 1996 492 2022 cum
520 1980 698 2026 divisisti,
728 1993 853 2030 neque
888 1980 1095 2018 ostendere
1126 1981 1272 2032 poteris
1300 1993 1474 2031 unquam
1502 1994 1587 2018 esse
1609 1988 1646 2019 te

169 2053 427 2097 conquestum
446 2045 495 2083 de
515 2043 671 2082 tabulis.
714 2041 881 2088 Deinde,
903 2042 989 2092 quis
1010 2055 1102 2087 non,
1130 2055 1218 2079 cum
1239 2042 1412 2080 Pasicles
1433 2042 1490 2079 vir
1518 2042 1643 2080 factus

169 2116 293 2158 gestae
308 2108 441 2146 tutelae
455 2106 626 2145 rationes
647 2110 881 2155 reposceret,
900 2104 931 2142 si
947 2117 1014 2154 per
1035 2117 1076 2142 se
1097 2104 1290 2143 criminari
1305 2110 1466 2142 matrem
1482 2102 1530 2141 de
1551 2105 1644 2141 abo-

168 2169 246 2208 litis
265 2170 407 2208 tabulis
427 2182 507 2207 non
527 2174 631 2207 esset
650 2179 781 2213 ausus,
803 2166 837 2204 ei
863 2166 901 2204 id
920 2165 1146 2212 indicasset,
1167 2174 1210 2204 ut
1230 2179 1298 2217 per
1318 2179 1408 2203 eum
1433 2178 1495 2203 res
1513 2165 1643 2216 palam

169 2231 307 2269 fieret?
350 2231 544 2282 Denique,
574 2228 714 2281 quibus
754 2243 775 2268 e
809 2227 951 2266 tabulis
980 2227 1131 2278 judicia
1170 2227 1377 2266 dictabas?
1420 2227 1504 2266 Iste
1525 2227 1641 2273 enim,

169 2293 302 2331 multis
327 2293 468 2332 civium
500 2293 540 2330 in
567 2292 633 2343 jus
661 2290 826 2336 vocatis,
856 2302 1040 2340 magnam
1066 2291 1271 2341 pecuniam
1299 2290 1444 2341 exegit,
1468 2289 1641 2328 scribens

167 2356 205 2393 in
251 2355 479 2401 actionibus,
522 2354 749 2392 damnum
784 2352 908 2391 mihi
948 2351 1092 2390 dedit
1126 2352 1215 2390 ille
1249 2366 1343 2390 non
1378 2352 1642 2391 reddendo

169 2425 383 2470 argento,
423 2417 556 2469 quod
603 2417 790 2456 debere
829 2430 935 2454 eum
974 2422 1117 2468 pater
1155 2416 1270 2454 mihi
1314 2416 1545 2467 reliquit
1590 2416 1640 2452 in

167 2480 392 2519 tabulis:
431 2486 485 2528 at,
507 2480 539 2518 si
565 2479 722 2522 abolitae
755 2479 913 2517 fuerunt
940 2479 1098 2525 tabulae,
1117 2479 1258 2530 quibus
1290 2493 1311 2517 e
1331 2479 1474 2518 tabulis
1490 2478 1641 2530 judicia

167 2542 371 2581 dictabas?
414 2542 492 2581 Sed
514 2542 598 2580 haec
619 2554 642 2580 a
661 2555 722 2580 me
752 2555 841 2580 vere
868 2541 958 2587 dici,
988 2548 1072 2579 tum
1103 2555 1123 2580 e
1148 2541 1254 2580 faeta
1283 2541 1486 2587 divisione,
1515 2547 1595 2578 turn
1618 2553 1638 2576 c

166 2604 397 2647 testimoniis
415 2603 643 2643 audivistis:
675 2604 872 2642 actionum
893 2610 1020 2642 autem
1038 2603 1189 2642 illarum
1208 2604 1317 2642 vobis
1338 2603 1560 2642 testimonia
1580 2614 1639 2641 re-

167 2666 399 2706 citabuntur.
458 2666 566 2718 Cape
593 2666 829 2705 testimonia.

722 2802 1078 2842 TESTIMONIA.

170 2899 214 2936 In
250 2899 308 2937 his
337 2899 452 2952 igitur
485 2901 702 2941 actionibus
742 2901 929 2954 recepisse
972 2915 1012 2939 se
1053 2907 1236 2951 paternas
1267 2899 1417 2938 tabulas
1453 2905 1635 2938 testatur:
