1915 3356
641 179 700 216 IN
731 178 1185 217 CTESIPHONTEM.
1580 183 1629 218 73

162 280 277 320 cretis
296 281 398 318 enim
418 280 655 326 adscribunt,
676 283 941 321 coronandum
961 295 1046 320 esse
1068 283 1273 330 hominem,
1299 291 1504 335 postquam
1527 286 1627 335 gesti

156 343 409 392 >magistratus
437 344 605 380 rationes
626 344 848 382 reddiderit.
879 344 937 381 Ac
967 344 1102 381 civitas
1139 345 1298 394 quidem
1321 347 1402 396 pari
1422 346 1626 398 utrobique

161 403 299 454 injuria
319 404 506 447 afficitur3
537 417 627 442 nam
651 405 821 442 rationes
842 404 1055 442 referendae
1077 405 1257 444 laudibus
1283 414 1321 444 et
1350 407 1501 445 coronis
1527 422 1626 459 prae-

160 471 383 503 vertuntur:
413 467 445 504 is
467 473 595 504 autem
615 467 679 516 qui
711 466 910 504 decretum
930 466 1062 504 scribit
1083 466 1276 516 significat
1305 469 1559 515 auditoribus,
1585 483 1626 508 se

160 526 316 576 quidem
329 534 465 566 contra
484 529 592 578 leges
612 528 652 565 id
673 528 886 578 scripsisse,
904 528 1033 566 delicti
1050 535 1179 566 autem
1199 529 1326 579 ipsum
1341 531 1503 581 pudere.
1534 532 1627 570 Cte-

159 588 298 638 siphon
313 602 418 635 vero,
436 589 712 635 Athenienses,
733 596 772 627 et
786 590 912 640 legem
928 597 1193 640 transgressus
1208 603 1296 640 quae
1317 591 1366 628 ad
1382 593 1551 631 rationes
1566 607 1626 632 re-

159 649 302 688 laturos
321 651 500 701 pertinet,
521 664 699 702 eumque,
721 664 836 701 quem
856 652 973 689 modo
993 652 1101 690 vobis
1122 652 1296 702 exposui,
1317 660 1546 703 praetextum
1566 668 1624 693 re—

153 711 305 762 jiciens,
320 712 417 750 scito
426 712 543 763 jussit
557 713 878 759 Demosthenem,
895 714 1012 752 etiam
1027 720 1108 751 tum
1123 714 1397 764 magistratum
1412 723 1626 765 gerentem,

109 817 111 819 ι
156 772 382 824 priusquam
401 775 570 812 rationes
589 775 777 821 retulerit,
798 788 944 813 corona
963 775 1112 813 donari.

211 835 248 870 7.
278 834 405 872 Aliam
421 848 547 885 porro,
568 836 843 881 Athenienses,
865 836 1029 874 afferent
1041 830 1255 875 orationem
1277 837 1325 875 ab
1341 850 1388 875 ea
1402 850 1491 888 quae
1506 838 1624 876 modo

157 896 333 947 exposita
351 904 412 935 est
431 897 635 943 diversam,
658 899 689 936 si
708 899 799 950 quid
821 899 959 950 aliquis
980 890 1130 938 electus
1151 913 1198 937 ex
1216 899 1421 951 plebiscito
1441 907 1564 951 gerat,
1586 900 1626 938 id

157 970 235 994 non
250 957 516 1008 magistratum
534 973 633 1006 esse,
650 961 720 999 sed
736 961 974 999 curationem
991 961 1187 1011 quandam
1202 968 1241 1000 et
1254 961 1529 999 ministerium:
1544 975 1625 1000 ma-

159 1019 344 1069 gistratus
365 1028 492 1058 autem
513 1021 602 1060 illos
623 1034 708 1059 esse
729 1022 873 1067 dicent,
895 1036 992 1074 quos
1011 1023 1302 1061 Thesmothetae
1322 1024 1360 1061 in
1375 1023 1515 1062 Thesei
1534 1024 1626 1063 fano

157 1082 293 1118 sortito
326 1080 575 1128 distribuant,
607 1096 674 1121 eos
711 1084 817 1130 item,
849 1097 946 1135 quos
960 1085 1140 1136 ,populus
1171 1085 1210 1122 in
1243 1085 1408 1123 comitiis
1441 1085 1626 1137 suffragio

157 1154 289 1181 creare
308 1143 421 1187 solet,
454 1150 497 1181 ut
515 1145 781 1196 imperatores,
807 1154 850 1183 ut
871 1146 1043 1196 equitum
1063 1146 1286 1197 magistros,
1317 1154 1556 1198 caeterosque
1585 1147 1627 1185 id

158 1217 282 1254 genus
310 1205 577 1256 magistratus,
605 1207 754 1257 reliqua
780 1220 871 1245 vero
901 1208 1032 1246 omnia
1059 1209 1219 1259 negotia
1243 1221 1326 1246 esse
1360 1209 1555 1247 duntaxat
1579 1222 1626 1247 ex

156 1266 363 1315 plebiscito
384 1267 585 1306 mandata.
615 1268 700 1318 Ego
720 1281 811 1306 vero
837 1269 997 1306 istorum
1027 1270 1190 1307 orationi
1218 1269 1345 1321 legem
1365 1278 1533 1309 vestram
1555 1284 1626 1322 op-

155 1339 312 1377 ponam,
332 1341 448 1377 quam
476 1340 522 1365 eo
541 1329 705 1366 consilio
735 1330 892 1374 tulistis,
913 1337 956 1366 ut
986 1329 1210 1379 hujusmodi
1233 1338 1455 1368 commenta
1489 1332 1625 1382 praeci-

155 1388 329 1430 dantur„
358 1389 403 1425 In
430 1402 507 1438 qua
535 1390 678 1427 diserte
710 1390 895 1441 scriptum
927 1398 1008 1428 est:
1052 1391 1380 1441 Magistratus
1418 1394 1543 1444 inquit
1569 1394 1625 1432 le-

157 1449 320 1500 gislator
352 1451 433 1500 qui
465 1451 641 1502 populi
676 1451 911 1501 suffragio
944 1458 1189 1497 creantur,
1223 1466 1300 1491 uno
1337 1467 1470 1493 omnes
1507 1470 1626 1495 voca-

154 1512 247 1549 bulo
267 1512 506 1563 complexus,
527 1519 766 1563 cunctosque
787 1526 852 1551 eos
873 1514 1031 1551 edicens
1051 1528 1135 1552 esse
1150 1516 1414 1566 magistratus,
1435 1530 1532 1567 quos
1553 1532 1624 1570 po-

157 1573 272 1623 pulus
293 1573 477 1624 suffragio
493 1581 624 1612 creat:
655 1581 701 1612 et
737 1569 960 1625 p'ublicis
995 1576 1226 1627 operibus
1257 1578 1524 1628 praefectos
1549 1583 1624 1627 (est

153 1642 284 1673 autem
305 1635 610 1682 Demosthenes,
638 1643 791 1675 curator
813 1650 901 1675 cum
922 1644 1028 1674 esset
1047 1638 1166 1675 muris
1196 1638 1431 1686 reficiendis,
1452 1642 1624 1679 maximo

154 1698 361 1748 praefectus
394 1698 518 1748 operi)
550 1704 597 1735 et
629 1711 807 1745 omnes,
846 1706 1086 1749 quotquot
1120 1700 1308 1750 aliquid
1347 1703 1474 1752 quod
1513 1703 1622 1740 civi-

156 1759 275 1797 tatis
314 1759 377 1797 sit
415 1766 647 1797 tractant
686 1761 814 1798 ultra
863 1761 1070 1811 triginta
1119 1762 1237 1807 dies,
1276 1765 1621 1816 etquicunque

155 1820 483 1858 tribunalium
510 1822 836 1872 praefecturas
869 1823 1178 1873 susceperint
1207 1825 1356 1871 (omnes
1379 1832 1507 1863 autem
1527 1839 1621 1878 ope-

154 1882 257 1920 ribus
276 1882 453 1934 praefecti
473 1883 678 1921 tribunalis
697 1884 916 1934 suscipiunt
937 1884 1226 1935 praefecturam)
1243 1887 1405 1937 t—quid
1423 1887 1496 1925 hos
1509 1888 1625 1938 jubet

154 1944 312 1983 facere?
353 1944 444 1981 Non
465 1945 569 1982 obire
589 1945 843 1983 ministerium
872 1946 940 1983 sed
970 1946 1199 1996 magistratu
1225 1946 1338 1997 fungi
1358 1956 1563 1999 postquam
1584 1950 1622 1987 in

154 2007 238 2044 foro
257 2006 435 2057 judiciali
463 2007 665 2057 approbati
685 2007 775 2053 sint,
807 2006 998 2057 siquidem
1023 2021 1070 2045 ne
1093 2008 1118 2044 ii
1138 2007 1294 2058 quidem
1316 2010 1458 2060 quibus
1487 2011 1622 2049 sortito

154 2067 407 2118 magistratus
433 2068 639 2114 obvenere,
660 2068 732 2105 nisi
765 2069 928 2119 spectati
954 2068 1058 2119 prius
1085 2076 1125 2106 et
1152 2071 1355 2120 approbati
1381 2071 1471 2117 sint,
1499 2074 1622 2123 magi-

155 2135 318 2167 stratum
340 2135 502 2180 gerunt;
524 2129 640 2180 jubet
654 2129 770 2167 etiam
791 2142 875 2179 eos,
895 2130 1227 2180 quemadmodum
1249 2138 1288 2168 et
1301 2131 1397 2169 alios
1417 2133 1622 2183 magistra÷

155 2198 233 2237 tus,
255 2190 357 2242 apud
379 2191 546 2229 scribam
566 2198 606 2228 et
625 2191 911 2229 ratiociniorum
930 2191 1136 2242 praefectos
1160 2192 1198 2229 in
1219 2192 1371 2230 tabulas
1390 2192 1533 2232 referre
1562 2207 1622 2232 ra-

157 2252 294 2290 tiones.
323 2252 423 2290 Haec
437 2258 481 2290 ut
499 2265 522 2289 a
533 2265 595 2290 me
609 2265 698 2290 vere
715 2251 792 2290 dici
805 2259 974 2296 constet,
989 2253 1082 2303 ipsae
1097 2252 1204 2290 vobis
1221 2253 1327 2304 leges
1343 2255 1621 2294 recitabuntur.

792 2389 980 2430 LEGES.

209 2489 246 2527 8.
281 2488 382 2526 Cum
403 2487 535 2539 igitur,
555 2487 827 2531 Athenienses,
841 2500 940 2539 quos
957 2487 1160 2539 legislator
1175 2491 1424 2540 magistratus
1439 2491 1621 2541 appellat,

155 2549 218 2587 isti
243 2550 405 2602 negotia
423 2556 463 2587 et
483 2549 701 2588 curationes
731 2549 980 2594 nominarint,
1014 2556 1185 2588 vestrum
1204 2557 1262 2588 est
1292 2551 1393 2588 hanc
1412 2551 1539 2601 legem
1566 2566 1624 2590 re-

155 2611 312 2650 cordari
331 2617 371 2650 et
388 2624 520 2650 eorum
541 2624 737 2663 opponere
756 2611 1018 2662 impudentiae,
1039 2611 1233 2662 subjicere
1253 2612 1307 2649 eis
1328 2612 1507 2662 denique,
1528 2625 1623 2651 neu-

155 2672 304 2723 tiquam
331 2672 442 2711 vobis
463 2680 665 2724 acceptum
696 2673 776 2711 fore
804 2672 1041 2711 malitiosum
1068 2673 1346 2719 cavillatorem,
1378 2673 1444 2724 qui
1472 2687 1513 2711 se
1539 2687 1623 2712 ver-

155 2734 294 2772 borum
315 2733 559 2785 captionibus
591 2734 698 2785 leges
726 2747 947 2772 eversurum
969 2740 1093 2785 putet,
1123 2734 1192 2772 sed
1215 2747 1291 2784 quo
1311 2734 1470 2785 quisque
1491 2734 1625 2786 lingua

156 2794 290 2832 melior
315 2794 366 2832 sit
384 2795 450 2844 qui
469 2795 620 2846 legibus
652 2795 844 2833 contraria
872 2794 1016 2839 scribit,
1037 2807 1082 2832 eo
1111 2794 1327 2845 graviorem
1347 2798 1514 2832 vestram
1536 2809 1623 2834 sen—

158 2869 291 2894 surum
311 2855 565 2894 iracundiam.
614 2856 779 2908 Oportet
798 2857 914 2900 enim,
936 2855 1215 2910 Athenienses,
1243 2856 1345 2893 idem
1367 2856 1473 2907 loqui
1498 2856 1623 2908 legem

158 2923 198 2955 et
215 2923 430 2959 oratorem;
462 2917 528 2954 ubi
543 2931 634 2956 vero
655 2918 769 2956 aliam
790 2929 926 2954 vocem
946 2917 1022 2960 lex,
1043 2917 1156 2954 aliam
1178 2923 1307 2954 orator
1327 2917 1465 2962 mittat,
1487 2931 1622 2956 secun-

851 2979 874 3002 *
910 2991 929 3014 L
