1948 3306
365 207 443 244 640
846 206 903 244 ΙΝ
936 206 1277 245 STEPHANUM
1311 209 1339 245 Ι.

362 315 481 356 ceret‚
502 308 615 347 istum
635 309 778 349 sedisse
805 317 844 349 et
875 311 1075 363 praefuisse
1106 324 1266 349 mensae.
1324 311 1453 355 Quare
1484 310 1523 349 in
1550 310 1707 363 pistrino
1733 323 1820 350 eum

362 371 508 409 molere
529 372 655 423 potius
676 372 819 418 decuit,
839 386 955 424 quam
976 372 1129 424 reliquis
1150 373 1275 424 potiri.
1319 373 1396 412 Sed
1417 372 1553 411 omitto
1573 373 1670 421 haec,
1689 379 1727 411 et
1746 373 1822 412 alia

362 445 451 483 quae
470 433 518 471 de
538 434 715 472 undecim
735 435 886 472 talentis
908 435 1033 472 dicere
1054 447 1221 485 possem,
1238 435 1339 473 unde
1355 441 1654 487 cognosceretur
1670 443 1821 486 patrem

361 507 409 532 ea
436 508 515 533 non
547 495 742 542 debuisse,
763 496 832 534 sed
858 496 973 534 istum
1001 497 1237 547 surripuisse.
1298 497 1374 535 Sed
1406 510 1484 548 qua
1509 496 1631 548 gratia
1659 497 1751 549 legi,
1781 502 1823 535 ut

361 557 606 596 ostenderem
642 565 919 596 testamentum
959 570 1046 596 esse
1082 558 1232 606 falsum,
1262 558 1301 596 id
1326 559 1434 597 vobis
1464 559 1636 610 redigam
1668 558 1708 596 in
1740 571 1820 596 me-

362 619 539 658 moriam.

419 682 480 719 10.
513 681 709 734 Scriptum
740 689 801 720 est
835 682 989 729 ibidem,
1026 695 1127 720 non
1165 682 1338 721 licere
1381 682 1699 720 Phormioni
1749 695 1821 720 ar-

361 743 654 794 gentariam
685 744 878 788 facere,
912 743 1016 781 nisi
1050 744 1099 781 id
1139 757 1160 782 a
1198 745 1352 782 nobis
1391 743 1693 795 impetrarit.
1734 743 1820 781 Hoc

358 803 475 856 igitur
503 804 689 856 scriptum
719 805 866 844 indicat
897 812 1169 844 testamentum
1203 807 1357 858 penitus
1392 821 1478 845 esse
1513 807 1664 845 falsum.
1724 806 1820 850 Quis

357 865 457 904 enim
476 867 709 915 mortalium,
730 881 818 918 quae
838 868 910 906 iste
932 868 1111 906 faciendo
1131 869 1390 919 argentariam
1412 869 1636 920 quaesiturus
1658 875 1753 914 erat,
1774 882 1821 907 ea

358 934 402 966 ut
431 928 541 966 nobis
571 929 672 974 filiis,
694 943 773 968 non
805 929 879 974 isti,
901 930 1171 975 tribuerentur,
1192 930 1388 969 cavisset?
1428 930 1713 982 Proptereaque
1743 944 1820 969 non

356 989 473 1028 licere
492 989 554 1027 isti
580 990 708 1028 facere
730 989 984 1040 argentariam
1007 991 1242 1041 scripsisset,
1262 1004 1309 1029 ne
1337 1004 1360 1029 a
1386 991 1498 1029 nobis
1519 1004 1559 1029 se
1582 999 1819 1031 removeret:

356 1049 445 1102 quae
473 1063 566 1089 vero
596 1051 678 1103 ipse
705 1058 814 1103 parta
839 1051 942 1090 intus
969 1052 1200 1102 reliquisset,
1219 1066 1265 1091 ea
1283 1059 1328 1091 ut
1346 1052 1416 1091 iste
1437 1059 1607 1104 caperet,
1631 1053 1819 1091 confecis-

356 1113 445 1152 set?
486 1112 560 1161 Cui
580 1119 772 1164 quaestum
793 1113 1006 1161 invidisset,
1027 1114 1171 1166 deaquo
1193 1114 1337 1166 aliquid
1361 1114 1544 1167 impartiri
1572 1114 1681 1152 nulla
1699 1114 1820 1166 turpi-

356 1175 452 1214 tudo
470 1175 621 1222 fuisset,
643 1176 677 1213 ei
697 1189 855 1214 uxorem
885 1175 1069 1224 dedisset,
1100 1189 1177 1227 quo
1198 1176 1413 1228 relinquere
1431 1175 1582 1214 nullum
1608 1175 1731 1227 majus
1752 1176 1821 1215 de-

355 1237 477 1275 decus
510 1237 711 1289 potuisset‚
732 1246 936 1289 postquam
955 1245 1086 1276 vestro
1119 1238 1307 1277 beneficio
1338 1238 1412 1276 fuit
1441 1237 1628 1276 ornatus?
1671 1238 1820 1277 Tamen

353 1305 539 1351 tanquam
570 1313 701 1349 servus
721 1300 877 1339 domino
911 1300 1032 1347 daret,
1054 1314 1131 1339 non
1166 1308 1301 1339 contra
1321 1300 1500 1339 dominus
1529 1312 1652 1345 servo,
1687 1299 1818 1338 dotem

354 1361 509 1414 adjecit,
526 1368 712 1413 quantam
733 1362 771 1399 in
790 1363 885 1401 urbe
905 1363 1097 1401 neminem
1115 1362 1271 1411 dedisse
1292 1361 1475 1400 constat?
1506 1362 1712 1400 Enimvero
1728 1374 1819 1400 cum

353 1424 427 1462 isto
447 1424 630 1476 praeclare
650 1430 778 1463 actum
794 1424 934 1463 fuisset
959 1425 991 1463 si
1010 1425 1166 1477 nuptias
1195 1425 1360 1463 dominae
1389 1423 1526 1462 fuisset
1553 1423 1711 1463 nactus:
1749 1438 1818 1476 pa-

352 1492 451 1524 trem
478 1492 620 1532 autern,
641 1499 689 1523 ne
718 1493 880 1538 accepta
897 1487 1053 1538 quidem
1082 1494 1193 1526 tanta
1225 1486 1403 1538 pecunia,
1423 1496 1606 1538 quantam
1640 1500 1728 1524 eum
1756 1486 1818 1524 isti

353 1547 509 1587 dedisse
527 1549 670 1596 ferunt,
689 1548 885 1600 probabile
901 1549 974 1587 fuit
993 1548 1078 1588 haec
1099 1550 1220 1587 fuisse
1241 1555 1433 1587 acturum.
1460 1539 1463 1542 ’
1492 1549 1571 1587 Sed
1585 1555 1715 1587 tamen
1730 1561 1817 1600 quae

352 1612 486 1664 signis,
505 1626 593 1663 quae
613 1613 864 1664 temporibus,
893 1626 980 1664 quae
1006 1614 1123 1651 rebus
1150 1612 1242 1664 ipsis
1270 1612 1370 1651 falsa
1389 1612 1750 1664 deprehenduntur,
1773 1624 1819 1650 ea

352 1675 576 1726 Stephanus
598 1674 797 1713 testificari
816 1687 894 1712 non
915 1674 1105 1713 dubitavit
1120 1676 1141 1713 τ’
1160 1681 1298 1726 postea
1324 1674 1469 1727 passim
1492 1673 1659 1720 dictitat,
1684 1673 1818 1712 testifi-

350 1743 480 1774 catum
500 1749 587 1774 esse
615 1735 814 1774 N1coclem
833 1749 875 1774 se
900 1736 1068 1787 gessisse
1089 1735 1251 1774 tutelam
1279 1747 1327 1773 ex
1356 1741 1606 1781 testamento,
1627 1734 1818 1774 Pasiclem

349 1798 597 1836 testificatum
616 1810 699 1836 esse
725 1811 766 1835 se
787 1798 859 1835 sub
888 1797 1011 1835 tutela
1028 1797 1149 1835 fuisse
1170 1810 1219 1835 ex
1240 1802 1487 1835 testamento.
1546 1796 1633 1847 Ego
1652 1809 1742 1835 vero
1771 1797 1818 1835 iis

350 1859 442 1911 ipsis
463 1859 698 1910 argumentis
719 1857 875 1897 ostendi
904 1864 999 1909 puto
1021 1871 1144 1909 neque
1172 1858 1276 1904 illos,
1304 1870 1430 1908 neque
1452 1857 1539 1902 hos,
1560 1870 1653 1896 vera
1682 1857 1819 1896 testifi-

351 1928 461 1960 catos
481 1935 580 1960 esse.
638 1920 715 1964 Qui
743 1920 846 1958 enim
866 1933 906 1958 se
927 1920 1098 1971 gessisse
1121 1920 1283 1958 tutelam
1313 1933 1362 1957 ex
1381 1925 1616 1958 testamento
1636 1926 1817 1968 testatur,

350 1996 439 2021 eum
465 1983 563 2021 scire
582 1983 831 2034 perspicuum
853 1989 924 2028 est,
944 1995 992 2020 ex
1013 1981 1130 2033 quali.
1190 1980 1293 2025 Quid
1315 1980 1432 2031 igitur
1451 1981 1561 2020 vobis
1580 1980 1618 2019 in
1648 1989 1817 2020 mentem

349 2044 527 2084 veniebat
560 2051 604 2082 ut
635 2044 674 2082 in
705 2043 979 2095 provocatione
1000 2042 1265 2081 testimonium
1287 2042 1465 2081 diceretis
1488 2043 1536 2081 de
1555 2043 1817 2082 testamento?

351 2119 420 2145 cur
451 2119 529 2145 non
563 2105 652 2145 illos
672 2105 802 2157 potius
823 2105 951 2143 dicere
972 2104 1185 2143 sinebatis?
1214 2104 1318 2142 Nam
1336 2104 1367 2142 si
1386 2104 1440 2142 illi
1455 2118 1541 2156 quae
1556 2104 1595 2143 in
1612 2117 1658 2143 eo
1674 2105 1817 2158 scripta

349 2169 494 2208 fuerint
513 2168 610 2207 scire
631 2182 672 2207 se
692 2168 905 2219 negabunt,
922 2167 989 2218 qui
1008 2180 1078 2206 vos
1098 2180 1146 2205 ea
1164 2166 1261 2205 scire
1277 2167 1452 2219 potestis,
1474 2180 1572 2219 quos
1592 2166 1677 2219 ipsa
1694 2181 1815 2220 nego-

348 2231 402 2269 tia
428 2243 619 2282 nusquam
637 2229 698 2269 vel
712 2229 870 2268 minima
888 2243 936 2267 ex
957 2236 1066 2281 parte
1086 2228 1330 2281 attigerunt?
1374 2229 1457 2267 Cur
1476 2229 1597 2281 igitur
1616 2230 1680 2268 alii
1693 2236 1814 2270 testes

349 2293 426 2332 alia
445 2292 651 2331 dixerunt?
694 2292 812 2336 Quod
839 2291 944 2344 prius
965 2291 1079 2330 etiam
1099 2291 1192 2339 dixi,
1213 2290 1346 2344 partiti
1363 2298 1454 2330 sunt
1473 2290 1574 2331 inter
1592 2305 1635 2331 se
1656 2292 1814 2331 scelera.

349 2355 478 2406 Atque
499 2367 549 2393 se
577 2354 805 2393 tutelam
830 2353 1076 2405 gessisse
1104 2366 1166 2391 ex
1192 2360 1531 2393 testamento
1559 2353 1650 2406 qui
1676 2353 1816 2392 dixit

349 2417 444 2456 nihil
465 2430 506 2455 se
524 2429 638 2468 grave
658 2415 803 2455 dixisse
822 2416 1003 2467 opinatus
1024 2421 1098 2463 est,
1117 2428 1244 2466 neque
1263 2415 1296 2453 is
1317 2415 1383 2467 qui
1410 2429 1427 2453 s
1443 2428 1463 2454 e
1501 2428 1519 2454 s
1533 2415 1595 2453 ub
1633 2421 1686 2454 tu
1699 2422 1716 2454 t
1729 2415 1815 2455 ela

349 2480 398 2518 fu
413 2480 424 2517 i
440 2493 457 2517 s
473 2492 489 2517 s
503 2492 524 2517 e
544 2478 639 2517 dicit
659 2491 680 2517 e
696 2491 720 2515 x
752 2484 769 2516 t
783 2491 803 2516 e
817 2485 898 2516 sta
913 2491 949 2515 m
965 2491 986 2516 e
998 2492 1023 2515 n
1036 2484 1053 2515 t
1064 2477 1322 2516 o——auferens
1336 2484 1496 2530 uterque
1512 2491 1583 2517 suo
1595 2478 1814 2518 testimonio

349 2555 396 2580 ea
424 2555 512 2593 quae
541 2547 633 2579 sunt
665 2541 713 2578 ab
738 2540 813 2578 isto
839 2540 983 2591 scripta
1003 2540 1042 2577 in
1061 2546 1366 2587 testamento—,
1385 2539 1482 2578 alius
1516 2540 1652 2592 reliq
1665 2540 1744 2579 uis
1759 2554 1777 2579 s
1791 2555 1812 2580 e

348 2604 451 2643 sibi
505 2609 694 2656 patrem
749 2602 971 2642 tabulas
1031 2609 1433 2641 testamentum
1496 2602 1812 2654 inscriptas,

347 2665 446 2705 alius
466 2666 548 2717 ejus
563 2664 716 2716 generis
738 2663 830 2701 alia:
852 2663 922 2702 sed
942 2664 968 2701 d
981 2677 1001 2702 e
1022 2671 1039 2701 t
1051 2677 1072 2701 e
1085 2676 1102 2701 s
1118 2670 1134 2701 t
1149 2677 1171 2701 a
1184 2676 1220 2700 m
1234 2676 1255 2701 e
1270 2677 1295 2700 n
1311 2670 1327 2702 t
1341 2676 1364 2702 o
1392 2663 1522 2702 dicere
1536 2664 1811 2712 testimonium,

347 2727 385 2765 in
401 2740 478 2778 quo
498 2733 557 2765 est
571 2733 690 2765 tantae
711 2725 884 2777 pecuniae
900 2725 1057 2771 furtum,
1076 2725 1205 2763 uxoris
1219 2725 1450 2777 corruptela,
1470 2726 1616 2777 nuptiae
1631 2725 1811 2775 dominae,

346 2803 407 2827 res
422 2788 519 2826 tanti
533 2787 667 2839 flagitii
687 2787 859 2838 tantique
879 2787 1097 2834 dedecoris,
1112 2799 1227 2824 nemo
1241 2786 1376 2833 voluit,
1395 2786 1471 2824 nisi
1494 2786 1569 2834 isti,
1587 2787 1652 2839 qui
1673 2802 1811 2840 provo-

345 2851 536 2889 cationem
558 2857 650 2888 sunt
667 2849 889 2896 commenti,
902 2848 952 2887 de
971 2849 1110 2900 quibus
1125 2861 1278 2903 aequum
1294 2854 1353 2887 est
1367 2847 1484 2886 totius
1503 2849 1655 2887 technae
1674 2856 1712 2888 et
1729 2863 1810 2888 ma-

344 2911 459 2950 leficii
479 2911 577 2949 sumi
596 2924 743 2963 poenas.
802 2910 863 2949 Ne
893 2918 1036 2956 autem,
1057 2909 1327 2958 Athenienses,
1347 2922 1394 2947 ex
1413 2909 1459 2965 iis
1480 2909 1606 2948 solum
1625 2924 1713 2962 quae
1735 2923 1809 2962 ego

347 2986 490 3011 accuso
510 2975 626 3024 at'que
648 2986 785 3024 arguo,
807 2972 906 3012 falsa
925 2971 1068 3011 dixisse
1087 2977 1226 3010 testem
1249 2971 1488 3024 Stephanum
1508 2972 1618 3011 vobis
1641 2978 1811 3019 constet,
