1948 3306
277 162 348 197 128
865 161 1141 200 AESCHINIS

270 269 309 299 et
329 261 477 313 qumvis
512 262 639 313 potius
659 265 845 311 causaris,
865 278 978 316 quam
1004 279 1081 304 non
1102 267 1281 305 veniendi
1302 268 1349 306 ad
1372 281 1443 308 nos
1469 270 1708 309 voluntatem
1722 283 1735 308 ε

270 323 400 360 Nicias
417 337 508 362 vero
527 324 677 374 pridem
696 326 814 371 venit,
831 334 870 364 et
885 327 1149 366 Andronides.
1183 328 1300 372 Quod
1318 331 1349 368 si
1370 344 1473 369 nunc
1491 331 1629 369 saltem
1642 344 1733 369 cum

269 384 422 423 Philino
443 385 575 433 (audio
595 386 696 424 enim
713 400 800 425 eum
818 388 1009 426 abiturum
1026 391 1132 438 esse)
1148 390 1197 428 ad
1212 404 1281 429 nos
1295 392 1487 442 proficisci
1503 392 1735 438 decreveris,

266 446 442 485 fortassis
475 448 604 487 adhuc
643 449 772 500 aliqua
801 450 869 488 tibi
902 449 1080 489 defensio
1116 452 1371 503 relinquetur,
1401 453 1627 504 bellumque
1658 454 1735 491 hoc

265 516 534 560 componetur.
558 509 627 548 Sin
643 524 691 549 ne
707 524 795 549 curn
812 511 877 548 illo
887 512 1044 561 quidem
1059 515 1162 552 exire
1173 514 1456 562 decreveris,tu
1471 514 1628 566 quidem
1642 516 1735 554 sub-

264 569 355 609 inde
371 571 517 610 scribes
531 578 568 610 te
585 579 803 619 venturum,
827 585 901 623 ego
914 586 1003 612 vero
1022 576 1142 613 semel
1159 576 1350 615 duntaxat
1368 577 1533 615 moleste
1545 576 1680 616 feram.

963 676 1035 714 IX.

312 753 413 792 Cum
435 753 484 791 ad
505 753 702 805 Physcum
722 754 971 806 trajecissem,
998 768 1045 793 ac
1066 755 1167 794 diem
1188 757 1297 795 illum
1316 758 1564 809 quievissem,
1585 769 1665 796 non
1685 769 1733 795 ex

263 815 432 866 ignavia,
465 815 534 852 sed
555 815 661 866 quod
689 816 863 867 spirandi
896 816 1106 856 difficultas
1137 819 1412 869 ingravescere
1443 819 1661 866 videbatur,
1693 825 1737 857 ut

263 883 383 914 noctu
399 876 439 914 id
455 877 601 915 malum
620 878 780 926 remisit,
796 886 912 931 atque
932 892 1006 931 ego
1025 880 1163 918 melius
1183 881 1329 920 habere
1349 882 1464 933 coepi,
1485 881 1535 920 ad
1549 882 1735 919 Ammum

261 939 476 990 profectus,
506 939 646 978 fundos
666 940 829 992 inspexi.
897 940 957 979 Ac
990 941 1044 979 illi
1077 942 1235 992 quidem
1274 943 1367 980 mihi
1396 943 1521 995 pulcri
1559 954 1606 981 ac
1641 941 1737 980 varii
1753 963 1757 970 ν

263 1007 354 1038 sunt
373 1001 460 1038 visi.
492 1001 593 1039 Nam
621 1009 660 1039 et
680 1002 865 1041 olivetum
886 1010 960 1050 est,
979 1010 1019 1042 et
1045 1004 1178 1043 multae
1198 1005 1370 1053 arbores,
1399 1011 1440 1044 et
1457 1005 1555 1044 vites
1575 1005 1736 1050 crebrae,

260 1070 299 1101 et
324 1063 554 1115 sataplura,
581 1071 620 1102 et
647 1078 793 1116 pascua
819 1066 974 1117 pulcra:
1005 1066 1244 1105 domicilium
1277 1080 1369 1105 vero
1390 1068 1556 1113 nullum,
1575 1067 1637 1105 vel
1656 1078 1737 1104 me-

260 1125 407 1171 diocre,
421 1125 490 1163 sed
505 1126 647 1164 rudera
661 1127 803 1165 omnia.
853 1127 1018 1178 Excepit
1039 1140 1111 1165 nos
1130 1128 1346 1166 Mironides
1366 1128 1480 1166 valde
1499 1128 1734 1166 humaniter.

261 1187 421 1225 Fundos
433 1186 551 1237 igitur
571 1187 723 1226 duobus
744 1188 900 1226 talentis
921 1188 1157 1240 comparavi.
1211 1189 1265 1226 Et
1278 1202 1384 1227 nunc
1398 1189 1476 1227 tale
1496 1189 1734 1229 domicilium

257 1249 407 1295 molior,
424 1248 537 1299 quale
554 1261 628 1300 ego
642 1262 680 1286 re
696 1249 802 1287 tenui
818 1249 944 1288 moliri
959 1263 1112 1300 queam,
1131 1250 1277 1302 quique
1291 1251 1355 1289 hic
1374 1251 1618 1289 habitaturus
1635 1264 1735 1298 sum,

258 1326 352 1359 non,
372 1312 428 1350 ita
442 1324 504 1349 me
520 1310 573 1349 dii
590 1318 735 1358 ament,
755 1324 872 1362 aequo
886 1311 1029 1359 animo,
1047 1311 1205 1350 civitate
1221 1325 1306 1350 mea
1317 1312 1505 1363 privatus,
1520 1312 1735 1363 praesertim

215 1415 223 1420 λ
257 1375 338 1423 tali,
355 1373 394 1412 in
411 1385 489 1425 qua
510 1371 631 1424 siquis
652 1386 692 1411 se
712 1372 976 1412 habitaturum
996 1373 1250 1419 existimaret,
1266 1373 1396 1411 minus
1418 1373 1549 1412 dolere
1569 1378 1715 1425 posset.

966 1485 1013 1522 X.

313 1565 440 1612 Cimo,
460 1572 505 1604 ut
531 1565 572 1603 in
592 1565 766 1617 qualibet
793 1566 888 1603 urbe
914 1570 954 1603 et
971 1564 1085 1602 litore
1106 1565 1309 1603 nobiscum
1335 1564 1478 1615 egerit,
1499 1564 1736 1604 nullius-ne·

258 1627 521 1674 cessitudinis,
541 1628 686 1667 nullius
706 1626 805 1679 legis
825 1626 958 1665 habita
972 1626 1134 1673 ratione,
1150 1639 1237 1665 cum
1255 1625 1306 1664 ad
1327 1626 1439 1664 Ilium
1456 1627 1625 1678 perveni,
1647 1641 1735 1679 spe-

257 1690 412 1729 ctandae
430 1697 469 1729 et
489 1697 601 1729 terrae
616 1697 656 1728 et
680 1690 797 1728 maris
820 1701 955 1735 causa,
976 1702 1142 1740 quaeque
1170 1688 1222 1727 ibi
1241 1687 1417 1736 viderim,
1437 1688 1620 1740 quoniam
1638 1689 1734 1727 ube—

257 1767 338 1792 rem
365 1752 615 1804 suppeditare
647 1752 849 1791 materiam
868 1751 1064 1798 videntur,
1084 1751 1252 1789 scribere
1283 1750 1738 1802 supersedebo—vereor

257 1815 360 1853 enirn
373 1828 423 1852 ne
436 1815 598 1866 poeticis
619 1813 734 1864 nugis
747 1813 1001 1852 instituendis
1021 1813 1185 1865 ineptire
1201 1811 1584 1859 videar-,Cimonis
1602 1820 1735 1851 autem

256 1877 432 1915 facinora
451 1883 492 1915 et
523 1876 821 1923 immodestiam,
851 1889 930 1914 non
949 1875 1043 1913 mihi
1071 1875 1104 1913 si
1132 1882 1290 1913 centurn
1310 1875 1389 1913 sint
1413 1874 1574 1925 linguae,
1605 1874 1735 1912 dicere

257 1940 418 1990 possim.
448 1939 552 1976 Nam
573 1951 662 1975 cum
685 1938 829 1975 multos
851 1938 911 1975 Ilii
939 1937 1022 1975 dies
1053 1950 1310 1984 versaremur,
1329 1943 1370 1974 et
1389 1935 1621 1988 spectaculo
1640 1935 1735 1974 Per-

258 2012 462 2052 gamorum
488 2012 569 2036 non
599 1998 843 2044 satiaremur,
866 1998 1037 2049 mihique
1065 1999 1106 2036 in
1132 1999 1262 2036 animo
1292 2004 1398 2036 esset
1415 2010 1589 2045 manere,
1610 1997 1736 2036 donee

258 2074 394 2101 omnes
415 2059 550 2097 Iliadis
571 2073 706 2098 versus
723 2060 773 2097 ad
794 2073 842 2098 ea
861 2059 1129 2107 contulissem,
1150 2059 1199 2098 de
1220 2060 1362 2111 quibus
1388 2059 1444 2097 illi
1464 2059 1558 2098 facti
1577 2066 1734 2098 essent:

257 2123 394 2161 incidit
413 2122 511 2169 dies,
532 2134 610 2172 qua
625 2121 798 2173 plerique
813 2121 1081 2172 periclitantur
1096 2122 1281 2172 conjugia
1294 2121 1476 2169 filiarum,
1496 2134 1593 2171 quas
1612 2122 1676 2160 lex
1695 2129 1737 2160 et

257 2192 352 2223 aetas
365 2185 510 2223 nubere
531 2183 636 2222 sinit.
673 2183 849 2220 Fuerunt
864 2189 994 2221 autem
1007 2183 1229 2233 complures
1245 2188 1439 2233 nupturae.
1471 2181 1523 2219 Et
1542 2183 1657 2220 moris
1673 2191 1736 2222 est

256 2247 295 2285 in
315 2247 484 2299 Trojana
508 2252 623 2292 terra,
643 2250 834 2296 nupturas
861 2243 1027 2295 virgines
1054 2243 1105 2281 ad
1127 2243 1412 2281 Scamandrum
1443 2243 1512 2291 ire,
1531 2256 1578 2282 ex
1609 2257 1734 2296 eoque

256 2310 373 2357 lotas,
393 2309 512 2347 verba
530 2307 618 2346 haec
635 2314 822 2358 tanquam
844 2318 997 2344 sacrum
1028 2304 1216 2356 quiddam
1232 2305 1422 2343 recitare:
1453 2316 1570 2343 CAPE
1599 2318 1731 2345 MEAM

260 2372 545 2409 SCAMANDER
578 2381 938 2408 VIRGINITATEM.
987 2368 1093 2406 Inter
1124 2367 1220 2406 alias
1253 2367 1371 2419 igitur
1405 2367 1516 2419 virgo
1553 2369 1735 2420 quaedam

257 2433 415 2472 nomine
446 2431 674 2478 Callirrhoe,
695 2444 871 2482 procera,
890 2438 929 2469 et
947 2429 1088 2469 illustri
1107 2436 1217 2482 patre
1236 2436 1343 2474 nata,
1374 2429 1424 2468 ad
1440 2430 1601 2470 fluvium
1628 2423 1734 2470 venit

255 2496 415 2536 lavandi
435 2495 572 2547 gratia.
605 2494 690 2532 Nos
711 2507 790 2532 una
809 2508 898 2533 curn
918 2493 1095 2545 cognatis
1128 2499 1401 2545 nupturarum‚
1421 2500 1461 2532 et
1490 2494 1627 2533 ceteris
1653 2499 1733 2533 tur-

256 2560 333 2607 bis,
356 2559 506 2598 eminus
524 2558 680 2604 festum,
708 2563 749 2595 et
773 2558 931 2596 lavacra
956 2557 1165 2606 virginum,
1184 2562 1379 2607 quatenus
1398 2556 1457 2594 fas
1475 2555 1587 2594 nobis
1608 2561 1735 2594 exter-

260 2622 320 2660 nis
354 2627 451 2667 erat,
486 2621 777 2672 spectabamus.
826 2620 879 2657 At
896 2621 1024 2657 bonus
1054 2618 1128 2657 iste
1149 2618 1262 2656 Cimo
1287 2631 1328 2657 se
1358 2617 1502 2656 occulit
1527 2617 1568 2655 in
1594 2618 1733 2657 frutice

262 2683 507 2731 Scamandri,
523 2689 641 2733 atque
657 2681 910 2720 arundinibus
927 2687 1110 2720 coronat:
1142 2680 1378 2718 instruxerat
1398 2685 1528 2718 autem
1554 2679 1735 2718 nimirum

260 2742 310 2780 de
344 2743 407 2781 die
434 2750 673 2795 stratagema
713 2743 822 2790 illud,
843 2750 961 2795 atque
992 2743 1154 2782 insidias
1182 2748 1322 2780 contra
1341 2740 1581 2780 Callirhoen.
1630 2741 1733 2779 Cum

262 2811 392 2843 autem
422 2806 631 2854 lavaretur,
651 2814 689 2845 et
715 2806 764 2844 de
796 2819 902 2844 more
923 2806 1043 2844 verba
1064 2805 1133 2843 illa
1151 2803 1440 2856 pronunciaret,
1468 2809 1514 2841 ut
1537 2802 1733 2855 posterius

261 2868 445 2917 cognovi,
479 2882 588 2907 cAPss
620 2881 752 2907 MEAM
784 2868 1070 2907 SCAMANDER
1101 2877 1460 2911 varNrrATEM,
1480 2865 1685 2920 prosiliens
1711 2877 1734 2903 e

261 2928 464 2970 fruticibus
485 2930 725 2972 Scamander
749 2929 877 2978 Cimo,
902 2924 1080 2975 libenter,
1108 2927 1247 2979 inquit,
1266 2926 1430 2978 accipio,
1446 2932 1487 2966 et
1507 2938 1620 2965 sumo
1640 2925 1735 2965 Cal-
