1965 3356
638 218 713 256 DE
748 218 897 257 DOTE
933 220 1224 260 MATERNA.
1560 227 1632 264 591

167 321 240 360 cile
260 322 479 361 ostendam.
535 323 705 362 Primum
731 324 833 362 enim
861 323 1057 375 Polyarati
1091 324 1169 361 filia
1197 323 1283 371 fuit,
1304 327 1370 376 qui
1401 334 1439 365 et
1471 340 1494 365 a
1527 328 1636 367 vobis

167 382 368 422 colebatur
390 392 429 422 et
462 397 621 435 magnas
651 399 744 437 opes
768 386 1007 437 possidebat.
1067 386 1213 425 Postea
1232 394 1419 427 testatum
1439 391 1548 429 vobis
1565 399 1636 439 est,

165 444 281 482 etiam
303 459 474 485 sororem
500 449 584 498 ejus
617 447 846 485 tantundem
875 449 1049 491 attulisse
1070 449 1168 486 dotis
1189 456 1228 487 et
1249 450 1508 501 Eryximacho
1530 454 1636 492 affini

166 505 346 545 Chabriae
377 509 569 560 nupsisse.
627 509 821 548 Praeterea
841 516 1009 556 constat,
1031 516 1191 548 matrem
1213 524 1339 549 meam
1360 514 1539 563 nupsisse
1559 516 1635 567 pri-

163 580 270 606 mum
291 569 574 616 Cleomedonti,
595 569 705 621 eujus
726 578 873 619 patrem
895 571 1082 609 Cleonem
1103 571 1231 609 ferunt
1251 573 1354 623 apud
1381 574 1548 625 majores
1569 590 1635 615 ve-

164 636 265 668 stros
286 644 358 669 suo
381 631 500 669 ductu
519 639 558 669 et
576 632 760 683 auspiciis
776 631 919 670 multos
943 633 1259 671 Lacedaemonios
1281 634 1367 685 Pyli
1384 635 1490 674 vivos
1510 639 1636 688 cepis-

162 705 219 738 se,
239 706 466 743 summaque
496 693 594 731 inter
625 694 729 732 cives
764 693 887 744 gloria
915 694 1114 733 floruisse:
1150 707 1279 745 quare,
1301 709 1373 734 nec
1401 697 1483 748 ejus
1514 698 1634 736 filium

162 767 247 791 eam
268 754 484 793 indotatam
511 755 656 793 ducere
683 755 951 803 conveniebat,
972 769 1098 807 neque
1119 756 1386 794 Menexenum
1410 765 1449 796 et
1470 759 1633 811 Bathyl-

160 813 241 852 lum
261 824 569 855 consentaneum
589 824 662 863 est,
678 817 744 868 qui
764 824 804 856 et
823 817 893 868 ipsi
922 831 1086 870 magnas
1108 831 1202 869 opes
1230 819 1421 857 haberent
1440 826 1479 858 et
1499 820 1631 860 dotem

161 877 440 918 Cleomedonte
471 886 623 919 mortuo
649 880 903 931 recepissent,
937 893 984 918 ea
1014 893 1185 919 sororem
1220 894 1330 919 suam
1362 881 1632 932 defraudasse,

158 939 227 978 sed
247 940 351 992 ipsos
372 940 563 993 adjecisse
592 942 738 993 aliquid
763 949 802 980 et
828 943 928 994 patri
953 942 1182 989 collocasse,
1211 950 1254 980 ut
1278 950 1318 982 et
1338 944 1413 995 ipsi
1440 945 1543 996 apud
1561 959 1631 985 vos

158 1008 198 1038 et
217 1003 343 1042 caeteri
365 1004 573 1043 necessarii
594 1005 726 1043 testati
744 1012 848 1043 sunt.
906 1005 986 1044 Sed
1005 1005 1065 1042 his
1088 1005 1239 1043 omissis
1262 1007 1448 1057 cogitate,
1468 1022 1631 1059 quamo-

158 1063 265 1101 brem
285 1072 408 1116 pater,
428 1066 459 1104 si
486 1079 571 1105 mea
607 1073 728 1105 mater
761 1067 971 1118 desponsa·
988 1080 1066 1105 non
1098 1067 1235 1105 suisset
1268 1081 1394 1118 neque
1417 1070 1548 1109 dotem
1572 1079 1629 1110 at-

154 1124 318 1172 tulisset,
340 1127 502 1165 istorum
533 1141 623 1166 vero
652 1129 856 1174 attulisset,
878 1130 971 1166 istos
992 1142 1082 1166 suos
1113 1138 1295 1179 negasset
1324 1143 1410 1168 esse
1433 1132 1545 1178 filios,
1568 1147 1628 1171 me

156 1193 284 1225 autem
305 1194 342 1225 et
361 1189 586 1239 agnovisset
607 1197 646 1227 et
673 1189 930 1227 instituisset?
961 1190 1014 1227 Ut
1033 1190 1182 1228 scilicet
1213 1197 1252 1228 et
1280 1192 1370 1228 mihi
1403 1193 1628 1243 gratificans

155 1254 194 1286 et
213 1249 326 1286 matri
346 1262 458 1296 meae,
478 1250 569 1288 istos
591 1250 805 1302 ignominia
825 1251 1020 1289 afficeret?
1060 1252 1111 1289 At
1141 1265 1187 1289 ea
1206 1252 1363 1302 quidem
1385 1253 1546 1300 obierat,
1567 1269 1627 1293 me

153 1322 271 1360 parvo
301 1324 423 1362 puero
455 1312 603 1359 relicto,
625 1313 785 1352 istorum
812 1326 902 1351 vero
937 1319 1061 1352 mater
1089 1313 1254 1364 Plango,
1276 1320 1315 1351 et
1347 1322 1437 1353 ante
1469 1323 1508 1353 et
1540 1324 1629 1367 post

152 1371 466 1423 eleganti'forma
489 1374 640 1422 mulier,
660 1388 750 1413 cum
779 1388 826 1413 eo
858 1388 938 1413 rem
961 1375 1153 1414 habebat:
1183 1389 1302 1427 quare
1322 1376 1443 1416 multo
1463 1378 1628 1417 credibi-

152 1432 226 1471 lius
259 1441 342 1472 erat
375 1448 465 1473 eum
500 1442 658 1487 propter
686 1436 881 1475 viventem
911 1437 1130 1484 mulierem,
1158 1451 1275 1489 quam
1308 1437 1530 1485 adamabat,
1559 1441 1627 1479 de—

150 1494 297 1535 functae
329 1495 448 1535 filium
482 1505 743 1545 contemnere,
764 1511 881 1549 quarn
914 1506 1070 1549 propter
1102 1512 1165 1536 me
1194 1506 1234 1537 et
1262 1500 1489 1539 defunctam
1526 1502 1627 1541 filios

151 1570 172 1595 e
199 1557 354 1596 vivente
385 1557 545 1596 muliere
578 1566 797 1609 susceptos,
832 1559 944 1610 cujus
989 1558 1276 1607 consuetudine
1313 1568 1499 1609 uteretur,
1547 1577 1626 1602 non

151 1633 375 1672 agnoscere.
449 1620 569 1671 Atqui
597 1633 644 1658 eo
675 1620 750 1658 iste
779 1621 883 1659 venit
913 1621 1103 1666 audaciae,
1123 1628 1166 1659 ut
1200 1621 1279 1660 aiat
1308 1629 1455 1673 patrem
1496 1638 1625 1664 meum

150 1696 221 1734 pro
259 1696 302 1721 se
340 1682 531 1721 decimam
567 1682 719 1720 solenni
754 1682 930 1721 convivio
968 1682 1211 1721 celebrasset
1255 1697 1380 1734 eaque
1412 1685 1460 1723 de
1491 1700 1530 1725 re
1562 1688 1626 1725 Ti—

150 1744 332 1783 mocratis
365 1744 492 1783 solum
524 1750 565 1782 et
598 1743 803 1783 Promachi
832 1744 1095 1783 testimonium
1125 1745 1313 1791 exhibuit,
1346 1748 1411 1798 qui
1445 1762 1518 1787 nec
1547 1750 1626 1789 ulla

149 1805 385 1856 cognatione
410 1811 561 1856 patrem
582 1817 711 1843 meum
734 1806 947 1857 attingunt,
970 1819 1100 1857 neque
1119 1806 1176 1845 illi
1205 1807 1318 1846 amici
1339 1808 1516 1854 fuerunt3
1552 1811 1624 1850 ita-

148 1881 225 1918 que
243 1866 450 1906 manifeste
470 1866 573 1906 falsa
599 1867 733 1906 testati
765 1875 870 1914 sunt,
891 1874 948 1913 ut,
969 1881 1086 1920 quem
1107 1869 1216 1907 vobis
1247 1871 1426 1909 omnibus
1457 1874 1623 1912 consciis

148 1929 220 1968 iste
240 1929 280 1967 in
293 1929 359 1981 jus
381 1935 559 1967 vocatum
579 1929 710 1980 coegit
729 1929 779 1968 ad
792 1943 832 1969 se
847 1930 1130 1982 adoptandum,
1147 1945 1235 1970 eum
1256 1932 1332 1979 isti,
1354 1940 1541 1985 tanquam
1559 1935 1624 1986 qui

148 1992 227 2030 duo
247 1991 320 2030 soli
339 1992 504 2030 viatores
525 1991 616 2038 sint,
637 1998 830 2031 testentur
851 2005 919 2044 pro
941 1993 1016 2031 hoc
1038 1993 1229 2032 decimam
1247 1995 1482 2035 celebrasse,
1527 1996 1624 2041 Qui-

146 2054 220 2092 bus
233 2053 320 2105 quis
339 2059 513 2093 vestrum
532 2053 697 2092 credat?
725 2054 815 2093 Jam
832 2067 906 2093 nec
921 2054 1020 2092 illud
1037 2055 1071 2093 ei
1087 2054 1182 2094 licet
1197 2056 1342 2103 dicere,
1362 2071 1403 2096 se
1419 2058 1623 2109 parvulum

147 2117 305 2169 quidem
339 2130 363 2155 a
391 2123 500 2169 patre
532 2118 721 2169 agnitum,
755 2118 998 2169 grandiorem
1034 2125 1162 2157 autem
1196 2119 1354 2167 facturn,
1389 2122 1437 2159 ab
1473 2121 1622 2168 eodem,

147 2180 260 2218 matri
287 2180 458 2232 ipsorum
478 2179 591 2226 irato,
611 2179 871 2232 repudiatum.
930 2180 1059 2219 Multo
1083 2180 1185 2219 enim
1211 2182 1335 2233 magis
1359 2190 1464 2221 certe
1495 2183 1623 2222 solent

146 2254 245 2280 uxor
263 2249 303 2280 et
320 2241 480 2280 maritus
503 2247 588 2280 orta
600 2241 733 2293 jurgia
756 2248 915 2293 propter
934 2241 1075 2280 liberos
1096 2242 1304 2294 deponere,
1326 2256 1443 2294 quam
1466 2252 1622 2296 propter

145 2303 221 2342 iras
241 2303 339 2342 inter
357 2316 400 2342 se
420 2315 647 2341 communes
669 2303 785 2341 etiam
805 2303 947 2341 liberos
967 2302 1112 2341 odisse.

199 2368 238 2403 5.
259 2364 443 2412 Proinde,
463 2365 494 2405 si
512 2365 598 2404 haec
614 2365 743 2404 dicere
758 2364 981 2411 instituerit,
999 2377 1047 2401 ne
1064 2364 1194 2403 feratis
1212 2365 1294 2416 ejus
1316 2365 1618 2416 impudentiam:

145 2428 204 2466 sin
230 2427 280 2466 de
300 2427 429 2466 causis
449 2427 590 2467 dixerit
608 2440 774 2480 quarum
802 2441 864 2466 me
893 2427 1063 2466 absolvit
1095 2428 1251 2475 arbiter,
1273 2441 1390 2478 seque
1415 2440 1438 2466 a
1461 2442 1522 2467 mc
1549 2431 1619 2468 irn-

143 2495 322 2542 paratum
360 2502 448 2528 esse
485 2502 719 2543 oppressum
758 2489 996 2536 causabitur,
1031 2489 1198 2540 primum
1237 2490 1501 2536 memineritis,
1543 2504 1620 2530 non

143 2563 304 2603 parvum
335 2557 490 2603 tempus
519 2551 656 2598 fuisse,
685 2565 763 2603 quo
792 2551 898 2590 illum
932 2564 976 2590 se
1004 2563 1141 2602 parare
1170 2551 1355 2603 oportuit,
1376 2552 1443 2590 sed
1477 2553 1618 2591 multos

142 2626 291 2658 annos:
313 2613 470 2662 deinde,
490 2627 578 2652 eum
597 2613 718 2652 fuisse
749 2620 938 2661 actorem,
967 2625 1092 2664 quare
1117 2613 1240 2651 multo
1262 2613 1501 2665 probabilius
1523 2622 1616 2660 erat,

145 2688 206 2713 me
225 2677 273 2715 ab
292 2688 339 2715 eo
359 2675 592 2729 imparatum
612 2689 860 2729 oppressum,
881 2688 996 2727 quam
1014 2689 1101 2714 eum
1132 2689 1155 2714 a
1178 2689 1261 2720 me;
1294 2676 1344 2714 ad
1365 2676 1462 2721 haec,
1484 2689 1616 2714 coram

143 2736 252 2775 vobis
281 2749 418 2777 omnes
443 2738 509 2790 qui
540 2737 646 2790 apud
679 2738 865 2776 arbitrum
895 2736 1039 2776 affuere
1064 2737 1192 2776 testati
1228 2744 1331 2783 sunt,
1366 2738 1479 2774 istum
1518 2751 1616 2789 proe·

144 2804 308 2846 sentem,
329 2812 419 2838 cum
443 2813 506 2839 me
532 2800 678 2839 arbiter
696 2801 931 2846 absolveret,
953 2812 1026 2839 nec
1045 2800 1095 2838 ad
1109 2799 1300 2852 judicium
1320 2799 1554 2850 appellasse,
1576 2808 1616 2838 et

145 2861 183 2898 in
204 2860 360 2901 arbitrio
380 2863 636 2915 acquievisse.
694 2863 920 2902 Absurdum
952 2869 1079 2901 autem
1108 2862 1200 2899 mihi
1229 2861 1395 2907 videtur,
1418 2875 1507 2900 cum
1538 2862 1613 2907 alii,

144 2922 210 2973 qui
234 2923 409 2972 injuriam
435 2924 510 2964 sibi
534 2925 616 2965 fieri
641 2931 794 2977 putant,
811 2926 927 2964 etiam
949 2937 1090 2964 causas
1108 2925 1265 2963 omnino
1287 2925 1451 2962 minutas
1473 2924 1524 2963 ad
1546 2937 1612 2963 vos
