1965 3356
135 439 536 480 ARGUMENTUM
567 437 867 476 ORATIONIS
900 437 1195 475 ADVERSUS
1224 437 1586 477 TIMOTHEUM.

165 543 195 574 A
211 544 400 574 Tum-runo
417 542 607 578 Atheniensi,
624 542 690 572 viro
706 543 790 572 claro
804 547 835 572 et
850 542 1048 582 imperatoria
1063 542 1212 582 dignitate
1227 542 1369 582 praedito,
1379 544 1586 582 Apollodorus

121 606 165 625 aes
181 595 311 625 alienum
329 595 455 634 repetit,
472 593 592 629 dicens,
609 593 752 624 Pasionis
770 604 858 623 usum
875 593 1010 624 amicitia
1034 594 1228 624 Timotheum
1246 594 1283 623 ab
1300 604 1336 624 eo
1353 595 1513 633 pecuniam
1535 606 1586 625 ac-

121 647 257 686 cepisse,
274 650 305 676 et
319 645 489 675 debitorem
506 645 534 674 in
551 646 709 675 mensariis
725 645 895 675 rationibus
911 657 981 676 esse
998 646 1187 685 inscriptum.
1220 647 1336 676 Debita
1351 651 1451 676 autem
1464 648 1586 677 omnino

120 702 252 736 quatuor
267 700 481 727 numerantur:
506 700 597 735 atque
612 695 642 725 in
659 696 788 735 singulis
804 702 834 726 et
848 702 999 736 tempora,
1017 705 1048 728 et
1063 708 1165 727 causae
1190 708 1285 737 quare
1301 702 1456 727 mutuatus
1477 698 1518 727 sit
1533 698 1588 728 Ti-

120 748 276 782 motheus,
293 753 434 777 accurate
450 752 660 786 exponuntur.
707 748 747 777 Et
765 747 912 787 pleraque
929 754 1107 788 argumenta
1123 759 1165 785 ex·
1188 749 1226 778 iis
1250 759 1318 788 quae
1339 748 1422 777 nulla
1437 753 1500 778 arte
1515 759 1590 778 con·

119 805 201 828 stare
216 798 361 828 dicuntur
374 798 618 838 probationibus,
632 803 664 828 ut
681 799 873 834 testimonii&
890 805 920 829 ut
936 799 1221 840 provocationibu5‚
1237 800 1459 839 depromuntur
1473 810 1479 827 :
1504 810 1588 839 quae-

120 850 188 879 dam
212 849 302 879 etiam
317 860 358 880 ex
375 848 562 885 artificiosis,
587 855 619 879 ut
634 850 830 889 conjecturis.
877 851 979 889 Atque
995 850 1207 890 Apollodorus
1230 850 1421 880 Timotheum
1449 861 1518 880 esse
1546 850 1589 880 ait

118 899 172 939 qui
186 905 341 930 mutuatus
357 900 408 935 sit,
424 905 455 930 et
470 900 508 930 iis
527 911 604 940 qnos
619 901 800 931 Timotheus
822 902 1041 932 commendarit
1056 901 1159 932 datum
1178 912 1246 932 esse
1263 906 1421 942 argentum
1434 912 1451 932 a
1464 912 1588 933 mensa:

119 951 173 982 ille
189 963 263 982 vero
280 962 338 982 nou
356 963 401 987 se,
418 953 472 982 sed
486 952 557 982 illos
572 953 687 982 debere
704 952 790 983 dicit.

482 1278 684 1333 DEM
709 1280 757 1334 O
779 1279 815 1334 S
839 1279 887 1333 T
910 1278 1037 1333 HE
1060 1262 1220 1332 NIS

345 1382 781 1470 'ADVERSUS
846 1421 1332 1472 TIMOTHEUM

436 1563 522 1606 DE
551 1561 702 1606 AERE
733 1527 983 1606 ALIENO
1020 1563 1284 1606 ORATIO.

179 1682 212 1718 l.
243 1679 423 1719 Nmmu
453 1687 626 1719 vestrum
653 1679 880 1719 incredibile
901 1680 963 1726 sit,
983 1679 1156 1725 Judices,
1177 1678 1438 1725 Timotheum,
1465 1689 1506 1717 ut
1526 1680 1590 1730 qui

119 1742 218 1793 patri
238 1756 324 1781 meo
355 1742 559 1794 pecuniam
587 1742 740 1786 debeat,
770 1755 878 1780 reum
907 1742 987 1780 fieri
1020 1755 1124 1780 nunc
1153 1755 1176 1780 a
1194 1741 1314 1780 mein
1333 1741 1408 1780 hoc
1426 1742 1591 1790 judicio.

121 1803 223 1842 Nam
245 1804 275 1842 si
296 1805 406 1843 vobis
426 1804 464 1842 in
487 1805 712 1843 memoriam
733 1818 917 1843 revocato
946 1812 986 1842 et
1015 1812 1168 1856 tempus
1193 1818 1270 1855 quo
1289 1811 1514 1843 contractus
1534 1805 1591 1843 fa-

119 1873 206 1904 ctus
228 1873 299 1913 est,
317 1873 357 1905 et
370 1880 417 1905 ea
430 1880 519 1917 quae
539 1866 594 1904 illi
613 1879 660 1904 eo
681 1875 852 1918 tempore
872 1866 1113 1913 acciderunt,
1129 1874 1168 1905 et
1184 1874 1332 1918 quanta
1346 1867 1409 1904 ille
1425 1874 1506 1905 tum
1523 1881 1591 1918 pe—

120 1929 231 1967 nuria
251 1930 498 1968 conflictatus
527 1929 655 1976 fuerit,
683 1936 833 1981 patrem
853 1942 980 1967 meum
1002 1929 1137 1981 optimi
1168 1929 1236 1966 viri
1255 1929 1384 1967 officio
1413 1929 1590 1967 functum

120 2003 214 2042 erga
233 1991 479 2030 Timotheum
503 1991 678 2043 profecto
702 1991 992 2030 existimabitis:
1022 1991 1137 2029 istum
1156 2004 1247 2030 vero
1278 2004 1355 2029 non
1387 1992 1504 2030 modo
1533 1992 1591 2030 in-

120 2060 273 2103 gratum
295 2067 396 2100 esse,
426 2067 559 2092 verum
592 2053 709 2092 etiam
738 2053 1035 2105 injustissimum
1060 2054 1231 2092 omnium
1258 2054 1493 2099 mortalium,
1513 2055 1591 2105 qui,

119 2129 208 2154 cum
228 2123 267 2153 et
286 2130 308 2154 a
328 2123 436 2168 patre
457 2130 544 2168 quae
565 2116 689 2154 voluit
715 2116 846 2154 omnia
874 2123 1107 2155 consecutus
1129 2116 1191 2162 sit,
1217 2124 1258 2154 et
1277 2116 1315 2154 in
1337 2129 1481 2167 magna
1500 2130 1593 2167 ege-

121 2185 222 2217 state
242 2192 288 2217 ac
307 2178 484 2217 maximis
505 2177 594 2216 vitae
616 2178 796 2229 periculis
826 2178 1013 2230 pecunias
1042 2178 1090 2216 de
1120 2191 1256 2216 mensa
1285 2179 1491 2230 acceperit,
1513 2193 1591 2217 non

120 2240 240 2279 modo
261 2241 424 2292 gratiam
444 2253 521 2279 non
536 2241 688 2286 referat,
710 2241 780 2279 sed
798 2254 844 2279 eo
865 2241 980 2279 etiam
995 2241 1098 2292 quod
1118 2240 1254 2279 datum
1275 2240 1309 2278 ei
1329 2247 1389 2279 est
1408 2254 1467 2278 me
1487 2241 1592 2280 frau-

121 2302 202 2340 det.
237 2299 376 2347 ‘Quod
404 2302 435 2340 si
468 2302 543 2341 iste
573 2302 813 2354 impegisset,
850 2302 949 2354 patri
977 2315 1131 2354 quoque
1164 2302 1330 2353 pecunia
1361 2303 1592 2353 periisset—

122 2366 248 2416 neque
279 2366 380 2403 enim
401 2365 452 2404 ad
477 2366 619 2417 pignus
648 2378 775 2416 neque
806 2366 1065 2417 praesentibus
1095 2364 1255 2403 testibus
1283 2364 1511 2410 dederat-‚
1534 2366 1594 2403 sin

121 2427 323 2473 evasisset,
343 2427 380 2465 iu
413 2427 526 2466 istius
551 2434 742 2479 potestate
763 2427 935 2466 futurum
966 2435 1060 2473 erat,
1090 2434 1316 2478 comparata
1345 2427 1514 2479 pecunia
1543 2441 1592 2466 an

122 2489 233 2528 nobis
251 2489 504 2529 satisfaceret.
562 2490 641 2528 Sed
661 2496 804 2536 tamen,
824 2489 1002 2536 Judices,
1021 2489 1183 2540 obsequi
1212 2489 1420 2528 Timotheo
1440 2491 1593 2540 roganti

121 2557 161 2588 et
177 2552 339 2602 penuria
356 2551 547 2590 laboranti
567 2558 677 2603 pater
696 2564 821 2597 meus,
836 2564 950 2603 quam
970 2551 1203 2603 pecuniariis
1224 2551 1437 2589 rationibus
1454 2564 1594 2589 consu-

121 2611 214 2658 lere,
233 2613 381 2651 maluit.
439 2612 612 2651 Putabat
630 2612 746 2660 enim,
766 2613 947 2659 Judices,
965 2620 1075 2664 pater
1096 2627 1218 2659 meus,
1234 2613 1263 2650 si
1284 2612 1510 2650 Timotheus
1529 2613 1595 2650 illa

122 2675 294 2726 pericula
312 2675 496 2714 evaderet
513 2683 553 2713 et
571 2674 740 2714 redisset
771 2689 794 2714 a
827 2689 930 2727 rege,
957 2675 1209 2727 locupletiore
1239 2676 1313 2713 isto
1336 2675 1442 2713 facto
1476 2688 1593 2725 quam

123 2743 206 2776 tum
238 2742 333 2783 erat,
353 2750 433 2775 non
459 2737 578 2776 modo
598 2751 670 2776 sua
690 2751 729 2776 se
750 2745 1010 2789 recepturum,
1031 2738 1100 2776 sed
1130 2738 1160 2776 si
1193 2737 1285 2789 quid
1307 2737 1410 2776 aliud
1435 2737 1551 2775 etiam
1572 2751 1595 2776 a

123 2798 328 2837 Timotheo
347 2799 524 2851 petiisset
542 2799 863 2851 impetraturum:
894 2807 1148 2852 posteaquam
1173 2813 1263 2837 vero
1283 2812 1361 2836 non
1382 2799 1434 2836 ita
1462 2806 1505 2837 ut
1528 2799 1594 2837 ille

124 2861 288 2911 putabat
324 2862 466 2908 evenit,
492 2862 561 2901 sed
595 2876 683 2913 quae
720 2863 758 2901 in
794 2863 974 2901 beneficii
1006 2863 1094 2901 loco
1129 2862 1278 2913 accepit
1311 2861 1539 2899 Timotheus
1573 2877 1595 2901 a

126 2934 272 2968 mensa,
292 2930 426 2973 rogato
446 2932 555 2975 patre
577 2938 676 2973 meo,
696 2938 744 2964 ea
771 2925 923 2964 inimice
952 2932 992 2963 et
1021 2938 1090 2977 per
1114 2924 1320 2975 judicium,
1342 2923 1408 2962 illo
1430 2933 1594 2967 mortuo.

127 2983 158 3021 si
183 2985 435 3025 convincatur
463 2986 662 3026 reddenda
692 3001 776 3026 esse
797 2994 944 3035 censet,
965 2987 1023 3025 sin
1055 2986 1162 3025 vobis
1193 2986 1427 3037 persuadere
1458 2988 1593 3038 possit.
