1948 3306
256 142 328 176 124
844 141 1116 181 AESCHINIS

670 302 720 339 ΙΙ.
751 303 825 341 AD
858 303 1308 342 CTESIPHONTEM.

312 395 476 447 Scripsit
495 395 606 434 nobis
622 395 881 445 Nicostratus,
898 398 1115 436 avunculus
1136 404 1281 443 noster,
1295 403 1333 435 te
1348 409 1436 435 cum
1453 394 1525 433 sibi
1543 406 1623 432 non
1640 405 1721 430 me⁴

256 457 439 496 diocriter
458 456 659 505 insultare,
680 464 762 496 tum
782 458 874 496 mihi
893 461 1124 510 exprobrare
1140 472 1256 510 quam
1275 464 1428 510 propter
1447 464 1485 494 te
1505 454 1637 506 accepi
1655 466 1721 491 ca-

255 519 483 558 lamitatem.
518 520 602 571 Ego
622 534 714 559 vero
734 521 849 558 miror
875 521 967 571 quid
989 521 1057 559 tibi
1085 521 1280 567 acciderit,
1308 527 1352 558 ut
1382 518 1586 557 nobiscum
1608 516 1724 554 domo

257 580 436 632 egressis,
462 587 541 619 tam
563 581 686 620 multa
704 582 995 632 colloquereris,
1017 589 1060 620 ut
1079 583 1292 629 crederem,
1311 589 1347 620 te
1368 580 1462 619 nihil
1481 591 1617 618 eorum
1638 590 1725 627 quae

257 642 438 690 dixisses,
456 642 676 690 simulasse,
705 643 859 681 intuens
882 644 1045 695 primum
1065 644 1329 682 calamitatem
1348 656 1489 687 meam,
1509 653 1624 692 quam
1648 651 1727 675 non

255 703 484 742 incredibile
501 706 687 755 putabam
706 704 871 743 inimicis
887 706 1005 743 etiam
1025 718 1113 743 esse
1134 705 1406 751 miserabilem,
1421 703 1563 742 deinde
1577 700 1729 739 vultum

257 774 369 805 tuum
388 767 552 813 tristem,
582 774 622 804 et
648 780 746 818 pene
771 768 1119 820 lacrymabundum
1139 769 1287 819 (itaque
1317 767 1626 806 necessariorum
1657 776 1729 801 no-

259 837 426 868 strorum
448 829 683 880 quibusdam
713 831 908 877 mandavi,
931 831 962 869 si
991 845 1071 883 qua
1093 845 1134 870 re
1156 838 1330 882 egerent,
1350 838 1394 869 ut
1417 837 1455 868 te
1485 828 1729 872 accederent,

260 903 407 941 eosque
426 891 579 941 quidvis
594 891 865 942 impetraturos
881 907 966 931 esse
984 894 1144 945 promisi
1165 893 1236 941 eis,
1253 900 1370 944 atque
1389 893 1472 944 ipse
1492 891 1608 930 etiam
1624 899 1731 939 saepe

260 951 309 989 ad
330 960 368 990 te
389 954 538 1004 scripsi,
556 953 602 989 iis
628 952 676 990 de
695 954 810 992 rebus
831 968 926 1005 quas
947 955 1111 993 Athenis
1145 955 1334 1005 consequi
1364 954 1598 1005 cupiebam),
1629 962 1734 989 nunc

261 1027 353 1052 vero
380 1014 506 1060 nobis,
528 1014 592 1064 qui
613 1014 684 1052 tibi
706 1018 786 1064 jam
807 1015 1083 1066 impedimento
1109 1030 1189 1054 non
1213 1029 1362 1061 sumus,
1384 1015 1449 1066 qui
1478 1026 1552 1051 nec
1571 1012 1642 1050 tibi
1661 1025 1734 1049 nec

261 1076 443 1126 cuiquam
462 1075 762 1113 Atheniensium
784 1077 1052 1124 obturbamus,
1073 1078 1253 1123 insultas,
1274 1077 1383 1115 nulla
1402 1075 1465 1115 vel
1486 1075 1653 1113 fortunae
1671 1072 1736 1111 vel

262 1136 379 1174 ullius
407 1137 660 1175 humanitatis
691 1137 826 1176 habita
852 1139 1016 1186 ratione,
1049 1146 1165 1190 atque
1193 1146 1283 1190 post
1307 1138 1508 1177 victoriam
1539 1143 1736 1175 certamen

263 1212 428 1237 renovas
458 1206 595 1237 contra
620 1212 705 1246 nOS,
737 1201 802 1252 qui
830 1207 870 1239 et
901 1202 1026 1253 patria
1063 1202 1277 1242 excidimus
1309 1208 1348 1240 et
1377 1195 1569 1252 dignitate
1600 1198 1739 1250 privati

265 1274 415 1306 sumus,
447 1268 486 1299 et
507 1261 664 1299 civitate
685 1268 725 1299 et
745 1262 893 1300 civibus
914 1270 954 1300 et
979 1263 1127 1302 amicis.
1174 1265 1233 1302 Ac
1263 1276 1349 1314 quae
1380 1263 1419 1300 in
1448 1275 1510 1300 me
1532 1263 1737 1299 absentem

265 1322 440 1360 convicia
458 1321 570 1366 dicis,
593 1335 640 1359 ea
673 1323 872 1373 probabile
894 1331 955 1362 est
983 1325 1050 1362 tibi
1083 1325 1238 1375 quidem
1266 1325 1414 1374 aliquid
1445 1332 1485 1362 et
1515 1322 1670 1360 invidiae
1700 1328 1741 1359 et

215 1417 223 1422 ,
267 1383 344 1421 odii
371 1383 541 1434 paritura
573 1387 671 1433 (non
699 1397 814 1421 secus
845 1398 890 1422 ac
921 1386 952 1422 si
981 1392 1175 1423 mortuum
1206 1386 1375 1436 aliquem
1406 1383 1672 1431 insectareris)
1698 1383 1739 1420 in

265 1446 360 1482 urbe
381 1445 480 1482 adeo
499 1444 576 1482 leni
596 1452 635 1482 et
655 1444 825 1483 humana
842 1459 850 1483 :
884 1459 959 1497 ego
978 1459 1070 1485 vero
1090 1453 1298 1498 propterea
1331 1446 1451 1484 nihilo
1472 1445 1640 1484 deterior
1659 1444 1740 1484 ‘exi-

267 1506 465 1552 stimabor,
478 1505 544 1557 qui
563 1506 704 1544 absens
719 1519 742 1544 a
760 1513 799 1544 te
820 1507 920 1545 male
941 1508 1110 1546 audiam.
1143 1508 1416 1546 Calamitosior
1435 1508 1592 1559 quidem
1613 1514 1653 1545 et
1670 1507 1742 1544 mi-

268 1569 469 1608 serabilior
487 1568 621 1606 haberi
645 1582 809 1620 queam:
839 1578 896 1615 ut,
926 1570 992 1622 qui
1022 1570 1112 1608 olim
1134 1570 1254 1608 nihilo
1278 1571 1389 1608 vobis
1418 1565 1571 1608 inferior
1590 1568 1742 1615 fuerim,

269 1645 374 1669 nunc
406 1638 536 1669 autem
566 1630 714 1669 nullam
743 1644 813 1683 pro
842 1645 904 1670 me
936 1645 1073 1670 vocem
1102 1633 1231 1680 edere,
1261 1647 1306 1671 ac
1340 1646 1389 1672 ne
1418 1627 1553 1671 audire
1584 1630 1744 1682 quidem

268 1695 416 1746 possim
437 1693 624 1732 convicia.
654 1693 744 1731 Jam
764 1707 896 1732 senem
918 1694 1162 1733 moderatum
1183 1695 1397 1747 exagitare,
1423 1693 1490 1745 qui
1517 1693 1666 1731 nullam
1686 1693 1744 1730 ul-

271 1756 385 1793 tionis
402 1768 510 1806 spem
530 1755 662 1803 habet,
683 1763 727 1794 ut
746 1757 812 1807 qui
834 1770 942 1808 spem
963 1770 1117 1795 omnem
1137 1757 1176 1794 in
1196 1757 1307 1795 vobis
1328 1756 1420 1808 ipsis
1441 1752 1571 1794 adhuc
1589 1754 1746 1801 habeat,

272 1817 338 1868 qui
367 1830 456 1855 eum
486 1831 534 1855 ne
554 1817 628 1869 ipsi
658 1818 814 1868 quidem
836 1818 1000 1870 amplius
1022 1832 1256 1858 conservare
1284 1818 1452 1870 possitis,
1472 1830 1604 1856 nonne
1632 1825 1746 1868 turpe

272 1878 359 1917 est?
391 1879 452 1916 Ne
478 1879 629 1925 feceris,
648 1880 811 1919 obsecro
839 1888 891 1926 te,
912 1893 961 1917 ne
981 1880 1121 1918 feceris
1144 1881 1348 1932 Ctesipho,
1375 1892 1503 1930 neque
1525 1879 1557 1916 si
1577 1879 1745 1916 maxime

274 1940 388 1978 nobis
415 1940 602 1978 molestus
622 1954 709 1978 esse
733 1941 884 1986 studes,
912 1954 1037 1991 neque
1065 1941 1156 1979 ullis
1176 1941 1289 1979 malis
1320 1940 1461 1978 nostris
1494 1940 1657 1978 satiatus
1689 1954 1745 1988 es,

276 2003 351 2040 isto
384 2001 538 2052 piaculo
566 2008 605 2039 te
634 2002 853 2053 liberosque
883 2010 973 2040 tuos
992 2003 1269 2041 obstrinxeris:
1300 2015 1400 2053 quos
1426 2015 1475 2040 ea
1495 2015 1565 2054 spe
1598 2002 1684 2049 alis,
1705 2009 1749 2041 ut

276 2064 488 2102 senectutis
509 2070 588 2102 tuae
616 2064 860 2103 imbecillitas
892 2066 929 2102 in
956 2078 1089 2103 eorum
1118 2065 1301 2117 praesidio
1331 2065 1599 2117 conquiescat.
1661 2066 1749 2103 Me-

280 2132 413 2164 mento
437 2125 580 2176 potius,
601 2139 649 2163 ne
672 2126 897 2165 AEschinem
924 2127 1080 2178 quidem
1101 2127 1178 2166 huc
1203 2140 1246 2165 se
1271 2127 1476 2166 redactum
1504 2126 1549 2164 iri
1576 2140 1749 2179 unquam

279 2195 454 2240 putasse,
470 2199 544 2224 nec
565 2187 708 2224 multos
730 2188 841 2235 alios,
860 2189 922 2239 qui
938 2189 1124 2240 majorem
1149 2189 1267 2227 etiam
1285 2189 1325 2227 in
1346 2202 1418 2228 sua
1437 2188 1562 2241 patria
1581 2190 1751 2229 auctori-

280 2255 401 2288 tatem
414 2248 652 2295 habuerunt,
669 2254 709 2286 et
723 2248 930 2300 splendore
946 2263 1008 2288 me
1028 2264 1073 2290 ac
1094 2257 1132 2290 te
1154 2259 1399 2302 superarunt.

975 2373 1049 2412 ΙΙΙ.

326 2457 474 2494 Omnes
488 2455 551 2493 alii
566 2455 631 2506 qui
649 2469 715 2507 per
727 2455 906 2506 injuriam
921 2458 1116 2504 exsulant,
1133 2459 1381 2498 aut-reditum
1397 2473 1420 2498 a
1433 2460 1581 2498 civibus
1593 2473 1754 2511 precan-

286 2524 362 2563 tur,
378 2524 444 2555 aut
461 2516 636 2555 frustrati
657 2529 718 2564 eo,
732 2517 868 2568 patriae
881 2518 1134 2567 maledicunt,
1152 2528 1194 2558 ut
1212 2535 1301 2572 quae
1321 2522 1448 2572 inique
1465 2535 1599 2560 secum
1615 2522 1756 2572 egerit:

288 2592 363 2630 ego
383 2592 474 2617 vero
494 2586 705 2630 postquam
725 2579 763 2616 in
780 2579 1041 2618 calamitatem
1063 2581 1157 2619 actis
1173 2582 1211 2619 in
1232 2583 1430 2634 republica
1445 2582 1538 2621 meis
1557 2582 1758 2634 indignam

287 2641 420 2686 incidi,
439 2647 479 2678 et
511 2640 604 2678 dum
625 2640 718 2678 alios
749 2654 908 2687 accuso,
930 2642 1012 2693 ipse
1042 2655 1127 2680 sum
1156 2643 1456 2691 condemnatus,
1485 2645 1650 2683 moleste
1677 2645 1759 2682 fero

290 2703 483 2754 equidem,
509 2702 565 2739 uti
594 2715 663 2752 par
694 2709 766 2747 est,
799 2703 868 2741 sed
899 2704 992 2741 nihil
1022 2717 1179 2755 prorsus
1208 2718 1436 2743 succenseo.
1484 2706 1623 2758 Neque
1656 2708 1758 2745 enim

293 2764 392 2802 adeo
415 2776 561 2801 vaecors
592 2776 666 2814 ego
686 2776 784 2808 sum,
805 2772 861 2810 ut,
883 2779 930 2803 ex
956 2778 1034 2816 qua
1054 2767 1148 2804 urbe
1168 2766 1461 2814 Themistocles,
1493 2762 1564 2819 qui
1594 2768 1760 2806 Graeciae

292 2825 507 2862 libertatem
521 2825 698 2871 asseruit,
715 2825 848 2876 pulsus
868 2834 939 2872 est,
961 2834 1076 2879 atque
1096 2827 1161 2865 ubi
1181 2828 1396 2875 Miltiades,
1417 2830 1466 2868 ob
1488 2829 1669 2881 exiguum
1691 2830 1759 2869 de-

293 2887 416 2924 bitum
437 2899 553 2925 senex
579 2886 619 2924 in
650 2900 802 2926 carcere
836 2896 1010 2927 mortuus
1040 2896 1127 2928 est:
1159 2890 1193 2928 ei
1221 2891 1314 2938 urbi,
1337 2891 1544 2931 AEschines
1571 2892 1762 2931 Atrometi
