1948 3306
314 170 394 211 774
796 171 1019 211 CONTRA
1050 170 1310 211 NEAERAM.

314 287 447 313 ronem
463 275 716 323 Mercurium,
743 278 845 317 intra
874 278 1066 317 Dorothei
1098 276 1288 316 Eleusinii
1317 275 1421 314 aedes
1452 282 1491 313 ct
1519 275 1775 321 Chnomachi,

313 349 429 387 quarn
461 351 566 377 nunc
588 339 818 391 Spintharus
846 342 894 379 ab
928 354 974 379 eo
1000 346 1192 379 mercatus
1226 345 1285 377 est
1313 345 1462 389 septem
1486 337 1615 376 minis.
1671 338 1775 376 Nam

313 411 407 449 opes
435 400 623 451 Stephani
647 409 728 440 tum
749 403 810 440 hae
837 410 960 450 erant,
987 409 1253 454 praetereaque
1283 399 1378 438 nihil
1398 399 1432 438 ei
1460 406 1553 438 erat.
1610 399 1774 438 Duabus

311 468 439 499 autem
457 462 506 501 de
525 465 652 503 causis
671 478 756 503 eam
772 465 948 511 duxerat,
971 473 1014 503 ut
1033 472 1071 503 et
1092 464 1175 504 sine
1196 469 1349 514 sumptu
1370 468 1486 514 atque
1506 461 1683 500 immunis
1700 462 1776 500 for—

311 535 467 562 mosum
485 533 655 565 scortum
675 527 848 575 haberet,
870 534 909 566 et
927 528 1063 566 mulier
1083 527 1133 565 ad
1152 526 1297 565 victum
1324 523 1546 564 necessaria
1571 530 1776 574 quaereret,

311 584 574 640 familiamque
594 595 859 634 sustentarem
887 603 1014 641 neque
1043 590 1145 629 enim
1174 590 1248 628 iste
1278 588 1380 628 ullos
1406 587 1501 626 alios
1520 586 1691 625 habebat
1719 598 1778 624 re-

311 647 430 696 ditus,
450 650 524 689 nisi
549 651 646 689 forte
665 651 758 702 quid
776 665 845 703 per
864 652 1081 691 calumnias
1102 651 1341 690 extorsisset.
1399 648 1570 702 Phrynio
1588 661 1692 695 vero,
1708 648 1778 694 ,ubi
1818 645 1823 657 ⁸

313 710 526 750 audivisset
554 725 640 750 earn
674 713 713 752 in
739 715 834 752 urbe
867 728 966 761 esse,
987 721 1027 753 et
1057 714 1162 765 apud
1193 713 1312 752 istum
1339 712 1538 758 diversari,
1568 708 1777 761 assumptis

312 785 447 810 secum
467 774 795 823 adolescentibus,
814 783 853 814 et
886 777 936 815 ad
968 776 1069 814 aedes
1089 788 1299 827 aggressus
1321 773 1527 826 Stephani,
1547 785 1632 811 eam
1658 771 1775 810 duce-

312 833 403 879 bat;
433 843 632 874 asserente
661 844 789 876 autern
820 851 904 876 eam
925 837 1127 888 Stephano
1155 836 1371 874 secundum
1395 836 1524 886 legem
1553 835 1593 872 in
1622 833 1778 872 liberta-

313 902 405 942 tem,
426 896 530 947 apud
551 896 787 934 belliducem
808 898 1020 948 sponsione
1039 899 1146 936 illam
1166 896 1386 936 obstrinxit.
1443 897 1502 935 Ac
1531 902 1576 934 ut
1607 909 1670 934 me
1687 909 1780 934 vcra

313 957 442 996 dicere
474 963 641 1005 constet,
670 956 809 995 horum
830 964 972 996 testem
999 971 1088 996 eum
1120 957 1263 1008 ipsum,
1283 958 1349 1009 qui
1380 964 1463 996 tum
1501 956 1779 996 Polemarchus

313 1018 399 1068 fuit,
411 1018 625 1065 adducam.
682 1017 793 1057 Voca
812 1018 904 1057 mihi
924 1020 1062 1058 Aetem
1083 1017 1296 1057 Ciriadem.

844 1134 1252 1175 TESTIMONIUM.

357 1212 452 1244 Aetes
478 1213 621 1245 Cin-iactes
644 1218 784 1250 testatur,
802 1225 836 1245 se
858 1215 1013 1245 belliduce
1034 1214 1199 1255 sponsione
1223 1214 1387 1255 obligatam
1403 1215 1547 1245 Neaeram
1567 1223 1648 1244 nunc
1664 1221 1746 1243 ream
1763 1223 1781 1242 a

314 1263 492 1303 Phrynione
524 1266 619 1295 fratre
636 1265 853 1303 Democharis,
871 1270 903 1296 et
918 1267 1039 1296 Neaerae
1056 1266 1149 1297 vades
1168 1277 1236 1297 esse
1250 1267 1361 1303 factos,
1377 1265 1565 1305 Stephanum
1586 1264 1783 1299 Euroeadam,

313 1315 493 1346 Glaucetem
510 1317 755 1361 Cephisiensem‚
770 1322 800 1348 et
814 1318 1033 1349 Aristocratem
1046 1318 1239 1349 Phalereum.

371 1392 434 1443 13.
466 1391 686 1444 Sponsione
716 1407 783 1445 per
817 1395 1060 1446 Stephanum
1086 1394 1263 1441 liberata,
1284 1395 1389 1446 apud
1408 1407 1496 1433 eum
1524 1405 1780 1439 commorans,

311 1453 481 1492 eundem
497 1461 693 1505 quaestum
714 1455 979 1504 nihilominus,
999 1470 1116 1509 quem
1137 1464 1253 1496 antea
1270 1457 1491 1504 factitabat,
1518 1456 1589 1499 sed
1615 1456 1781 1508 majores

311 1516 511 1554 mercedes
530 1517 724 1568 exigebat,
745 1518 776 1556 si
796 1518 883 1570 quis
909 1531 1000 1557 cum
1029 1531 1077 1557 ea
1106 1532 1188 1558 rem
1206 1519 1347 1558 habere
1366 1519 1509 1564 vellet;
1538 1524 1583 1557 ut
1600 1531 1688 1569 quae
1700 1517 1784 1569 jam

311 1583 543 1627 praetextum
561 1578 722 1619 haberet
739 1593 820 1619 suae
842 1581 1106 1633 turpitudinis,
1126 1588 1167 1620 et
1185 1589 1308 1633 nupta
1328 1588 1446 1621 esset.
1504 1579 1730 1620 calumnias
1745 1588 1785 1618 et

312 1638 386 1677 iste
406 1639 630 1692 adjuvabat,
649 1641 682 1680 si
702 1655 817 1693 quem
837 1643 1046 1695 hospitem,
1067 1644 1258 1695 ignotum,
1279 1643 1448 1691 divitem,
1468 1643 1554 1694 ejus
1573 1649 1784 1681 amatorem

313 1701 648 1753 deprehendisset,
667 1719 737 1757 pro
770 1706 947 1745 adultero
979 1706 1086 1745 intus
1117 1706 1339 1753 includens,
1363 1712 1402 1744 et
1433 1705 1584 1757 argenti
1619 1705 1782 1743 multum

313 1772 559 1816 extorquens.
617 1767 702 1806 Nec
723 1767 874 1820 injuria.
931 1769 1034 1807 Nam
1064 1782 1126 1819 res
1151 1768 1350 1807 familiaris
1371 1780 1444 1806 nec
1467 1767 1668 1819 Stephano
1688 1773 1784 1814 erat,

313 1839 387 1865 nec
406 1827 581 1877 Neaerae,
601 1829 707 1868 unde
719 1830 964 1881 quotidianos
984 1838 1163 1882 sumptus
1177 1830 1366 1868 sustinere
1386 1837 1574 1882 possent;
1601 1841 1783 1880 expensae

315 1894 446 1926 autem
463 1890 668 1940 permultae
687 1898 810 1937 erant,
841 1891 947 1943 quod
967 1897 1007 1929 et
1024 1891 1156 1938 istum,
1176 1897 1214 1929 et
1240 1904 1297 1936 se,
1319 1897 1361 1929 et
1389 1898 1468 1930 tres
1498 1890 1655 1938 liberos,
1679 1904 1783 1942 quos

314 1949 383 1988 illa
400 1962 534 1989 secum
553 1952 784 1999 adduxerat,
802 1958 843 1990 et
860 1952 959 1991 duas
985 1951 1162 1999 ancillas,
1182 1959 1222 1990 et
1247 1964 1413 2003 puerum
1442 1951 1662 1990 ministrum
1681 1951 1784 1990 alere

315 2017 524 2062 oporteret,
539 2013 752 2064 praesertim
771 2026 892 2064 quum
910 2015 1010 2052 bene
1029 2014 1203 2053 victitare
1222 2013 1436 2060 didicisset,
1457 2014 1506 2052 ab
1526 2013 1612 2052 aliis
1631 2021 1785 2052 susten-

314 2078 397 2110 tata
415 2073 536 2125 prius.
594 2074 733 2126 Neque
753 2076 856 2113 enim
875 2088 896 2113 e
915 2075 1117 2127 republica
1142 2075 1290 2114 reditus
1320 2075 1448 2127 aliquo
1469 2075 1625 2115 nomine
1644 2076 1784 2127 dignos

315 2134 485 2174 habebat
504 2135 842 2188 Stephanus,—ut
860 2137 925 2188 qui
952 2137 1127 2176 nondum
1150 2144 1279 2176 orator
1297 2145 1416 2186 esset,
1439 2137 1508 2176 sed
1526 2138 1783 2177 calumniator

316 2196 458 2245 adhuc,
477 2211 527 2236 ex
555 2211 688 2237 eorum
707 2212 868 2238 numero
888 2199 954 2251 qui
975 2200 1025 2238 ad
1044 2206 1275 2251 suggestum
1294 2199 1527 2248 acclamant,
1547 2206 1588 2239 et
1606 2200 1784 2239 mercede

315 2266 516 2307 accusant,
538 2267 578 2298 et
596 2260 783 2308 indicant,
807 2269 847 2301 et
866 2261 1003 2300 alienis
1031 2261 1234 2301 sententiis
1253 2262 1570 2311 subscribunt—‚
1590 2262 1718 2301 donec
1745 2263 1785 2300 in

316 2320 535 2360 clientelam
556 2322 769 2362 Callistrati
789 2323 995 2375 Aphidnaei
1021 2337 1064 2363 se
1095 2324 1315 2363 insinuavit.
1374 2325 1463 2369 Quo
1481 2337 1574 2363 vero
1597 2330 1728 2376 pacto,
1749 2331 1788 2363 et
1848 2379 1849 2382 Ἴ
1898 2375 1899 2378 ¹
1934 2364 1935 2371 ,

316 2395 435 2435 quam
455 2385 505 2422 ob
535 2397 708 2432 causam,
742 2386 782 2424 id
803 2399 957 2438 quoque
976 2387 1085 2425 vobis
1106 2388 1283 2434 narrabo,
1304 2387 1370 2426 ubi
1388 2386 1555 2439 primum
1573 2388 1623 2426 de
1643 2387 1786 2426 Neaera

315 2445 391 2484 hac
419 2447 639 2495 ostendero,
669 2462 755 2487 eam
775 2462 862 2487 esse
889 2449 1404 2502 peregrinam,·magnisque
1424 2463 1493 2489 vos
1521 2448 1699 2488 affecisse
1726 2449 1785 2487 in-

310 2508 438 2561 juriis,
457 2515 498 2548 et
515 2509 554 2547 in
573 2510 670 2549 deos
699 2511 856 2562 impiam
879 2511 1090 2559 exstitisse,
1121 2518 1165 2550 ut
1194 2511 1456 2564 cognoscatis,
1475 2511 1602 2563 ipsum
1628 2524 1785 2563 quoque

317 2571 480 2622 dignum
500 2584 585 2611 esse
607 2586 687 2612 non
706 2573 842 2612 minori
865 2574 1067 2626 supplicio,
1086 2587 1201 2625 quam
1218 2575 1411 2621 Neaeram,
1441 2573 1510 2613 sed
1530 2573 1652 2612 multo
1667 2573 1786 2612 etiam

318 2633 478 2685 majore,
504 2640 693 2686 tantoque
723 2636 862 2688 magiS‚
893 2636 1002 2688 quod.
1039 2650 1081 2675 se
1109 2637 1388 2676 Atheniensem
1421 2649 1510 2675 esse
1541 2648 1632 2674 cum
1666 2635 1784 2684 dicat,

317 2710 442 2748 usque
463 2697 562 2736 adeo
582 2705 622 2737 et
637 2698 745 2750 leges
766 2699 1012 2751 contempsit,
1031 2705 1072 2738 et
1089 2712 1173 2747 VOS,
1189 2706 1228 2738 et
1247 2699 1358 2746 deos,
1375 2698 1442 2750 qui
1460 2696 1611 2750 pudore
1630 2704 1671 2736 et
1689 2710 1785 2736 con-

318 2758 480 2798 scientia
499 2773 658 2799 suorum
679 2761 868 2800 scelerum
887 2774 965 2800 non
987 2768 1046 2800 est
1062 2761 1272 2809 adductus,
1288 2768 1333 2800 ut
1347 2761 1581 2813 quiesceret,
1599 2759 1670 2798 sed
1689 2759 1783 2798 dum

319 2826 359 2858 et
377 2821 489 2870 alios,
507 2829 547 2861 et
564 2836 626 2862 me
643 2824 869 2863 calumniari
888 2837 967 2863 non
987 2823 1152 2872 dubitat,
1178 2823 1318 2872 effecit,
1338 2830 1382 2862 ut
1408 2829 1449 2862 et
1479 2823 1577 2875 ipse,
1595 2828 1636 2861 et
1653 2821 1728 2860 ista
1744 2823 1783 2860 in

319 2883 537 2934 peiiculum
563 2885 838 2934 adduceretur,
868 2895 911 2926 ut
941 2894 981 2927 et
1009 2887 1078 2927 illa
1106 2887 1232 2939 qualis
1265 2887 1314 2926 sit
1341 2885 1578 2960 exploretur,
1607 2891 1647 2924 et
1671 2884 1784 2923 istius

320 2944 544 2996 improbitas
564 2955 809 3000 coarguatur.
