1965 3356
525 210 814 249 ADVERSUS
848 210 1205 250 LEOCHAREM.
1525 212 1602 251 633

141 313 441 368 adoptationem,
460 315 527 366 qui
553 315 657 367 prius
687 313 861 366 adoptati
885 327 962 352 non
982 326 1128 360 sumus,
1148 327 1225 352 non
1246 327 1365 365 penes
1391 315 1501 354 istos.
1547 315 1599 365 'Si

140 376 296 428 quidem
309 377 409 428 jure,
430 377 577 428 opinor,
593 376 804 427 legislator,
818 382 863 413 ut
877 382 915 413 et
929 375 1168 414 calamitates
1189 384 1440 426 cognatorum
1461 383 1501 416 et
1519 377 1600 416 elo-

138 437 310 476 cationes
335 438 535 476 mulierum
562 450 703 488 genere
723 436 905 488 proximis
926 437 1139 484 mandavit,
1160 437 1214 476 sic
1235 444 1275 476 et
1292 438 1540 477 haereditates
1562 447 1601 479 et

136 498 327 538 bonorum
355 500 642 551 perceptionem
675 498 813 537 iisdem
848 499 1028 537 restituit.
1087 499 1203 543 Quod
1229 513 1322 538 vero
1349 506 1409 538 est
1428 501 1599 540 omnium

136 561 345 600 maximum
372 562 559 612 vobisque
579 561 834 607 notissimum,
854 562 1008 601 Solonis
1037 562 1113 608 lex,
1137 575 1209 601 nec
1239 570 1511 601 testamentum
1540 565 1599 603 fa-

136 637 223 663 cere
243 625 464 677 adoptivum
494 638 566 663 nec
590 625 720 675 legare
741 638 788 663 ea
803 637 891 675 quae
920 631 1008 663 sunt
1038 625 1075 662 in
1096 625 1240 663 familia
1260 639 1347 664 cum
1378 626 1598 677 adoptatur,

136 686 238 724 sinit.
292 687 386 725 Jure
406 686 575 725 omnino.
632 687 733 724 Nam
753 687 984 725 auctoritate
1011 687 1142 738 legum
1167 688 1354 739 adoptato
1380 688 1419 725 in
1453 688 1598 727 alienas

136 760 242 799 opes,
266 761 344 787 non
368 749 437 795 sic,
465 755 508 786 ut
541 749 589 787 de
619 748 777 800 privatis
807 750 933 795 rebus,
955 756 1016 787 est
1042 750 1315 788 statuendum:
1346 750 1417 788 sed
1436 763 1482 788 ex
1501 764 1598 802 prae-

135 810 277 861 scripto
295 810 440 862 legum,
460 810 614 861 singula
632 810 685 848 ita
705 818 749 849 ut
769 812 981 862 perscripta
1002 818 1094 849 sunt
1113 811 1303 859 facienda,
1326 811 1427 850 sicut
1446 812 1510 851 lex
1530 813 1597 851 ait.

136 872 211 916 Qui
229 886 308 911 uon
328 873 501 925 adoptati
519 874 687 919 fuerant,
709 872 774 920 ait,
795 887 884 912 cum
902 874 1021 912 Solon
1041 873 1310 926 magistratum
1328 875 1454 920 iniret,
1471 875 1526 913 eis
1541 882 1599 913 te-

134 934 315 972 stamenti
333 934 498 972 faciendi
518 947 588 972 suo
608 934 791 973 arbitratu
815 937 879 985 jus
899 942 1007 974 esto:
1036 935 1230 987 adoptatis
1258 949 1349 974 vero
1377 936 1598 974 testamenti

133 996 252 1034 factio
271 1010 320 1035 ne
339 1003 436 1044 esto,
454 997 524 1035 sed
544 1003 612 1035 aut
631 997 801 1035 viventes
821 998 954 1036 relicto
969 998 1135 1036 naturali
1152 997 1232 1036 filio
1250 999 1289 1036 in
1305 998 1489 1036 familiam
1507 998 1596 1036 red-

131 1063 265 1105 eunte,
284 1059 345 1098 vel
365 1057 539 1098 det'uncti
558 1058 821 1098 haereditatem
855 1060 986 1113 primis
1020 1061 1200 1112 cognatis
1222 1060 1459 1113 adoptatoris
1484 1060 1594 1099 resti-

135 1126 288 1161 tuunto.

811 3035 832 3070 ⁴1
858 3045 888 3069 M
