1948 3306
263 153 336 189 100
716 148 774 186 IN
808 147 1266 187 CTESIPHONTEM.

259 253 529 292 bernatoribus
568 253 760 298 utebatur,
793 265 1044 304 progressum
1075 264 1308 303 praeconem,
1342 251 1621 302 productisque
1658 263 1731 302 pu-

262 315 379 366 pillis,
396 327 558 365 quorum
579 319 709 365 patres
724 313 764 351 in
776 314 910 365 praelio
925 314 1161 360 ceciderant,
1183 312 1490 351 adolescentulis
1504 312 1657 363 integra
1671 324 1732 349 ar-

262 382 414 414 matura
444 376 659 422 instructis,
697 375 999 426 pulcherrimum
1029 383 1068 413 et
1091 376 1138 413 ad
1169 376 1350 413 virtutem
1379 373 1732 413 commendandam

263 439 506 490 aptissimum
525 438 763 489 praeconium
786 438 915 476 facere
934 439 1200 484 consuevisse,
1226 438 1263 475 H
1275 451 1297 475 ο
1311 451 1329 476 s
1361 437 1476 476 adol
1490 450 1540 475 es
1553 450 1574 475 c
1587 443 1699 475 ente
1713 449 1732 474 s

263 514 481 552 quorum
514 508 693 552 patres
723 501 774 538 in
803 500 945 537 bello
977 501 1203 539 fortiter
1244 496 1553 552 pugnantes
1591 512 1737 537 occu-

264 564 512 609 buerunt,
546 563 609 600 ad
641 564 992 614 pubertatem
1027 576 1198 614 usque
1230 562 1487 614 populum
1516 560 1735 605 aluisse,

265 638 406 663 nunc
437 632 611 663 autom
648 626 861 674 integra
891 624 983 661 hac
1012 631 1277 662 armatura
1308 631 1498 671 teetoS,
1531 622 1738 661 faustis

264 686 542 730 ominibus,
572 691 625 722 ut
657 685 718 722 ad
754 697 835 722 res
877 697 998 723 suas
1037 692 1399 732 revertantur,
1429 684 1737 729 dimittere,

265 754 313 785 et
341 747 400 786 ad
431 746 727 798 principem
759 745 808 782 in
846 759 1114 784 consessu
1152 747 1326 784 locum
1362 759 1575 785 vocare.
1638 745 1739 782 Haec

264 809 419 860 quidem
438 808 528 845 olim
550 807 799 858 praedicabat,
817 821 923 846 nunc
943 821 1034 846 vero
1055 821 1133 847 non
1153 808 1260 854 item,
1280 807 1472 859 producto
1492 808 1594 845 enim
1610 819 1656 844 eo
1677 805 1743 856 qui

265 871 396 908 liberis
425 869 599 907 orbitatis
629 882 751 907 causa
770 870 855 915 fuit,
877 870 970 921 quid
990 870 1234 921 praedicabit,
1255 869 1349 921 quid
1380 867 1593 907 clamabit?
1639 868 1741 905 Nam

266 933 338 969 etsi
366 933 450 983 ipsa
469 931 614 969 decreti
634 931 862 983 praescripta
897 931 1081 978 recitarit,
1108 945 1308 982 nunquam
1339 937 1471 970 tamen
1500 931 1745 969 obmutescet

266 1007 357 1031 vera
384 993 438 1032 rei
470 994 686 1044 turpitudo,
714 993 782 1032 sed
812 993 1002 1044 praeconis
1035 994 1163 1032 verbis
1197 994 1391 1032 contraria
1421 1004 1580 1044 prorsus
1614 990 1744 1041 eloqui

265 1056 473 1102 videbitur,
523 1056 790 1107 Populum
847 1055 1243 1093 Atheniensem
1293 1055 1428 1093 hunc
1469 1056 1650 1099 virum,
1702 1051 1744 1090 si

267 1117 480 1168 quidem
519 1118 625 1155 iste
658 1117 737 1156 vir
768 1125 862 1163 est,
895 1130 1095 1155 corona
1130 1118 1345 1164 donare,
1383 1115 1591 1155 virtutis
1626 1126 1743 1164 ergo

267 1180 675 1230 nequissimum,
727 1180 1094 1217 fortitudinis
1142 1192 1270 1230 ergo
1321 1176 1742 1217 timidissimum

265 1240 316 1279 lo
329 1254 349 1279 c
363 1241 373 1278 i
386 1255 412 1292 q
424 1255 448 1279 u
464 1255 485 1279 e
536 1242 562 1279 d
578 1255 598 1280 e
609 1256 626 1280 s
640 1255 660 1280 e
674 1249 754 1280 rto
767 1256 784 1280 r
798 1255 818 1280 e
835 1255 886 1281 m.
957 1242 1020 1280 Ne
1057 1255 1193 1293 quaeso
1231 1256 1315 1288 vos,
1365 1241 1637 1285 Athenienses,
1676 1252 1746 1290 per

265 1303 292 1341 J
296 1316 406 1341 ovem
426 1303 674 1354 reliquosque
694 1304 788 1342 deos
809 1304 1061 1351 immortales,
1082 1317 1131 1341 ne
1159 1304 1376 1355 trophaeum
1396 1303 1446 1342 de
1464 1302 1575 1341 vobis
1595 1301 1685 1353 ipsis
1705 1300 1745 1338 in

217 1412 225 1417 x
268 1364 394 1403 Liberi
412 1366 534 1417 patris
553 1366 753 1404 orchestra
771 1366 952 1403 statuatis
970 1369 977 1402 !
1008 1378 1058 1403 ne
1077 1366 1265 1416 populum
1286 1366 1567 1403 Atheniensem
1586 1364 1624 1401 in
1652 1376 1746 1401 con-

268 1433 413 1480 spectu
435 1426 664 1465 Graecorum
697 1427 878 1465 amentiae
899 1427 1192 1465 condemnetis!
1222 1439 1272 1464 ne
1291 1426 1440 1465 miseris
1469 1424 1669 1464 Thebanis
1690 1425 1747 1462 in-

267 1488 498 1525 sanabilium
535 1494 575 1526 et
606 1488 898 1539 desperatorum
932 1489 1123 1526 malorum
1156 1489 1381 1526 memoriam
1413 1487 1618 1533 refricetis,
1649 1499 1747 1536 quos

267 1549 383 1600 hujus
407 1549 524 1601 culpa
544 1550 733 1602 profugos
759 1549 800 1587 in
830 1552 964 1588 urbem
993 1557 1164 1589 vestram
1193 1549 1416 1602 excepistis,
1443 1562 1608 1600 quorum
1644 1549 1749 1595 fana,

269 1611 463 1662 sepulcra,
504 1611 644 1649 liberos
687 1611 965 1648 Demosthenis
1010 1612 1242 1651 nundinatio
1282 1619 1399 1663 atque
1429 1625 1565 1651 aurum
1600 1610 1749 1662 regium

267 1673 542 1724 perdiderunt!

324 1737 390 1773 49.
423 1735 502 1773 Sed
523 1734 706 1784 quoniam
727 1734 954 1785 corporibus
982 1747 1060 1773 non
1081 1734 1261 1781 affuistis,
1284 1735 1423 1774 animis
1444 1735 1583 1774 saltem
1614 1747 1747 1773 eorum

267 1797 507 1836 calamitates
527 1796 746 1841 intuemini,
769 1795 901 1847 ponite
934 1797 1042 1834 vobis
1074 1804 1165 1834 ante
1185 1797 1322 1836 oculos
1352 1797 1549 1835 civitatem
1578 1803 1748 1848 captam,

270 1859 400 1897 diruta
418 1860 574 1908 moenia,
603 1859 709 1897 aedes
727 1858 909 1896 incendio
928 1864 1114 1904 vastatas,
1134 1859 1322 1910 conjuges
1351 1859 1574 1910 liberosque
1601 1859 1640 1896 in
1670 1872 1750 1896 ser-

270 1921 432 1959 vitutem
452 1922 657 1966 abductos,
692 1920 794 1959 viros
824 1934 868 1959 ac
900 1921 1080 1958 mulieres
1110 1934 1247 1972 graves
1270 1921 1380 1959 annis
1410 1934 1497 1959 sero
1530 1921 1748 1960 libertatem

269 1982 534 2028 dediscentes,
555 1982 765 2033 plorantes,
786 1982 1052 2033 supplicantes
1074 1982 1196 2029 vobis,
1228 1983 1444 2021 irascentes
1469 1995 1550 2020 non
1569 1983 1615 2020 iis
1640 1982 1707 2033 qui
1728 1995 1752 2020 a

269 2059 310 2084 se
330 2058 465 2096 poenas
484 2043 757 2096 expetiverunt
776 2044 846 2082 sed
868 2044 913 2081 iis
945 2044 1010 2095 qui
1037 2044 1173 2082 harum
1195 2044 1463 2083 calamitatum
1483 2049 1664 2082 auctores
1683 2057 1751 2082 ex-

273 2107 418 2154 stitere,
438 2106 551 2145 enixe
585 2105 810 2157 flagitantes
830 2119 879 2144 ne
899 2119 969 2144 vos
990 2106 1071 2144 ullo
1101 2106 1216 2144 modo
1246 2105 1459 2158 perniciem
1489 2105 1656 2147 Graeciae
1684 2118 1752 2144 co-

272 2182 366 2207 rona
386 2169 554 2215 donetis,
575 2168 646 2206 sed
666 2174 709 2206 ut
727 2167 883 2219 genium
899 2168 1016 2206 etiam
1036 2174 1077 2206 et
1094 2167 1290 2206 fortunam
1310 2181 1398 2219 quae
1419 2167 1614 2206 hominem
1633 2167 1751 2206 istum

272 2231 477 2269 comitatur
496 2230 689 2269 caveatis:
721 2244 849 2282 neque
880 2230 983 2268 enim
1012 2236 1081 2268 aut
1099 2229 1237 2268 civitas
1266 2237 1335 2268 aut
1353 2230 1526 2280 privatus
1544 2229 1752 2281 quisquam

271 2293 408 2344 pulcre
428 2305 603 2343 unquam
623 2291 820 2340 discessit,
854 2291 1132 2331 Demosthenis
1165 2304 1260 2330 usus
1290 2291 1470 2330 consilio.
1519 2291 1610 2330 Non
1629 2291 1754 2343 pudet

271 2368 353 2401 vos,
387 2354 666 2401 Athenienses,
700 2356 738 2393 in
777 2354 984 2406 portitores
1014 2355 1081 2405 qui
1119 2353 1316 2392 Salamina
1352 2353 1611 2393 transvehunt
1646 2353 1752 2392 hanc

271 2417 400 2468 legem
419 2416 566 2461 tulisse,
597 2423 641 2453 ut
662 2416 693 2454 si
713 2416 798 2466 quis
820 2429 953 2454 eorum
972 2416 1170 2467 navigium
1197 2416 1237 2453 in
1271 2416 1436 2466 trajectu
1464 2416 1582 2454 etiam
1607 2414 1751 2452 invitus

272 2478 466 2524 everterit,
499 2492 548 2516 ne
578 2478 614 2515 ei
642 2484 783 2528 postea
810 2478 928 2515 liceat
956 2490 1042 2516 esse
1070 2477 1263 2529 portitori,
1291 2491 1341 2515 ne
1369 2476 1455 2528 quis
1484 2477 1523 2515 in
1552 2475 1751 2514 hominum

272 2539 500 2579 Graecorum
530 2539 722 2590 capitibus
754 2546 901 2577 temere
932 2539 1253 2590 negligenterque
1286 2545 1488 2582 versetur;
1519 2537 1610 2576 huic
1644 2550 1749 2584 vero,

271 2604 338 2654 qui
356 2609 397 2642 et
430 2602 626 2642 Graeciam
664 2602 942 2652 civitatemque
973 2609 1145 2641 nostram
1174 2602 1353 2641 funditus
1383 2600 1578 2646 everterit,
1613 2601 1750 2639 iterum

272 2664 551 2716 rempublicam
570 2662 791 2715 permittere
813 2663 1140 2715 gubernandam?

325 2728 391 2764 50.
419 2726 443 2763 J
448 2738 508 2764 am
528 2738 618 2765 vero
633 2732 678 2763 ut
696 2725 746 2764 de
766 2733 906 2777 quarto
921 2726 1037 2764 etiam
1053 2733 1227 2777 tempore
1243 2732 1282 2764 et
1300 2716 1482 2778 praesenti
1496 2737 1624 2763 rerum
1644 2730 1750 2762 statu

273 2787 415 2833 dicam,
433 2787 531 2825 illud
550 2800 619 2826 vos
638 2788 858 2826 admonitos
878 2787 1008 2834 velim,
1031 2786 1338 2826 Demosthenem
1359 2799 1438 2824 non
1459 2786 1585 2825 solum
1602 2786 1642 2824 in
1662 2785 1750 2824 acie

271 2850 400 2888 locum
429 2850 664 2896 deseruisse,
694 2863 827 2888 verum
857 2850 974 2888 etiarn
1004 2850 1171 2889 civitatis
1206 2856 1362 2896 vestrae,
1388 2854 1655 2900 ····accepta
1683 2847 1748 2885 tri-

272 2912 364 2950 remi
383 2912 571 2963 pecunias
592 2927 615 2951 a
633 2911 783 2951 Graecis
804 2913 995 2964 exegisse.
1035 2912 1135 2951 Cum
1155 2918 1283 2951 autem
1304 2911 1506 2963 inopinata
1526 2909 1635 2949 salus
1657 2922 1749 2949 eum
