1915 3356
555 196 781 234 CONTRA
808 192 1170 233 TIMARCHUM.
1542 188 1589 223 19

130 303 300 347 tempore
320 297 463 335 fiebant
487 298 536 336 de
561 299 766 337 Timarcho
789 297 947 349 ejusque
974 295 1124 339 studiis,
1150 307 1195 332 eo
1216 293 1321 344 quod
1349 291 1427 329 veri
1447 295 1589 334 essent,

131 358 274 396 fiebant
288 370 296 395 :
310 358 374 408 qui
393 366 519 397 autem
531 360 605 398 hoc
621 360 682 398 die
699 359 886 403 dicentur,
900 362 1058 407 propter
1072 355 1146 392 hoc
1163 355 1382 401 discrimen,
1393 350 1511 390 vestri
1523 349 1590 387 de-

129 418 300 469 cipiendi
319 420 453 470 gratia.
500 421 696 471 Apponite
715 432 808 470 ergo
833 417 1024 456 calculum
1044 415 1208 466 longiori
1227 413 1403 465 tempori,
1424 419 1463 450 et
1490 411 1589 449 veri-

128 480 210 525 tati,
233 487 271 518 et
286 481 535 519 conscientiae
554 488 708 519 vestrae.

186 542 247 578 19.
278 542 482 580 Enimvero
512 543 675 592 scriptor
700 540 857 591 quidam
887 539 1114 582 orationum,
1145 537 1211 587 qui
1242 535 1505 573 defensionem
1535 534 1590 572 eis

126 602 348 648 concinnat,
361 615 422 639 me
434 603 558 652 ipsum
581 615 753 652 pugnare
774 613 926 638 mecum
948 599 1095 637 asserit.
1153 597 1292 647 Neque
1311 597 1412 634 enim
1428 596 1461 632 ei
1476 608 1590 645 posse

127 663 208 700 fieri
222 663 384 708 videtur,
403 670 447 700 ut
465 663 566 700 idem
584 663 700 701 homo
718 669 757 700 et
774 670 965 713 quaestum
987 673 1147 711 corpore
1167 658 1301 696 fecerit
1322 664 1361 695 et
1381 656 1589 694 decoxerit.

128 723 231 761 Nam
251 730 457 774 peccatum
473 724 630 774 aliquod
649 724 686 760 in
707 737 816 761 suum
839 736 980 773 corpus
1002 721 1217 765 admisisse,
1237 719 1276 756 id
1293 718 1399 769 pueri
1414 731 1498 755 esse
1516 716 1589 753 ait:

124 785 397 835 patrimonium
424 792 552 823 autem
571 799 639 836 per
659 786 792 822 luxum
815 784 1094 834 absumpsisse,
1116 782 1196 819 viri.
1226 780 1421 817 Praeterea
1439 792 1505 816 eos
1526 777 1591 828 qui

126 846 357 897 semetipsos
387 847 536 897 probris
557 848 742 893 afficiant,
762 848 811 884 ob
831 859 916 884 eam
937 858 1017 882 rem
1043 844 1198 894 exigere
1222 841 1421 880 mercedes
1442 839 1591 878 asserit.

126 908 295 947 Proinde
315 905 620 947 admirabundus
635 909 773 947 circuit
789 908 827 945 in
846 908 943 954 foro,
964 906 1130 958 portenti
1149 918 1235 943 esse
1251 904 1372 942 simile
1392 903 1590 946 dictitans,

125 969 156 1007 si
188 969 291 1007 idem
311 976 351 1008 et
371 977 562 1021 quaestum
589 983 749 1021 corpore
770 969 918 1015 fecerit,
939 975 978 1006 et
997 966 1210 1006 decoxerit.
1259 966 1357 1009 Quae
1379 964 1410 1001 si
1429 963 1512 1013 quis
1532 969 1593 1000 est

124 1031 190 1081 qui
210 1031 358 1068 nesciat
375 1032 572 1082 quomodo
592 1044 632 1069 se
652 1032 834 1077 habeant,
855 1043 928 1081 ego
948 1030 1050 1067 dabo
1073 1040 1229 1080 operam
1250 1033 1293 1064 ut
1310 1025 1436 1063 verbis
1458 1037 1503 1062 ea
1523 1024 1592 1061 de-

121 1090 253 1129 finiam
271 1092 440 1143 planius.
472 1092 575 1130 Nam
591 1092 683 1130 dum
704 1105 798 1143 opes
814 1093 916 1130 orbae
936 1090 1089 1142 puellae,
1108 1102 1224 1141 quam
1246 1086 1505 1138 Hegesander
1526 1086 1590 1122 Ti-

122 1152 270 1191 marchi
297 1154 458 1191 maritus
480 1154 656 1200 duxerat,
678 1161 856 1204 sumptus
884 1153 1048 1190 tolerare
1069 1157 1263 1203 poterant,
1284 1156 1322 1187 et
1351 1162 1397 1186 ea
1427 1147 1593 1199 pecunia

121 1227 238 1264 quam
254 1228 302 1263 ex
321 1215 600 1253 Timomachea
617 1215 926 1267 peregrinatione
945 1214 1153 1252 retulerat:
1189 1210 1487 1249 luxuriosissime
1506 1209 1590 1247 lau-

121 1274 347 1326 tissimeque
365 1276 560 1315 vivebant.
591 1277 670 1314 Sed
690 1290 780 1314 cum
801 1283 840 1314 et
857 1276 923 1313 illa
943 1276 1148 1327 perissent,
1168 1274 1253 1312 alea
1273 1279 1313 1311 et
1331 1272 1505 1323 cupediis
1525 1284 1590 1308 ex-

120 1335 285 1375 hausta:
316 1345 355 1375 et
383 1338 457 1376 iste
477 1338 559 1389 jam
586 1339 764 1376 exoletus
791 1345 919 1376 esset:
950 1349 1143 1387 nemoque
1170 1336 1267 1387 jam,
1300 1341 1344 1372 ut
1369 1333 1451 1371 fieri
1478 1333 1592 1379 solet,

121 1398 328 1449 quicquam
349 1400 384 1437 ei
414 1400 646 1451 largiretur:
677 1400 874 1451 ingenium
904 1406 1034 1437 autem
1064 1398 1148 1449 ejus
1168 1397 1433 1448 importunum
1455 1402 1492 1433 et
1521 1408 1590 1433 ne-

121 1460 259 1498 farium
281 1461 417 1499 eadem
444 1462 610 1500 subinde
629 1462 859 1513 postularet,
880 1468 920 1499 et
943 1474 1012 1512 pro
1040 1458 1264 1510 inexplebili
1286 1457 1591 1508 intemperantiae

121 1521 184 1558 siti
207 1521 314 1560 aliud
332 1529 450 1573 atque
471 1523 575 1561 aliud
595 1523 812 1574 imperaret,
833 1523 940 1574 quod
961 1535 1031 1574 pro
1053 1521 1281 1573 quotidiana
1307 1519 1592 1558 consuetudine

121 1583 413 1621 absumeretur:
443 1592 524 1621 tum
559 1585 714 1622 demum
747 1585 796 1622 ad
822 1591 1006 1636 paternas
1039 1583 1246 1621 facultates
1279 1581 1521 1619 devorandas
1549 1594 1591 1618 se

119 1644 321 1682 convertit.
353 1645 491 1695 Neque
506 1658 598 1683 vero
615 1646 812 1682 devoravit
826 1646 966 1691 solum,
989 1646 1058 1682 sed
1079 1645 1109 1681 si
1130 1645 1205 1680 dici
1222 1645 1281 1681 fas
1297 1650 1373 1691 est,
1395 1643 1508 1680 etiam
1524 1656 1591 1680 ex-

118 1704 261 1742 hausit.
304 1705 446 1755 Neque
471 1705 573 1742 enim
598 1705 707 1755 justo
727 1718 920 1756 quamque
940 1705 1227 1755 possessionem
1248 1704 1372 1754 pretio
1400 1704 1590 1750 distraxit,

119 1776 247 1816 neque
276 1765 524 1803 auctionatus
559 1773 630 1811 est,
659 1773 726 1803 aut
754 1765 930 1803 utilitatis
956 1766 1145 1803 rationem
1175 1765 1317 1802 ducere
1347 1765 1487 1815 potuit,
1520 1766 1591 1803 sed

117 1827 216 1865 tanti
234 1826 423 1872 vendidit,
445 1833 635 1877 quantum
657 1827 695 1864 in
715 1827 922 1878 praesentia
941 1826 1190 1865 offerebatur.
1221 1827 1347 1863 Tanto
1368 1826 1512 1877 impetu
1541 1827 1589 1864 ad

119 1889 338 1940 voluptates
357 1889 564 1926 ferebatur.
612 1889 713 1926 Nam
733 1902 800 1926 eas
819 1889 871 1925 illi
891 1896 1000 1939 pater
1019 1889 1224 1926 facultates
1244 1887 1466 1938 reliquerat,
1485 1888 1591 1925 unde

117 1950 215 1988 alius
253 1949 369 1988 etiam
403 1949 625 2001 reipublicae
663 1950 914 1988 contulisset:
952 1963 1019 1988 eas
1057 1962 1148 1988 vero
1177 1950 1249 1988 iste
1279 1964 1326 1988 ne
1358 1963 1590 1987 conservare

119 2011 276 2063 quidem
291 2011 432 2062 potuit.
452 2011 650 2049 Videlicet
661 2013 819 2050 domum
833 2013 1036 2058 urbanam,
1051 2011 1214 2049 fundum
1229 2011 1465 2061 Sphettium‚
1483 2011 1590 2049 aliud

117 2073 307 2126 praedium
329 2073 598 2124 Alopecense:
628 2080 818 2124 praeterea
841 2086 973 2111 servos
996 2074 1151 2111 sutoriae
1172 2073 1264 2110 artis
1285 2072 1429 2123 peritos
1450 2086 1590 2110 novem

119 2142 189 2174 aut
207 2135 342 2173 decem
359 2147 368 2172 ε
397 2148 562 2186 quorum
583 2135 747 2186 quisque
765 2135 877 2172 binos
898 2135 961 2172 isti
978 2135 1115 2172 obolos
1136 2135 1175 2171 in
1195 2134 1277 2171 dies
1298 2134 1474 2185 singulos
1493 2148 1589 2186 pen-

117 2196 248 2243 debat,
277 2196 421 2247 opificii
451 2209 540 2234 vero
569 2197 752 2246 magister
775 2202 934 2233 ternos:
965 2195 1016 2232 ad
1047 2195 1132 2233 haec
1163 2195 1362 2233 mulierem
1390 2196 1497 2246 byssi
1530 2202 1587 2233 te-

119 2257 257 2295 xendae
275 2257 451 2308 peritam,
472 2265 512 2296 et
531 2258 687 2296 subtilia
706 2270 823 2309 opera
844 2257 879 2294 in
902 2257 1028 2294 forum
1050 2255 1184 2294 afferre
1213 2257 1380 2303 solitam,
1407 2263 1447 2294 et
1464 2257 1590 2294 homi-

117 2332 208 2357 nem
232 2318 503 2370 phrygionem,
532 2326 572 2357 et
589 2319 780 2369 quosdam
799 2318 1008 2363 obaeratos,
1028 2317 1312 2369 suppellectilia
1331 2317 1510 2367 denique.

171 2382 238 2418 20.
267 2379 318 2418 Et
337 2379 422 2418 haec
436 2386 480 2418 ut
496 2393 584 2419 vere
599 2393 622 2418 a
638 2393 698 2418 me
712 2380 787 2417 dici
804 2386 968 2424 constet,
986 2392 1088 2417 nunc
1106 2379 1263 2416 demum
1279 2392 1346 2417 eos
1362 2379 1588 2430 producam,

117 2444 183 2494 qui
201 2444 318 2495 plane
338 2449 455 2494 atque
475 2450 606 2494 aperte
626 2456 666 2481 re
692 2443 776 2494 ipsa
794 2443 1059 2481 testificentur.
1097 2442 1232 2492 Neque
1260 2442 1360 2479 enim
1382 2441 1442 2479 hic
1464 2441 1586 2478 ullum

118 2505 331 2557 periculum
359 2512 426 2543 aut
445 2505 630 2551 dedecus,
659 2512 704 2543 ut
727 2504 820 2549 illic,
841 2517 973 2542 verum
994 2503 1259 2541 testimonium
1286 2503 1500 2554 perhibenti
1521 2515 1586 2539 ac-

117 2566 245 2605 cedet.
286 2566 390 2604 Nam
423 2567 593 2604 urbanas
626 2566 731 2605 aedes
760 2565 984 2603 Nausicrati
1007 2565 1167 2603 Comico
1191 2564 1365 2603 histrioni
1388 2564 1584 2609 vendidit;

119 2635 209 2679 post
227 2634 357 2666 autem
373 2640 437 2666 eas
461 2641 484 2665 a
505 2628 736 2666 Nausicrate
755 2641 828 2665 xx.
850 2627 965 2665 minis
983 2627 1074 2664 emit
1094 2627 1330 2671 Cleaenetus,
1347 2626 1452 2663 chori
1466 2626 1587 2675 magi—

121 2696 222 2727 ster:
244 2689 407 2727 fundum
425 2689 519 2727 emit
539 2691 587 2728 ab
608 2703 654 2728 eo
685 2690 931 2728 Mnesitheus
959 2689 1262 2740 Myrrhinusius‚
1282 2688 1453 2738 amplum
1479 2688 1587 2726 illum

118 2751 289 2803 quidem,
303 2750 372 2788 sed
386 2750 498 2789 istius
512 2751 629 2802 culpa
642 2765 798 2803 prorsus
815 2750 964 2788 tribulis
981 2758 1019 2788 et
1033 2751 1209 2788 sentibus
1227 2750 1394 2788 obsitum
1411 2764 1418 2787 :
1443 2750 1587 2801 Alope-

120 2825 236 2850 cense
255 2825 368 2863 porro
387 2813 576 2863 praedium
603 2813 711 2863 quod
739 2826 762 2850 a
781 2812 974 2850 moenibus
1004 2824 1068 2849 XI.
1100 2819 1166 2849 aut
1197 2825 1283 2849 xn.
1312 2811 1435 2848 stadia
1452 2811 1584 2858 distat,

94 2876 97 2877 ’
122 2874 362 2925 supplicante
387 2880 426 2911 et
443 2874 661 2912 obtestante
682 2880 802 2912 matre
823 2880 867 2910 ut
897 2873 1088 2919 retineret,
1109 2886 1235 2923 neque
1264 2873 1461 2918 venderet,
1482 2879 1533 2918 et,
1554 2873 1585 2911 si

120 2948 200 2974 non
237 2935 276 2974 in
309 2934 430 2982 aliud,
458 2935 596 2975 saltem
629 2935 680 2974 ad
711 2936 952 2986 sepulturam
981 2941 1348 2979 suammeservaret,
1378 2947 1427 2972 ne
1461 2935 1510 2972 ab
1539 2947 1585 2972 eo
