1948 3306
315 161 396 197 814
734 157 982 196 EXORDIA
1012 159 1368 197 CONCIONUM.

323 261 515 314 probandi
541 274 589 300 ea
616 275 702 312 quoe
722 263 803 301 visa
828 263 985 310 fuerint,
1005 269 1044 300 et
1062 261 1333 300 considerandi
1360 261 1454 312 quid
1480 262 1517 299 in
1537 262 1668 313 primis
1701 275 1789 314 pro-

324 325 493 363 futurum
515 337 600 363 esse
620 323 808 363 videatur.

973 428 1131 467 XVIII.

381 509 609 555 Vobiscum,
629 509 898 552 Athenienses,
928 509 1050 558 prodii
1070 509 1121 547 ad
1142 509 1447 556 deliberandum,
1465 523 1513 548 an
1542 508 1633 547 mihi
1652 507 1788 547 dicen·
1832 523 1839 531 ·

328 571 420 609 dum
440 578 554 618 esset,
574 584 648 609 nec
679 584 750 608 ne:
779 570 1030 621 quamobrem
1050 578 1179 609 autem
1201 571 1239 609 id
1263 579 1429 610 statuere
1458 585 1660 624 nequeam,
1679 572 1789 610 vobis

327 633 542 685 explicabo.
597 632 770 670 Necesse
795 631 914 669 habet
943 631 973 669 is
1006 633 1072 682 qui
1096 646 1170 671 nec
1203 633 1274 672 sibi
1303 647 1376 672 nee
1401 633 1486 672 aliis
1516 632 1697 680 blandiri,
1718 633 1790 671 sed
1827 647 1831 657 ¹

327 710 398 749 pro
419 697 525 735 vobis
545 695 673 733 dicere
694 708 779 746 quae
810 694 974 732 maxime
994 695 1197 746 profutura
1215 709 1439 747 persuasum
1459 696 1590 742 habet,
1611 696 1789 742 instituit,

329 767 369 798 et
387 773 434 797 ea
451 759 701 809 comprobare
730 769 817 807 quae
838 756 988 806 utrique
1005 765 1107 795 recte
1128 757 1321 805 dixerunt,
1342 764 1552 810 contraque
1572 757 1746 796 refellere
1763 757 1796 795 si

330 835 406 874 qua
434 821 577 872 injusta
606 819 818 871 postulant.
877 816 993 862 Quod
1027 819 1059 856 si
1090 832 1158 857 vos
1189 826 1354 870 utraque
1380 820 1466 858 haec
1495 819 1625 858 audire
1656 820 1793 871 digne—

328 882 421 922 mini
444 882 592 934 paucis,
613 881 737 919 multo
762 881 906 919 rectius
936 880 1088 932 reliquis
1115 881 1228 919 rebus
1250 881 1484 920 consuletis:
1507 881 1566 920 sin
1587 888 1678 920 ante
1697 894 1792 933 cog-

331 944 518 983 nitionem
552 943 742 988 resilietis,
769 955 841 980 usu
873 942 965 980 mihi
998 942 1124 981 veniet
1152 949 1208 990 ut,
1229 943 1266 980 in
1297 950 1455 982 neutros
1485 943 1658 995 injurius,
1689 942 1794 994 apud.

330 1013 514 1057 utrosque
552 1006 592 1043 in
626 1005 772 1044 crimen
806 1004 970 1044 veniam.
1055 1005 1103 1042 In
1141 1018 1218 1057 quo
1263 1005 1395 1056 inique
1441 1019 1594 1044 mecum
1644 1011 1794 1056 agetur.

330 1065 501 1107 Proinde
536 1067 567 1105 si
590 1067 752 1119 jubetis,
775 1066 902 1106 dicere
933 1080 1021 1105 sum
1051 1073 1234 1119 paratus:
1265 1067 1323 1106 sin
1353 1067 1493 1116 minus,
1520 1068 1637 1107 etiarn
1665 1074 1795 1107 tacere

331 1143 410 1170 non
442 1142 595 1169 recuso.

1011 1234 1123 1273 XIX.

390 1314 441 1352 Et
451 1314 614 1366 justum,
637 1313 913 1364 Athenienses,
935 1319 973 1351 et
1001 1312 1094 1350 utile
1116 1311 1289 1358 arbitror,
1310 1317 1354 1350 ut
1377 1311 1537 1350 crimina
1565 1317 1604 1350 et
1635 1323 1798 1350 accusa—

334 1376 474 1423 tiones,
493 1389 590 1415 cum-
612 1374 907 1414 deliberandum
935 1381 1006 1421 est,
1037 1375 1202 1426 quisque
1232 1375 1409 1413 omittat:
1439 1381 1478 1413 et
1509 1374 1718 1426 propositis
1749 1373 1798 1413 de

334 1440 450 1477 reb'us
470 1438 508 1476 id
530 1438 648 1484 dicat,
669 1438 774 1488 quod
804 1437 990 1488 optimum
1020 1450 1106 1475 esse
1134 1436 1256 1474 ducit.
1312 1436 1416 1474 Nam
1436 1436 1627 1488 quosdam
1654 1431 1739 1474 esse
1759 1436 1799 1473 in

335 1514 456 1540 causa
485 1507 527 1539 ut
559 1514 620 1539 res
652 1501 751 1539 male
771 1514 811 1539 se
841 1500 1022 1546 habeant,
1055 1513 1189 1537 omnes
1219 1500 1387 1538 scimusz
1418 1512 1495 1551 quo
1522 1505 1638 1551 pacto
1669 1505 1800 1537 autem

336 1562 534 1602 emendari
563 1568 721 1613 queant,
741 1562 781 1600 id
815 1562 1007 1613 explicare
1041 1561 1279 1600 consulentis
1315 1562 1485 1600 officium
1514 1568 1588 1600 est.
1645 1561 1799 1600 Deinde

335 1640 422 1665 mea
442 1625 814 1678 quidemsententia
845 1638 952 1663 acres
986 1624 1293 1675 delinquentium
1321 1630 1570 1662 accusatores
1600 1630 1704 1670 sunt,
1723 1635 1802 1661 non

337 1689 403 1741 qui
422 1689 563 1727 talibus
584 1688 821 1740 temporibus
841 1687 879 1724 in
903 1693 990 1725 acta
1008 1687 1220 1738 inquirunt,
1241 1700 1328 1725 cum
1350 1687 1405 1724 illi
1430 1686 1556 1725 nullas
1577 1699 1712 1738 poenas
1733 1686 1802 1724 da-

334 1751 458 1789 bunt:
491 1749 559 1788 sed
579 1749 643 1801 qui
663 1749 737 1787 tale
768 1747 973 1787 consilium
1004 1748 1094 1786 dare
1114 1756 1312 1799 poterunt,
1330 1761 1400 1800 per
1419 1748 1524 1799 quod
1557 1747 1804 1786 incommoda

334 1812 420 1850 haec
440 1811 726 1863 propulsentur.
776 1810 931 1848 Horum
952 1810 1052 1847 enim
1074 1823 1192 1860 opera
1207 1823 1275 1862 per
1295 1811 1415 1848 otium
1437 1817 1476 1848 et
1494 1810 1542 1848 de
1562 1809 1636 1848 illis
1653 1822 1803 1848 sumere

338 1874 571 1926 supplicium
600 1873 788 1925 poteritis,
828 1874 888 1910 Ac
917 1872 992 1910 alia
1025 1872 1181 1922 quidem
1207 1874 1324 1910 verba
1357 1873 1487 1911 omnia
1516 1885 1804 1924 supervacanea

339 1950 421 1975 esse
442 1949 608 1974 censeo:
641 1949 728 1986 quae
750 1942 879 1973 autem
900 1934 949 1973 ad
979 1934 1294 1973 deliberationem
1315 1935 1415 1973 hanc
1435 1936 1637 1987 profutura
1653 1941 1800 1987 putem,

336 2012 383 2038 ea
404 1999 533 2037 dicere
554 1999 739 2044 conabor,
759 1998 790 2036 si
823 1997 929 2049 prius
963 1996 1038 2034 hoc
1063 2004 1213 2035 tantum
1233 1997 1493 2049 postulavero,
1514 1996 1547 2035 si
1577 1999 1685 2046 cujus
1704 1997 1804 2034 Forte

336 2061 429 2099 facti
458 2060 693 2098 mentionem
713 2061 853 2105 fecero,
872 2071 922 2096 ne
942 2058 979 2096 id
1012 2060 1223 2097 accusandi
1244 2059 1372 2098 studio
1401 2073 1462 2098 me
1491 2059 1620 2098 dicere
1645 2058 1803 2111 putetis,

339 2124 408 2161 sed
441 2130 484 2161 ut
520 2123 564 2161 iis
599 2136 687 2174 quae
719 2129 802 2160 tum
833 2133 1036 2173 perperam
1063 2121 1196 2172 egistis
1226 2121 1445 2160 indicandis
1479 2133 1653 2168 caveam,
1686 2133 1735 2159 ne
1764 2119 1804 2158 in

337 2186 481 2225 similes
501 2186 636 2225 clades
656 2184 848 2224 incidatis.

1029 2291 1119 2329 XX.

392 2370 433 2408 Si
453 2369 569 2408 etiam
597 2371 795 2422 superiore
818 2377 1002 2422 tempore,
1024 2369 1303 2414 Athenienses,
1324 2366 1441 2406 nullis
1463 2365 1610 2405 addicti
1629 2365 1804 2417 partibus

339 2440 379 2472 et
400 2432 536 2471 studiis
572 2432 626 2470 ita
657 2432 851 2483 tranquilli
879 2432 1101 2478 fuissemus,
1121 2438 1164 2469 ut
1195 2431 1233 2468 in
1263 2430 1470 2482 praesentia
1499 2441 1645 2473 sumus,
1667 2440 1738 2466 nec
1761 2440 1807 2465 ea

337 2509 424 2547 quae
445 2507 550 2532 nunc
575 2494 681 2532 facta
710 2502 802 2533 sunt
826 2501 1010 2532 eventura
1037 2493 1155 2531 fuisse
1186 2494 1336 2544 opinor,
1356 2498 1397 2530 et
1421 2497 1648 2530 caeterarum
1678 2502 1807 2528 rerum

337 2557 470 2596 multae
491 2557 530 2594 in
549 2556 637 2595 loco
656 2556 813 2595 meliore
839 2556 947 2594 vobis
973 2562 1117 2595 essent.
1177 2556 1293 2593 Nunc
1321 2553 1536 2606 petulantia
1560 2551 1808 2604 quorundam

337 2619 443 2666 facit,
464 2625 509 2656 ut
521 2632 592 2657 nec
613 2619 779 2670 prodire,
799 2632 873 2657 nec
893 2632 1086 2670 perorare,
1107 2624 1223 2670 atque
1244 2617 1343 2655 adeo
1368 2629 1416 2653 ne
1443 2615 1625 2653 inchoare
1649 2613 1808 2665 quidem

340 2683 457 2721 liceat
476 2681 703 2720 orationem.
761 2682 850 2726 Qua
868 2695 915 2720 ex
934 2694 976 2719 re
993 2680 1116 2718 multa
1135 2680 1330 2718 exsistunt
1357 2691 1476 2729 eaque
1499 2677 1604 2715 haud
1632 2675 1808 2715 fortassis

343 2752 575 2797 opportuna.
626 2743 743 2788 Quod
766 2743 798 2782 si
823 2744 899 2782 ista
912 2742 1182 2794 percontanda
1202 2747 1307 2786 sunt,
1329 2746 1367 2779 et
1384 2753 1463 2778 non
1483 2738 1809 2778 considerandum

339 2807 432 2858 quid
462 2807 524 2857 agi
555 2806 776 2853 conveniat,
812 2806 1028 2856 vestrisque
1056 2803 1334 2855 cupiditatibus
1369 2815 1473 2840 nunc
1497 2800 1807 2852 obsequendum,

340 2869 557 2909 decernetis
578 2882 638 2917 ea,
651 2882 739 2921 quae
754 2876 794 2906 et
809 2868 1072 2920 superioribus
1092 2865 1345 2918 temporibus,
1363 2863 1500 2903 instrui
1518 2863 1700 2909 classem,
1717 2874 1810 2900 con-

338 2932 485 2981 scendi,
524 2933 669 2972 tributa
708 2930 888 2979 conferri,
925 2930 1056 2970 omnia
1077 2943 1124 2970 ea
1160 2928 1242 2969 fieri
1276 2928 1360 2981 jam
1397 2933 1597 2980 oportere:
1644 2937 1808 2977 quorum
