1915 3356
636 190 692 227 IN
724 188 1174 228 CTESIPHONTEM.
1593 193 1644 230 95

176 286 300 324 tiose:
326 284 506 336 prohibet
531 285 631 323 enim
664 285 872 337 quominus
893 284 944 323 ad
973 296 1203 322 consessum
1231 283 1341 323 illum
1371 284 1550 337 Pylaeum
1576 298 1643 324 oc-

175 354 345 392 currant,
367 348 434 398 qui
453 348 670 386 necessario
690 355 781 386 ante
802 347 1062 399 praestitutum
1083 352 1236 397 tempus
1257 354 1340 385 erat
1358 348 1525 386 futurus.
1565 349 1646 388 Sed

175 409 282 447 aliud
301 409 336 446 ei
351 409 450 447 scito
470 410 708 460 adscriptum
728 417 788 447 est
807 408 929 446 multo
958 415 997 445 et
1028 408 1198 458 apertius
1219 416 1257 446 et
1277 410 1452 447 acerbius
1501 410 1645 448 Athe-

175 471 446 509 niensium
502 471 628 522 inquit
674 471 1073 508 hieromnemon
1124 477 1174 507 et
1225 470 1517 522 Pylagorae,
1557 473 1647 523 qui

174 533 405 584 posthac
429 533 603 570 futuri
632 539 766 576 sunt,
801 545 911 570 cum
939 532 1002 569 iis
1033 532 1122 582 qui
1156 531 1290 568 illuc
1319 535 1648 572 conveniunt

175 607 340 645 neque
377 595 648 633 verborum
687 607 853 644 neque
890 594 1154 631 factorum
1192 606 1366 644 neque
1401 596 1647 633 scitorum

176 669 344 707 neque
390 656 552 694 ullius
591 656 666 693 rei
720 655 960 694 habeant
1012 655 1397 693 commercium.
1451 657 1649 697 Quorsum

177 724 305 755 autem
325 717 421 755 illud
440 725 498 755 est
518 730 568 754 ne
587 717 759 755 habeant
787 716 1091 755 commercium?
1131 716 1327 754 Verumne
1357 716 1499 761 dicam,
1532 731 1580 754 an
1610 719 1649 756 id

175 778 281 828 quod
320 778 371 816 sit
398 778 532 816 auditu
563 778 922 830 jucundissimum?
965 778 1112 815 Verum
1140 778 1303 833 ’dicam;
1343 791 1434 815 nam
1463 779 1569 828 quod
1598 780 1650 818 ita

174 852 326 890 semper
346 840 398 877 ad
416 841 655 891 voluptatem
677 840 824 878 dictum
851 840 938 885 fuit,
958 840 997 877 id
1027 852 1117 876 vero
1148 839 1342 878 civitatem
1368 848 1539 878 nostram
1573 841 1649 879 huc

174 901 340 952 redegit.
381 901 471 940 Non
493 902 583 940 sinit
602 915 670 939 vos
688 900 935 951 jurisjurandi
956 900 1191 947 meminisse,
1212 901 1320 950 quod
1347 901 1514 952 majores
1536 903 1651 941 vestri

170 963 416 1014 juraverunt,
436 977 515 1000 non
535 963 824 1009 exsecrationis,
847 975 926 999 non
949 962 1111 1000 oraculi.

230 1026 298 1062 41.
328 1024 413 1062 Nos
432 1025 563 1075 igitur,
595 1025 871 1071 Athenienses,
892 1031 1051 1075 propter
1080 1024 1155 1062 hoc
1180 1023 1427 1075 plebiscitum
1450 1025 1512 1064 hic
1541 1040 1651 1065 man-

177 1085 312 1133 simus,
332 1093 372 1124 at
398 1099 489 1124 vero
510 1085 649 1137 reliqui
680 1085 990 1137 Amphictyones
1012 1086 1062 1124 ad
1082 1086 1202 1138 Pylas
1223 1094 1491 1126 convenerunt
1510 1095 1652 1139 praeter

177 1160 296 1185 unam
316 1147 525 1194 civitatem,
556 1151 664 1196 quus
685 1161 758 1199 ego
779 1161 905 1198 neque
925 1161 1069 1186 nomen
1095 1148 1306 1199 proferam,
1329 1156 1367 1186 et
1388 1150 1489 1187 absit
1516 1163 1652 1201 precor

175 1215 220 1246 ut
240 1209 469 1248 Graecorum
489 1210 671 1260 cuiquam
691 1209 826 1248 similis
848 1209 1005 1248 accidat
1024 1209 1236 1248 calamitas.
1268 1211 1404 1262 Ibique
1425 1213 1654 1263 congregati

177 1271 389 1309 exercitum
417 1272 457 1309 in
477 1271 780 1323 Amphissenses
801 1272 1026 1310 ducendum
1046 1279 1297 1318 censuerunt,
1319 1280 1360 1311 et
1377 1274 1651 1325 imperatorem

175 1332 358 1384 legerunt
376 1333 615 1386 Cottyphum
635 1334 743 1371 illum
766 1333 1020 1381 Pharsalium‚
1041 1335 1108 1385 qui
1127 1342 1210 1372 tum
1226 1336 1439 1373 sententias
1457 1336 1652 1387 suffragiis

178 1395 424 1447 subjiciebat,
444 1409 520 1446 quo
549 1403 722 1447 tempore
748 1409 828 1433 non
857 1403 941 1434 erat
966 1397 1006 1433 in
1040 1395 1277 1434 Macedonia
1306 1397 1527 1449 Philippus,
1557 1399 1652 1449 quin

177 1471 227 1495 ne
245 1458 286 1495 in
308 1457 467 1496 Graecia
483 1457 655 1508 quidem,
676 1458 744 1495 sed
765 1458 803 1495 in
825 1458 986 1510 Scythia
1004 1460 1231 1496 versabatur
1251 1459 1348 1497 adeo
1370 1459 1487 1511 longe
1508 1460 1651 1500 abhinc

177 1526 365 1565 remotus,
384 1533 501 1570 quem
520 1526 652 1557 tamen
673 1532 761 1557 mox
781 1520 941 1558 audebit
955 1520 1084 1558 dicere
1103 1520 1391 1559 Demosthenes
1406 1522 1654 1573 impudenter

180 1593 204 1619 a
226 1594 290 1619 me
319 1594 408 1619 esse
437 1581 475 1618 in
496 1578 661 1619 Graecos
694 1570 923 1618 immissum.
973 1582 1034 1619 Ac
1067 1582 1189 1632 prima
1220 1582 1376 1632 quidem
1404 1584 1652 1634 expeditione

176 1642 343 1681 victores
377 1642 491 1680 valde
524 1655 565 1680 se
595 1642 819 1680 moderatos
852 1644 892 1680 in
923 1643 1223 1693 Amphissenses
1256 1645 1522 1694 praebuerunt.
1576 1647 1653 1684 Pro

180 1703 431 1742 atrocissimis
470 1704 571 1741 enim
604 1704 751 1755 injuriis
784 1706 960 1755 pecuniis
990 1712 1143 1743 tantum
1173 1719 1239 1744 eos
1271 1707 1523 1754 mulctarunt,
1554 1722 1652 1760 quas

178 1766 393 1817 praestituto
414 1772 587 1816 tempore
609 1765 682 1803 deo
704 1765 871 1816 persolvi
887 1767 1161 1814 decreverunt,
1180 1775 1219 1805 et
1239 1768 1449 1806 sceleratos
1470 1772 1652 1809 commis-

180 1841 391 1878 sorumque
411 1828 624 1866 facinorum
641 1835 819 1866 auctores
839 1831 1068 1880 abegerunt,
1089 1843 1156 1868 eos
1172 1844 1263 1868 vero
1283 1832 1347 1882 qui
1362 1833 1514 1882 pietatis
1533 1846 1655 1873 causa

179 1890 433 1941 profugerant
452 1898 695 1928 revocarunt.
736 1891 815 1928 Sed
835 1904 923 1928 cum
944 1892 998 1929 illi
1020 1905 1146 1943 neque
1167 1893 1376 1944 pecuniam
1397 1894 1472 1932 deo
1502 1896 1651 1946 persol-

180 1959 327 1997 verent,
348 1952 556 1991 sceleratos
577 1959 705 1991 autem
727 1953 986 2000 restituerent,
1008 1963 1046 1992 et
1067 1955 1150 2005 pios
1170 1955 1257 1993 illos
1285 1956 1460 1994 homines
1490 1959 1537 1995 ab
1558 1958 1652 1996 Am-

179 2014 453 2066 phictyonibus
473 2021 676 2052 revocatos
695 2015 892 2063 ejicerent,
907 2017 988 2066 jam
1009 2024 1091 2053 tum
1113 2017 1274 2055 alteram
1293 2018 1332 2055 in
1353 2018 1653 2069 Amphissenses

181 2076 304 2114 aciem
322 2077 595 2122 instruxerunt,
617 2089 706 2114 cum
726 2076 845 2127 longo
872 2086 963 2128 post
992 2078 1194 2116 intervallo
1215 2080 1263 2117 ab
1285 2080 1533 2131 expeditione
1555 2083 1653 2134 Scy-

180 2138 287 2177 thica
305 2138 573 2189 regrederetur
607 2138 825 2189 Philippus,
845 2153 1014 2191 cumque
1043 2141 1304 2179 defendendae
1332 2142 1525 2194 religionis
1547 2145 1653 2195 prin-

182 2200 352 2251 cipatum
370 2201 423 2250 dii
452 2202 687 2240 immortales
713 2202 825 2240 nobis
848 2202 1095 2250 detulissent,
1127 2204 1405 2244 Demosthenis
1427 2207 1588 2245 avaritia
1615 2216 1654 2246 et

184 2263 320 2301 sordes
341 2262 595 2301 obstitissent.

236 2326 302 2361 42.
333 2325 387 2361 At
406 2337 484 2362 non
504 2325 782 2376 praedicebant,
803 2339 880 2364 non
899 2329 1254 2377 praemonstrabant
1272 2328 1383 2367 nobis
1405 2329 1456 2367 dii
1477 2336 1521 2368 ut
1540 2344 1654 2369 cave-

183 2399 329 2433 remus,
345 2393 497 2425 tantum
517 2401 597 2426 non
616 2389 798 2426 humanis
819 2390 982 2428 vocibus
1003 2390 1231 2441 eloquentes
1248 2391 1263 2428 ?
1305 2392 1461 2430 Nullam
1484 2407 1654 2444 unquam

183 2461 259 2499 ego
279 2448 475 2487 civitatem
496 2450 574 2488 vidi
607 2451 767 2488 deorum
799 2451 980 2502 praesidio
1011 2452 1202 2504 insignius
1224 2454 1425 2501 custodiri,
1445 2456 1493 2492 ab
1524 2463 1652 2493 orato-

183 2509 289 2548 ribus
321 2524 451 2549 rursus
482 2512 717 2562 quibusdam
739 2513 985 2565 pessundari.
1037 2514 1128 2553 Non
1150 2516 1243 2553 satis
1265 2516 1313 2553 ad
1334 2517 1654 2567 praemonendum

185 2572 339 2611 valebat
368 2579 589 2624 portentum
610 2574 705 2613 illud
739 2576 1007 2627 mysteriorum
1030 2577 1168 2615 diebus
1188 2578 1326 2623 visum,
1357 2586 1570 2630 mystarum
1598 2580 1654 2617 in-

184 2634 349 2672 teritus?
380 2635 471 2673 Non
501 2637 550 2674 ob
577 2636 665 2675 haec
704 2638 950 2690 Amyniades
988 2639 1223 2689 praedixerat
1257 2647 1301 2677 ut
1337 2653 1576 2687 caveremus,
1611 2649 1654 2679 ut

185 2702 314 2734 certos
332 2696 510 2735 homines
531 2698 707 2749 Delphos
725 2700 980 2744 mitteremus,
1001 2701 1065 2750 qui
1087 2701 1180 2751 quid
1199 2701 1304 2739 facto
1327 2715 1423 2752 opus
1445 2710 1550 2740 esset
1569 2716 1653 2740 ora-

186 2757 316 2796 culum
350 2758 602 2798 scitarentur:
636 2761 923 2799 Demosthenes
956 2775 1044 2800 vero
1064 2763 1226 2808 obstitit,
1259 2777 1349 2801 cum
1381 2763 1560 2813 Pythiam
1595 2774 1653 2815 φι-

187 2820 376 2862 λιππίζειν
409 2821 652 2871 praedicaret,
686 2823 742 2860 vir
768 2823 964 2860 illiberalis
995 2831 1034 2861 ct
1060 2824 1133 2862 hac
1164 2838 1279 2875 quam
1311 2825 1343 2862 ei
1373 2825 1472 2862 datis
1499 2826 1655 2864 licentia

185 2881 395 2920 insolenter
413 2883 614 2933 perfruens
633 2891 674 2923 et
692 2885 848 2922 inflatus
863 2885 878 2921 ἲ
908 2885 1112 2925 Postremo
1127 2900 1256 2925 nonne
1270 2887 1406 2925 hostiis
1423 2900 1499 2925 non
1514 2888 1648 2934 litatis,

185 2955 263 2980 non
284 2941 566 2990 addicentibus,
606 2946 743 2985 milites
780 2946 828 2984 ad
860 2947 1109 2985 manifestum
1145 2949 1248 2986 misit
1283 2949 1370 2987 vitae
1406 2950 1648 3000 periculum?
