1965 3356
541 205 829 245 ADVERSUS
861 203 1221 243 LEOCHAREM.
1539 207 1618 243 625

148 311 205 349 sic
224 311 303 348 fere
321 309 450 355 habet,
469 310 496 348 J
501 310 645 349 udices.
701 308 906 348 Archiadae
930 308 1032 346 enim
1060 321 1131 346 nos
1159 321 1182 346 a
1201 308 1291 346 viris
1319 322 1453 347 sumus
1473 321 1616 360 genere

146 371 322 424 proximi,
343 378 395 417 et,
418 371 601 424 quoniam
621 372 704 424 ejus
724 370 992 408 haereditatem
1018 369 1094 407 hac
1115 369 1202 421 lege
1221 371 1466 421 postulamus
1487 384 1616 421 neque

146 446 269 485 genus
287 434 370 485 ejus
390 434 584 485 exstingui
603 433 784 485 patimur,
812 431 917 482 apud
937 438 1143 483 praetorem
1171 431 1210 468 in
1240 431 1508 470 haereditatem
1534 432 1616 483 egi-

145 507 249 533 mus:
278 495 342 534 isti
373 504 518 540 autem,
540 495 606 545 qui
638 495 741 532 bona
769 506 837 544 per
866 492 1042 541 injuriam
1063 492 1254 539 detinent,
1274 506 1378 531 nunc
1407 494 1617 532 contestati

133 564 249 603 -sunt,
267 557 306 595 in
326 557 547 595 universum
567 555 723 607 quidem
744 554 953 606 adoptione
973 555 1154 597 nitentes,
1178 554 1247 592 sed
1267 562 1305 592 et
1326 561 1514 605 cognatos
1530 569 1617 593 esse

145 633 188 658 se
207 620 443 658 dictitantes.
489 617 568 655 Sed
587 618 636 655 de
649 630 696 654 ea
714 616 924 667 adoptione
939 630 1017 667 quo
1037 623 1152 667 pacto
1171 629 1212 654 se
1231 615 1390 661 habeat,
1409 616 1617 667 perspicue

145 695 214 720 vos
229 689 367 733 postea
381 679 610 717 docebimus
627 691 636 716 :
658 678 706 715 de
723 691 862 728 genere
883 684 1026 725 autem,
1040 690 1118 716 non
1131 690 1216 715 esse
1232 690 1298 716 eos
1318 677 1616 729 propinquiores

145 743 272 789 nobis,
291 742 331 782 id
350 741 461 780 vobis
480 739 798 792 cognoscendum
821 746 892 777 est.
1152 784 1155 787 Ι

201 806 239 843 6.
256 805 385 843 Unum
405 803 522 855 igitur
539 803 579 841 iu
600 803 778 841 confesso
795 809 866 848 est,
886 801 985 840 inter
1004 801 1179 840 haeredes
1199 801 1368 853 potiores
1390 814 1476 839 esse
1492 814 1618 839 mares

145 874 187 906 et
210 867 379 905 maribus
399 865 651 917 progenit0s;
683 864 908 916 simpliciter
933 863 1035 901 enim
1064 876 1088 901 a
1112 863 1209 902 virili
1232 863 1349 914 stirpe
1369 862 1567 914 proximis,
1587 863 1619 901 si

143 928 254 967 liberi
273 928 369 966 nulli
385 934 488 973 sunt,
508 927 571 965 lex
585 926 836 964 haereditates
855 925 1045 964 restituit:
1075 925 1115 963 hi
1130 938 1220 964 vero
1235 938 1306 963 nos
1322 938 1471 963 sumus.
1525 925 1618 964 Sine

129 991 277 1030 -liberis
305 991 408 1030 enim
437 990 653 1029 decessisse
679 989 912 1027 Archiadem
943 995 1109 1036 constat,
1129 989 1164 1027 ei
1191 994 1319 1026 autem
1348 1000 1420 1025 nos
1449 1000 1473 1026 a
1507 987 1618 1035 virili,

147 1059 265 1104 atque
282 1053 382 1091 adeo
401 1053 518 1090 etiam
538 1065 562 1090 a
581 1051 758 1090 muliebri
780 1051 899 1103 stirpe
919 1051 1048 1097 iidem,
1071 1064 1142 1089 nos
1163 1050 1327 1102 proximi
1343 1064 1491 1089 sumus.
1539 1050 1618 1089 Mi-

147 1114 301 1166 dylides
333 1114 435 1152 enim
476 1113 594 1151 frater
626 1113 699 1150 fuit
739 1113 970 1151 Archiadae:
1018 1112 1222 1164 Midylidae
1255 1119 1385 1150 autem
1418 1112 1509 1159 filia,
1543 1112 1620 1151 mei

125 1176 265 1228 ‚patris
294 1182 431 1213 mater.
486 1174 654 1212 Proinde
680 1175 906 1221 Archiades‚
931 1175 1041 1226 cujus
1069 1175 1336 1213 haereditatem
1366 1174 1616 1213 vendicamus

125 1250 266 1282 ,nunc,
288 1237 363 1274 mei
383 1237 501 1288 patris
521 1236 634 1274 matri
654 1242 815 1286 patruus
836 1236 922 1281 fuit,
944 1249 967 1273 a
985 1236 1075 1274 viris
1096 1249 1144 1274 ea
1163 1237 1395 1287 cognatione
1418 1243 1516 1283 orta,
1536 1249 1618 1274 non

124 1313 170 1340 ‚a
189 1299 430 1338 mulieribus.
489 1298 712 1336 Leostratus
733 1304 861 1336 autem
886 1298 961 1336 iste
988 1305 1026 1336 et
1053 1298 1236 1336 remotior
1265 1305 1327 1336 est
1354 1311 1508 1349 genere,
1536 1304 1576 1335 et
1596 1311 1619 1336 a

145 1360 323 1399 muliebri
336 1360 461 1411 -stirpe
482 1360 688 1398 Archiadae
709 1359 954 1411 conjunctus.
1011 1360 1206 1398 Leocratis
1228 1360 1331 1398 enim
1350 1360 1437 1398 avia
1456 1366 1621 1411 paterna

146 1435 255 1461 soror
272 1421 346 1460 fuit
366 1421 577 1470 Archiadae,
591 1421 710 1465 illius,
730 1428 769 1459 et
786 1421 1008 1474 Midylidae‚
1031 1435 1054 1460 a
1071 1423 1209 1473 quibus
1229 1435 1301 1460 nos
1323 1422 1478 1460 oriundi
1496 1422 1620 1461 haere·

60 1478 65 1479 ⁷
123 1484 310 1525 ,ditatem
329 1483 587 1535 postulamus.
644 1484 817 1535 Primum
846 1483 976 1535 igitur,
997 1483 1171 1530 Judices‚
1205 1498 1330 1535 genus
1364 1490 1542 1523 nostrum
1564 1484 1622 1524 ita

148 1560 192 1585 se
227 1545 387 1592 habere,
417 1546 475 1584 uti
510 1545 690 1593 dicimus,
720 1553 764 1584 ut
794 1552 981 1597 appareat
1012 1546 1235 1585 testimonia
1271 1546 1380 1585 vobis
1414 1546 1619 1598 legentur:

148 1608 290 1647 deinde
308 1608 373 1646 lex
392 1608 479 1659 ipsa
503 1621 593 1658 quae
613 1615 652 1646 et
672 1608 825 1646 familiis
849 1615 889 1647 et
915 1621 938 1647 a
962 1608 1061 1647 virili
1087 1609 1204 1660 stirpe
1235 1608 1419 1660 proximis
1452 1609 1620 1647 haeredi-

147 1676 249 1709 tates
264 1670 411 1708 tribuit.
469 1668 612 1721 Capita
627 1670 731 1709 enim
747 1670 1035 1717 controversiae,
1056 1677 1096 1709 et
1114 1684 1162 1709 ea
1175 1670 1224 1708 de
1238 1671 1378 1721 quibus
1389 1671 1509 1722 jurati
1529 1684 1619 1722 pro-

123 1772 127 1775 ,
146 1731 393 1778 nunciabitis,
413 1731 500 1770 haec
516 1732 595 1771 fere
611 1738 714 1771 sunt.
770 1732 881 1772 Voca
896 1732 988 1770 mihi
1011 1740 1130 1772 testes
1150 1733 1242 1779 huc,
1263 1739 1302 1771 et
1317 1732 1448 1785 legem
1467 1734 1602 1772 recita.

684 1881 902 1920 TESTES.
962 1881 1082 1920 LEX.

150 1976 396 2028 Quaeigitur
424 1976 475 2015 ad
502 1990 638 2028 genus,
658 1984 697 2015 et
716 1977 879 2016 istorum
907 1984 948 2016 et
976 1985 1161 2024 nostrum,
1185 1977 1366 2025 attinent,
1387 1978 1441 2016 sic
1459 1977 1621 2027 habent,

122 2081 127 2085 ‚
148 2037 172 2075 J
179 2038 322 2078 udices.
379 2038 549 2076 Proinde
567 2039 633 2089 qui
651 2038 743 2091 ipsis
765 2040 994 2078 testimoniis
1021 2040 1290 2088 ostenderunt,
1311 2055 1352 2079 se
1372 2054 1458 2080 esse
1479 2055 1621 2092 genere

122 2101 357 2152 ,propiores
377 2100 642 2139 haereditatem
673 2101 870 2153 percipere
901 2095 1061 2149 debent,
1089 2116 1217 2154 neque
1241 2103 1449 2142 contestati
1482 2103 1622 2155 despe-

148 2162 245 2201 ratio
263 2163 390 2214 potior
411 2176 498 2202 esse
518 2163 705 2202 institutis
727 2164 875 2203 vestris.
936 2165 1039 2203 Nam
1060 2165 1092 2203 si
1113 2165 1324 2216 adoptione
1344 2166 1536 2214 nituntur,
1550 2179 1622 2204 nos

148 2237 197 2262 ea
222 2224 281 2262 uti
307 2225 414 2263 facta
443 2225 493 2263 sit
523 2225 787 2263 ostendemus.
845 2225 945 2262 Cum
976 2231 1106 2263 autem
1138 2226 1241 2263 filius
1272 2226 1480 2277 adoptivus
1504 2228 1622 2266 orbus

149 2287 283 2338 utique
303 2288 455 2333 obierit,
481 2293 521 2326 et
539 2287 684 2325 familia
702 2287 808 2325 illius
830 2300 956 2338 usque
977 2287 1027 2324 ad
1057 2294 1227 2324 nostram
1254 2288 1447 2325 actionem
1468 2287 1625 2327 deserta

148 2350 278 2395 fuerit,
299 2363 349 2388 an
369 2362 448 2388 non
467 2356 507 2388 et
526 2361 669 2401 genere
689 2348 887 2399 proxi-mos
918 2347 1187 2386 haereditatem
1215 2361 1459 2400 recuperare,
1480 2357 1519 2388 et
1540 2364 1623 2396 vos,

149 2425 229 2450 non
248 2412 298 2450 ad
317 2411 589 2462 decipiendum
617 2410 761 2462 optime
790 2409 1002 2456 instructis,
1024 2410 1094 2448 sed
1129 2409 1277 2448 affectis
1307 2410 1448 2462 injuria
1475 2411 1623 2450 civibus

121 2516 128 2522 ,
149 2487 263 2526 opem
280 2473 378 2512 ferre
396 2487 466 2525 par
484 2472 572 2511 est?
602 2472 707 2511 Nam
727 2472 760 2511 si
791 2473 829 2510 in
849 2478 985 2510 nostra
1010 2479 1204 2523 potestate
1231 2479 1346 2519 esset,
1370 2481 1527 2512 ostenso
1556 2487 1624 2524 ge-

149 2549 240 2576 nere
260 2543 300 2575 et
318 2536 402 2587 ipsa
421 2535 713 2583 contestatione,
735 2534 988 2580 descendere,
1005 2547 1217 2586 eorumque
1238 2534 1332 2572 nihil
1352 2548 1438 2586 quae
1456 2535 1623 2573 diximus

149 2598 263 2651 plura
281 2599 400 2638 verba
430 2597 656 2650 requireret,
680 2597 787 2636 vobis
821 2596 965 2635 diutius
998 2596 1152 2635 molesti
1178 2610 1256 2635 non
1284 2610 1484 2635 essemus:
1515 2604 1624 2648 post-

150 2674 267 2712 quam
293 2668 423 2699 autem
454 2659 517 2698 isti
544 2659 697 2710 legibus
723 2672 802 2697 non
832 2659 1021 2704 nituntur,
1048 2659 1119 2697 sed
1147 2672 1193 2697 eo
1222 2659 1328 2710 quod
1363 2659 1624 2711 superioribus

152 2723 388 2775 temporibus
414 2736 539 2761 rerum
561 2721 707 2774 aliquid
733 2728 824 2760 ante
855 2728 1099 2773 occuparunt
1127 2728 1166 2759 et
1198 2721 1500 2772 interceperunt,
1521 2728 1559 2760 et
1585 2722 1624 2760 in

151 2784 257 2822 bona
273 2785 515 2831 invaserunt,
540 2784 601 2823 his
623 2783 861 2836 argumentis
890 2790 1047 2822 utentes
1068 2797 1110 2822 se
1130 2783 1258 2822 adisse
1278 2782 1543 2820 haereditatem
1565 2783 1623 2821 di-

153 2852 258 2894 cent,
275 2847 537 2886 necessarium
557 2860 648 2885 sane
670 2852 728 2885 est
747 2846 863 2885 etiam
884 2846 932 2884 de
955 2846 1014 2884 his
1042 2845 1184 2892 dicere,
1205 2853 1319 2896 atque
1339 2844 1624 2884 ostendendum

153 2910 249 2948 istos
269 2911 438 2949 omnium
455 2911 657 2950 hominum
677 2924 761 2950 esse
782 2910 1094 2950 violentissimos.

209 2973 249 3012 7.
279 2972 381 3011 Nam
411 2974 459 3012 ab
485 2973 606 3023 initio,
625 2973 800 3020 Judiees,
823 2973 982 3012 elocant
1001 2985 1170 3011 sororem
1205 2985 1311 3011 suain
1347 2972 1558 3023 Midylides
1584 2979 1623 3010 et

852 3038 877 3072 4·
900 3046 923 3071 L
