1948 3306
352 160 377 195 G
779 163 1007 202 CONTRA
1042 160 1403 201 TIMARCHUM.

412 263 449 297 4.
484 261 577 299 Post
597 262 698 312 hmo,
720 265 892 316 judices,
913 266 1029 303 edicit
1050 266 1097 303 de
1118 265 1275 316 injuriis,
1299 263 1447 314 magnis
1466 261 1540 298 illis
1561 260 1730 312 quidem,
1751 261 1821 299 sed

355 329 485 359 tamen
508 324 585 360 fieri
606 325 753 363 scilicet
779 327 813 363 in
836 328 929 364 urbe
951 335 1082 365 nostra
1102 327 1237 364 solitis.
1269 326 1369 362 Nam
1390 337 1436 361 ea
1455 323 1503 361 de
1524 335 1644 361 causa
1662 323 1770 373 leges
1801 335 1823 360 a

355 384 565 434 majoribus
582 387 740 425 sancitae
761 395 864 431 sunt,
881 389 987 438 quod
1004 389 1181 440 quaedam
1203 393 1338 425 contra
1356 399 1472 436 quam
1492 385 1632 422 deceat
1646 384 1822 422 commit-

356 453 499 482 tantur.
532 447 614 484 Lex
643 456 745 486 certe
772 449 927 499 quidem
956 457 1085 500 aperte
1113 449 1185 488 ait:
1218 449 1263 486 si
1291 454 1429 499 pater
1459 452 1545 484 aut
1572 446 1724 483 frater
1744 451 1825 482 aut

355 515 558 555 patruus
590 517 672 547 aut
703 517 833 547 tutor
859 516 944 547 aut
975 511 1184 561 deniquo
1216 511 1257 547 is
1288 510 1426 560 cujus
1458 515 1516 546 est
1548 507 1822 544 auctoritas

357 567 567 618 aliquem
600 572 817 608 mercede
845 572 1131 621 prostituat,
1168 585 1259 609 non
1292 571 1439 608 licere
1466 581 1661 620 puerum
1687 580 1823 605 accu-

356 642 486 667 sare:
531 632 610 669 sed
662 639 757 669 tam
796 645 899 668 eum
941 632 1020 682 qui
1059 633 1293 670 elocarit
1328 644 1475 682 quam
1513 629 1601 680 qui
1633 629 1832 666 condu-=

355 692 509 737 xerit,
542 693 691 729 illum
726 693 859 742 quod
890 693 1115 740 elocarit,
1145 694 1280 738 hunc,
1314 693 1452 743 inquit,
1483 691 1608 742 quod
1641 690 1823 728 condu—

354 753 491 797 xerit,
521 760 560 790 et
587 766 719 803 parem
748 753 783 790 in
817 759 1020 804 utrumque
1051 767 1203 805 poenam
1233 753 1379 791 statuit.
1410 753 1577 803 Neque
1612 766 1665 790 ne
1679 752 1822 790 cessi-

354 821 502 851 tatem
539 814 754 865 imponit
786 828 946 865 puero
976 816 1054 853 ubi
1089 815 1392 853 adoleverit
1424 821 1622 864 patrem
1658 814 1822 851 alendi

354 882 436 912 aut
475 876 720 914 domicilio
754 877 1055 928 excipiendi,
1093 877 1131 915 si
1169 876 1316 914 fuerit
1354 876 1416 913 ab
1451 888 1503 912 eo
1538 875 1598 912 ad
1632 883 1822 926 turpem

354 943 598 986 quaestum
634 938 882 984 elocatus,
916 939 1211 976 defunctum
1245 945 1407 975 tamen
1440 936 1651 987 sepelire
1680 937 1824 987 jubet

353 1011 408 1035 ac
443 1005 619 1036 cetera
648 1000 951 1050 parentalia
984 1000 1132 1037 obire
1161 1006 1212 1037 ut
1239 1000 1394 1037 moris
1424 1005 1515 1036 est.
1552 997 1823 1044 Considerate,

352 1058 625 1106 Athenienses,
658 1074 774 1111 quarn
804 1067 924 1107 recte,
953 1060 1094 1098 viventi
1123 1061 1157 1098 ei
1187 1060 1325 1112 eripiat
1352 1060 1517 1097 fructum
1543 1059 1822 1109 procreationis

351 1120 573 1175 liberorum,
589 1122 917 1171 queamdmodum
935 1123 1017 1173 ipse
1032 1135 1152 1173 puero
1169 1122 1406 1159 libertatem:
1430 1120 1658 1159 defunctum
1675 1126 1820 1166 tamen,

352 1196 440 1220 cum
468 1183 500 1220 is
521 1183 677 1233 quidem
708 1184 772 1234 qui
803 1184 1032 1221 beneficium
1061 1184 1218 1235 accipit,
1240 1196 1317 1220 non
1333 1184 1415 1234 jam
1439 1183 1558 1220 sentit
1575 1182 1822 1221 commodum

351 1257 430 1295 quo
452 1245 630 1291 afficitur,
650 1244 727 1295 legi
747 1258 837 1282 vero
856 1251 895 1283 et
914 1246 1062 1282 numini
1080 1246 1205 1283 honos
1231 1244 1408 1289 habetur,
1436 1244 1597 1294 sepelire
1611 1244 1760 1295 jubeat,
1782 1252 1820 1282 et

352 1313 481 1344 cetera
497 1307 544 1343 de
576 1319 679 1343 more
700 1313 897 1356 praestare.
944 1307 1071 1344 Etiam
1103 1307 1216 1344 aliam
1248 1306 1445 1356 quandam
1464 1306 1590 1356 legem
1620 1306 1722 1351 tulit,
1753 1319 1822 1344 no-

351 1375 516 1407 strorum
537 1361 744 1405 liberorum
767 1369 983 1412 custodem,
1015 1368 1062 1405 de
1093 1368 1298 1413 lenocinio,
1326 1367 1502 1404 maximis
1528 1367 1650 1417 poenis
1677 1367 1823 1405 adscri-

351 1431 441 1481 pti's,
488 1430 530 1467 si
570 1429 687 1479 quis
727 1429 950 1479 ingenui
994 1429 1145 1479 pueri
1189 1435 1274 1466 aut
1318 1428 1556 1466 mulieris
1594 1428 1821 1466 lenonem

350 1505 373 1529 a
387 1506 410 1542 g
425 1498 483 1529 at.
532 1491 582 1528 Et
599 1503 714 1540 quam
736 1488 879 1527 aliam?
910 1489 1054 1540 Legem
1089 1489 1348 1534 contumeliae,
1369 1502 1456 1540 quae
1485 1502 1562 1537 uno
1590 1490 1714 1540 capite
1735 1504 1821 1541 quae

351 1560 443 1590 sunt
474 1552 588 1599 hujus
626 1552 778 1602 generis
819 1551 949 1588 omnia
986 1551 1255 1602 complectitur
1272 1568 1281 1596 ;
1318 1551 1357 1588 in
1385 1550 1463 1601 qua
1492 1552 1607 1603 plane
1636 1552 1820 1603 scriptum

349 1615 529 1659 habetur,
559 1613 589 1650 si
609 1613 691 1663 quis
707 1619 831 1663 ‘puero
847 1613 1122 1651 contumeliam
1138 1613 1421 1651 fecerit—facit
1435 1620 1566 1651 autern
1579 1614 1713 1663 utique
1728 1627 1822 1652 con-

349 1675 547 1713 tumeliam
578 1674 643 1723 qui
672 1673 924 1719 conducit—‚
952 1680 1020 1711 aut
1047 1675 1140 1721 viro,
1165 1681 1231 1712 aut
1253 1673 1416 1720 mulieri,
1445 1674 1524 1712 sive
1548 1674 1719 1725 ingenuo
1740 1675 1821 1714 sive

350 1750 472 1783 serVO,
495 1744 562 1775 aut
581 1736 724 1787 aliquid
740 1736 893 1787 legibus
909 1737 1159 1774 interdictum
1179 1738 1217 1775 in
1233 1737 1372 1775 horum
1389 1737 1557 1788 aliquem
1573 1739 1821 1786 commiserit,

349 1800 389 1836 in
410 1812 498 1836 eum
519 1798 765 1836 contumeliae
786 1798 978 1835 actionem
1001 1798 1111 1836 dedit
1133 1806 1172 1836 et
1203 1799 1278 1836 litis
1300 1799 1594 1837 aestimationem
1614 1812 1699 1837 earn
1719 1801 1824 1848 fecit,

351 1868 395 1900 ut
411 1863 660 1901 statuendum
682 1861 744 1908 sit,
760 1862 853 1912 quid
874 1862 905 1899 is
927 1861 1033 1899 luere
1053 1861 1209 1908 debeat,
1232 1868 1299 1900 aut
1318 1862 1479 1900 solvere.
1527 1862 1665 1901 Recita
1682 1863 1822 1915 legem.

1023 1985 1138 2021 LEX.

396 2081 427 2109 Si
443 2080 512 2119 quis
535 2080 733 2110 Atheniensis
750 2090 846 2119 puero
864 2080 994 2118 ingenuo
1011 2080 1229 2109 contumeliam
1246 2079 1366 2114 fecerit,
1381 2080 1409 2109 is
1425 2079 1455 2109 in
1473 2080 1560 2119 cujus
1576 2083 1729 2119 potestate
1745 2090 1823 2119 puer

353 2136 401 2161 est
417 2131 501 2160 illum
518 2132 598 2170 apud
617 2131 762 2161 sexviros
780 2136 935 2166 accusam,
953 2141 987 2160 ea
1003 2131 1067 2160 litis
1089 2131 1290 2160 aestimatione
1307 2131 1475 2170 adscripta,
1499 2141 1559 2170 qua
1576 2131 1727 2170 judicium
1753 2141 1820 2161 eum

352 2183 574 2216 condemnarit,
590 2182 641 2221 qui
659 2183 682 2211 si
701 2182 918 2211 undecimviris
935 2182 1027 2211 fuerit
1044 2182 1176 2211 traditus
1192 2183 1298 2211 eadem
1316 2182 1366 2211 die
1384 2182 1571 2221 perimatur:
1596 2182 1641 2212 sin
1663 2182 1692 2211 ei
1708 2183 1823 2212 mulcta

351 2234 528 2273 pecuniaria
544 2233 679 2272 irrogata
694 2233 796 2267 fuerit,
812 2233 892 2262 iutra
909 2232 977 2262 dies
996 2233 1137 2262 undecim
1155 2237 1224 2270 post
1238 2233 1390 2271 judicium
1407 2233 1517 2269 solvat,
1539 2233 1565 2262 si
1581 2233 1684 2274 statim
1701 2234 1821 2263 solvere

350 2295 410 2315 non
429 2285 575 2324 potuerit,
597 2285 694 2313 donec
717 2295 792 2313 vero
818 2283 947 2313 solverit
962 2283 992 2312 in
1018 2294 1141 2313 carcere
1158 2289 1298 2313 teneatur
1313 2295 1319 2312 :
1345 2284 1453 2313 iisdem
1469 2294 1562 2323 porro
1579 2284 1758 2315 criminibus
1775 2289 1821 2315 te-

352 2341 482 2365 neantur
497 2336 520 2364 ii
537 2335 627 2364 etiam
646 2334 697 2373 qui
716 2335 841 2364 servilia
855 2345 985 2374 corpora
1002 2334 1155 2364 violarint.

353 2419 546 2458 Fortassis
568 2425 697 2456 autem
719 2419 859 2469 aliquis
881 2419 1010 2456 statim
1031 2420 1200 2466 miretur,
1220 2433 1298 2470 qua
1317 2421 1365 2458 de
1385 2433 1503 2459 causa
1525 2421 1603 2471 legi
1622 2427 1823 2460 contume-

347 2481 410 2519 liae
426 2482 541 2519 etiam
563 2493 757 2518 servorum
777 2493 918 2518 nomen
933 2481 981 2518 sit
997 2481 1250 2533 adscriptum.
1283 2483 1329 2520 Id
1352 2495 1442 2521 vero
1459 2483 1491 2521 si
1511 2483 1821 2532 considerabitis,

355 2542 635 2588 Athenienses,
649 2542 821 2579 omnium
834 2542 1089 2580 rectissimum
1105 2556 1194 2581 esse
1206 2544 1422 2582 invenietis.
1451 2545 1589 2595 Neque
1606 2545 1704 2583 enim
1722 2547 1823 2585 servi

352 2610 472 2642 tantae
493 2617 596 2642 curae
609 2604 766 2641 fuerunt
778 2603 1004 2654 legislatori,
1021 2604 1089 2642 sed
1109 2605 1200 2655 quia
1216 2619 1285 2644 nos
1301 2605 1578 2644 consuefacere
1592 2606 1725 2653 voluit,
1742 2614 1786 2646 ut
1800 2621 1823 2646 a

353 2665 591 2703 contumelia
609 2664 866 2715 ingenuorum
888 2678 1126 2716 magnopere
1140 2666 1252 2704 nobis
1267 2673 1580 2718 temperaremus,
1599 2668 1821 2719 adscripsit,

353 2739 402 2763 ne
424 2726 544 2763 servis
565 2725 720 2775 quidem
741 2725 1017 2764 contumeliam
1038 2739 1123 2764 esse
1143 2726 1375 2765 faciendam.
1423 2727 1604 2779 Denique
1622 2728 1688 2779 qui
1708 2728 1746 2767 in
1774 2730 1820 2767 li-

352 2789 446 2825 bera
464 2787 619 2825 civitate
642 2800 874 2856 quacunque
895 2787 932 2824 in
952 2801 991 2825 re
1012 2789 1287 2827 contumeliam
1306 2790 1465 2837 faceret,
1487 2802 1576 2828 eum
1598 2790 1648 2829 ad
1668 2791 1821 2830 civilem

353 2848 676 2886 consuetudinem
695 2849 849 2887 minime
868 2848 1052 2887 idoneum
1065 2849 1271 2901 judicavit.

408 2912 445 2945 5
476 2909 605 2960 Atque
623 2909 719 2948 illud
740 2923 818 2949 una
837 2923 1005 2959 mecum,
1034 2911 1310 2960 Athenienses,
1338 2912 1589 2952 memineritis
1614 2913 1744 2962 velim,
1767 2914 1820 2952 le-
