1948 3306
385 403 782 444 ARGUMENTUM
807 405 1106 445 ORATIONIS
1127 407 1414 446 ADVERSUS
1443 406 1734 447 POLYCLEM
1769 408 1842 447 DE

503 466 811 507 SUMPTIBUS
844 468 1027 506 FINITO
1057 469 1289 507 NAVALIS
1321 470 1720 510 PRAEFECTURAE

862 527 1127 569 TEMPORE
1158 531 1362 572 FACTIS.

422 648 684 681 APOLLononus
700 651 841 681 Pusionis
858 651 951 688 filius,
962 651 1258 692 cuminpraet'ectura
1273 652 1374 684 navali
1390 653 1570 693 praelinituru
1585 656 1707 692 tempus
1720 638 1842 682 strenue

381 702 590 740 praeclareque
618 711 651 731 se
674 703 836 739 gessisset,
858 703 887 733 in
911 704 1018 734 eadem
1046 704 1107 733 alio
1133 715 1188 734 non
1212 715 1308 744 parvo
1334 708 1471 746 tempore
1498 705 1645 745 perstitit,
1662 713 1841 734 successore

381 755 510 794 Polycle
532 765 589 784 non
608 755 708 784 statim
737 757 774 785 ad
801 766 908 786 navem
933 757 1084 796 profecto.
1129 756 1192 793 Qui
1217 762 1378 797 postquam
1402 763 1539 793 venerat,
1555 768 1623 788 cum
1650 767 1758 787 navem
1781 766 1840 785 non

379 806 480 835 statim
498 806 698 845 suscepisset,
715 808 768 836 sed
787 807 960 837 simulasset
977 818 1009 837 se
1033 808 1181 847 collegam
1203 819 1289 838 suurn
1308 809 1445 839 navalem
1469 813 1666 849 exspectare,
1682 813 1772 846 atque
1795 806 1842 836 in-

378 858 466 887 terim
485 858 692 898 Apollodorus
716 860 785 889 navi
809 860 995 899 praefuisset,
1021 864 1161 899 sumptus
1188 870 1224 890 eo
1247 864 1385 901 tempore
1402 870 1419 890 a
1434 870 1466 891 se
1481 861 1579 891 factos
1595 870 1612 889 a
1630 858 1757 899 Polyole
1784 868 1841 897 pu·

379 910 481 939 stulat.

744 1214 1475 1270 DEMOSTHENIS

603 1347 1048 1422 ADVERSUS
1113 1374 1390 1424 POLYc
1413 1374 1579 1424 LEM

405 1522 651 1565 ORATIO
693 1523 779 1565 DE
825 1523 1197 1566 SUMPTIBUS
1241 1523 1466 1565 FINITO
1523 1523 1806 1568 NAVALIS

550 1588 1018 1632 PRAEFECTURAE
1048 1588 1365 1632 TEMPORE
1401 1590 1645 1634 FACTIS.

429 1706 464 1742 1.
493 1705 674 1744 TALIUM
702 1706 1065 1751 controversiarum,
1091 1704 1267 1753 Judices‚
1289 1718 1354 1744 eos
1381 1705 1497 1744 etiam
1519 1706 1586 1758 qui
1613 1713 1834 1746 controver-

371 1768 468 1806 siam
495 1768 686 1819 cognituri
717 1775 807 1807 sunt
839 1769 899 1807 vel
920 1768 958 1805 in
977 1767 1108 1820 primis
1128 1768 1315 1806 rationem
1341 1768 1484 1806 habere
1513 1769 1637 1807 decet.
1695 1769 1834 1821 Neque

371 1830 472 1868 enim
493 1844 578 1869 mea
598 1837 638 1869 et
657 1831 829 1883 Polyclis
849 1830 998 1882 privata
1017 1830 1207 1868 duntaxat
1224 1829 1309 1868 haec
1332 1843 1450 1869 causa
1471 1837 1547 1878 est,
1576 1831 1645 1869 sed
1663 1839 1701 1870 et
1727 1845 1833 1871 com-

371 1891 495 1930 munis
523 1893 703 1931 civitatis.
763 1893 938 1936 Quarum
959 1891 1062 1930 enim
1081 1904 1204 1930 rerum
1221 1900 1264 1929 ut
1281 1891 1441 1943 privatae
1460 1898 1550 1930 sunt
1569 1893 1757 1940 actiones,
1778 1893 1833 1932 sic

369 1953 513 1992 damna
531 1954 704 2006 publica,
719 1967 782 1992 eas
803 1967 932 1993 nonne
947 1953 1127 1992 convenit
1142 1953 1295 1992 auditas
1316 1966 1338 1991 a
1357 1953 1468 1992 vobis
1485 1960 1591 1993 recte
1607 1955 1834 2007 dijudicari?

370 2015 471 2053 Nam
493 2016 524 2054 si
542 2023 700 2068 propter
720 2015 998 2054 dissensionem
1020 2015 1071 2053 de
1099 2014 1279 2066 quopiam
1305 2014 1379 2053 alio
1410 2023 1611 2055 contractu
1631 2016 1833 2070 Polyclem

367 2075 406 2113 in
437 2083 605 2115 vestrum
632 2077 824 2128 judicium
855 2076 1114 2121 adduxissem,
1148 2089 1236 2114 mea
1267 2089 1327 2115 res
1361 2083 1400 2115 et
1429 2076 1599 2130 Polyclis
1631 2085 1808 2130 ageretur
1821 2094 1833 2117 ε

367 2151 474 2177 nunc
494 2138 543 2177 de
563 2139 689 2177 navali
709 2139 955 2178 successione
974 2140 1091 2177 verba
1105 2137 1206 2176 fiunt
1224 2145 1264 2176 et
1283 2138 1502 2191 sumptibus
1518 2140 1645 2191 spatio
1660 2141 1831 2192 quinque

366 2202 556 2239 mensium
571 2208 609 2240 et
629 2215 697 2240 sex
715 2201 864 2240 dierum
883 2202 992 2240 finito
1012 2201 1255 2254 praefecturae
1274 2208 1447 2254 tempore
1463 2203 1590 2250 sactis,
1609 2210 1649 2242 et
1667 2204 1715 2242 de
1737 2205 1833 2256 legi·

365 2257 598 2311 bus,'utrum
627 2278 684 2303 eae
712 2271 808 2303 ratae
841 2264 918 2303 sint
944 2278 1016 2303 nec
1043 2277 1106 2302 ne.
1163 2263 1440 2303 Necessarium
1470 2272 1600 2304 autem
1628 2265 1717 2304 mihi
1744 2279 1830 2306 esse

363 2324 516 2364 videtur
535 2327 583 2364 ab
602 2326 710 2364 initio
725 2339 806 2364 rem
821 2339 973 2364 omnem
989 2325 1091 2377 apud
1103 2338 1172 2364 vos
1188 2339 1404 2378 exponere:
1436 2340 1555 2378 quare
1571 2341 1639 2379 per
1653 2327 1746 2367 deos
1762 2341 1830 2367 vos

365 2400 447 2434 oro,
483 2388 658 2435 Judices‚
678 2401 728 2426 ne
761 2402 822 2427 me
850 2388 994 2440 putetis
1020 2401 1145 2439 nugas
1179 2401 1308 2438 agere,
1340 2388 1370 2426 si
1404 2388 1589 2440 prolixius
1623 2402 1830 2429 narravero

364 2456 542 2503 sumptus
562 2457 601 2489 et
627 2457 729 2501 acta,
753 2464 870 2502 quam
889 2456 930 2489 et
946 2450 1176 2502 tempestive
1197 2450 1351 2502 singula
1369 2458 1409 2489 et
1427 2451 1573 2503 reipub.
1594 2451 1741 2490 utiliter
1760 2453 1830 2490 ad-

363 2513 581 2552 ministrata
602 2513 689 2552 sint.
747 2512 866 2558 Quod
891 2512 922 2551 si
939 2511 1026 2563 quis
1041 2511 1194 2550 mentiri
1214 2525 1274 2551 me
1291 2518 1422 2564 potest
1441 2512 1662 2560 ostendere,
1681 2521 1830 2565 surgat,

363 2581 479 2627 atque
494 2574 536 2614 in
554 2587 640 2613 mea
659 2586 760 2626 aqua
778 2579 978 2626 coarguat,
993 2572 1179 2624 quiequid
1199 2586 1260 2611 me
1274 2573 1378 2612 falso
1398 2573 1504 2626 apud
1517 2586 1586 2612 vos
1609 2574 1738 2612 dicere
1757 2587 1829 2626 pu-

361 2636 465 2676 tarit.
498 2636 567 2675 Sin
584 2650 676 2677 vera
693 2642 820 2683 erunt,
837 2642 877 2674 et
894 2648 1008 2673 nemo
1027 2634 1119 2672 mihi
1138 2634 1209 2672 nisi
1228 2634 1300 2673 iste
1319 2635 1574 2682 contradicet,
1589 2648 1667 2674 rem
1677 2635 1827 2687 justam

361 2704 455 2748 peto
475 2711 498 2737 a
519 2697 630 2737 vobis
650 2698 828 2737 omnibus
852 2697 1072 2748 quicunque
1092 2695 1286 2734 militastis
1306 2702 1421 2747 atque
1450 2695 1526 2735 illic
1547 2695 1724 2744 affuistis,
1746 2704 1827 2737 tum

359 2766 403 2798 ut
434 2760 507 2812 ipsi
534 2760 787 2800 recordemini
817 2766 899 2798 tum
931 2764 976 2797 ut
1007 2757 1144 2796 vestris
1176 2759 1436 2796 assessoribus
1465 2759 1626 2797 narretis
1654 2759 1826 2798 studium

359 2833 488 2860 meum
518 2830 556 2861 et
588 2836 636 2862 ea
667 2836 754 2874 quae
777 2821 1000 2874 reipublicae
1022 2820 1096 2858 illis
1120 2820 1357 2872 temporibus
1383 2819 1609 2858 acciderunt
1634 2828 1673 2859 et
1698 2835 1824 2860 rerum

360 2883 622 2931 difficultates,
644 2897 722 2935 quo
751 2883 840 2922 inde
868 2882 1130 2935 cognoscatiS,
1152 2881 1277 2932 qualis
1304 2894 1377 2933 ego
1398 2881 1470 2920 sim
1490 2881 1667 2933 injussis
1685 2884 1823 2923 vestris

356 2946 641 2997 exsequendis:
670 2946 735 2997 qui
750 2952 879 2985 autem
900 2945 1004 2984 domi
1026 2943 1237 2991 mansistis,
1257 2943 1375 2983 tacite
1395 2957 1454 2983 me
1473 2949 1518 2983 ut
1537 2945 1702 2985 audiatis
1719 2946 1822 3000 apud
