1948 3306
255 147 327 184 118
752 143 808 179 ΙΝ
840 142 1290 181 CTESIPHONTEM.

251 254 420 285 terarum
441 246 558 293 ludis,
579 259 659 284 non
680 246 827 284 musica
843 253 994 284 tantum
1008 247 1174 297 juvenes
1195 245 1352 293 erudiri,
1373 245 1442 283 sed
1462 246 1585 284 multo
1604 245 1719 284 etiam

250 309 374 359 magis
400 308 565 359 publicis
586 307 803 359 praeconiis.
853 308 1093 346 Praedicatur
1114 307 1251 358 aliquis
1273 308 1313 345 in
1333 307 1497 353 theatro,
1520 307 1626 357 quod
1656 320 1722 345 co-

250 383 345 408 rona
371 371 538 408 donatur
566 369 717 408 virtutis
743 383 836 421 ergo
867 383 912 408 ac
941 369 1181 408 fortitudinis
1208 376 1247 407 et
1277 367 1576 413 benevolentiae,
1606 368 1724 405 homo

250 433 331 470 vita
350 432 604 470 immodestus
632 439 750 483 atque
772 432 1092 470 contaminatus?
1123 432 1370 470 Adolescens
1398 431 1506 469 hisce
1528 430 1618 469 visis
1638 444 1723 468 cor-

252 495 455 545 rumpitur.
484 495 626 533 Poenas
644 495 753 533 dedit
772 494 971 545 improbus
993 494 1130 545 aliquis
1147 502 1186 532 et
1206 495 1244 532 in
1264 494 1457 533 lenocinio
1478 499 1669 539 versatus,
1684 499 1729 530 ut

254 556 499 607 Ctesiphon?
531 557 673 596 Caeteri
705 556 947 595 erudiuntur.
1004 557 1205 595 Scitumne
1239 556 1380 608 aliquis
1408 556 1574 594 honesto
1609 561 1728 605 atque

253 631 366 669 aequo
385 619 593 657 adversum
613 619 714 665 tulit,
737 618 827 656 inde
848 618 1005 655 domum
1025 631 1203 656 reversus
1225 618 1346 656 filium
1367 617 1569 656 instituere
1589 629 1730 667 aggre-

253 679 384 718 ditur?
416 682 473 718 At
492 681 524 719 is
539 682 626 733 jure
646 694 726 719 non
746 680 966 723 auscultat3
998 692 1156 718 monere
1173 681 1275 718 enim
1296 687 1335 717 et
1353 679 1577 730 praecipere,
1591 678 1729 715 merito

256 741 319 780 hic
351 743 569 780 obtundere
596 742 829 780 nominatur.
862 742 1058 785 Quocirca
1089 755 1168 779 non
1201 741 1327 779 solum
1358 741 1468 791 quasi
1496 739 1732 790 judicantes,

257 805 327 842 sed
348 805 459 856 quasi
478 806 650 842 omnium
671 804 795 842 oculis
824 804 1031 850 observati,
1051 805 1107 842 ita
1127 804 1363 842 sententiam
1381 802 1494 848 ferte,
1514 810 1558 839 ut
1577 801 1621 839 iis
1641 802 1733 840 civi-

258 868 332 904 bus
354 867 543 904 rationem
564 866 729 904 reddere
749 866 907 917 possitis
924 866 989 916 qui
1010 880 1114 904 nunc
1129 866 1285 916 quidem
1301 877 1379 902 non
1401 864 1560 909 adsunt,
1574 863 1644 901 sed
1662 877 1733 902 vos

259 928 637 981 quidjudicaveritis
657 928 967 978 interrogabunt.
1007 927 1135 965 Probe
1166 928 1268 964 enim
1299 926 1437 971 nostis,
1458 925 1735 973 Athenienses,

257 991 377 1029 talem
397 991 523 1028 visum
552 990 596 1027 iri
630 989 841 1035 civitatem,
863 988 989 1038 qualis
1012 994 1073 1026 est
1103 987 1168 1025 ille
1199 988 1249 1025 de
1283 999 1362 1037 quo
1395 986 1440 1024 fit
1467 986 1734 1037 praeconium:

259 1052 368 1104 atqui
388 1051 654 1103 turpissimum
673 1050 735 1098 sit,
755 1063 824 1088 vos
844 1063 921 1088 non
941 1062 1030 1088 cum
1051 1047 1259 1100 majoribus
1287 1048 1425 1086 vestris
1453 1048 1524 1086 sed
1543 1061 1632 1086 cum
1653 1049 1736 1087 De-

261 1113 474 1153 mosthenis
491 1114 649 1164 ignavia
668 1113 900 1164 comparari.

316 1179 383 1215 92.
415 1178 598 1219 Quonam
618 1175 734 1226 igitur
765 1175 883 1212 modo
911 1174 1136 1226 hujusmodi
1156 1173 1330 1212 dedecus
1360 1172 1495 1211 evitari
1514 1171 1668 1224 possit?
1697 1171 1739 1209 Si

263 1252 332 1277 eos
354 1238 504 1276 scilicet
530 1237 597 1289 qui
629 1237 788 1274 nomina
807 1236 1011 1288 popularia
1039 1244 1078 1274 et
1102 1235 1356 1274 humanitatis
1388 1235 1508 1286 plena
1538 1247 1738 1285 praeoccu-

263 1308 371 1354 pant,
385 1301 555 1339 moribus
576 1306 707 1338 autem
728 1306 817 1337 sunt
836 1299 958 1344 infidi,
981 1298 1166 1337 caveatis.
1198 1296 1478 1335 Benevolentia
1491 1295 1590 1334 enim
1612 1303 1651 1334 et
1669 1309 1739 1347 po-

263 1363 410 1415 pularis
432 1370 557 1401 status
578 1375 721 1400 nomen
742 1362 781 1399 in
803 1361 933 1398 medio
960 1361 1091 1412 posita
1123 1366 1236 1403 sunt;
1269 1372 1402 1397 verum
1429 1372 1475 1396 ea
1499 1358 1627 1396 verbis
1656 1358 1738 1409 ple-

216 1415 223 1420 *
263 1439 427 1476 rumque
447 1432 538 1463 ante
571 1425 668 1462 alios
699 1430 906 1474 occupant,
936 1423 1001 1473 qui
1032 1423 1148 1460 factis
1180 1421 1408 1472 longissime
1437 1421 1485 1458 ab
1506 1420 1551 1457 iis
1579 1419 1740 1458 distant.

266 1479 513 1539 Itaque'cum
541 1492 735 1524 oratorem
759 1485 864 1523 nacti
894 1484 1044 1522 fueritis
1066 1496 1297 1522 coronarum
1318 1489 1564 1520 externarum
1584 1487 1624 1519 et
1641 1495 1741 1532 prae-

268 1550 470 1588 coniorum
485 1549 590 1601 apud
607 1548 771 1586 Graecos
791 1547 1061 1586 faciendorum
1080 1546 1281 1598 cupidum,
1302 1557 1487 1583 revocare
1507 1543 1742 1594 eumjubete

268 1614 474 1651 verborum
495 1612 744 1664 probationes
757 1610 1135 1663 praeconiorumque,
1151 1608 1253 1646 sicut
1264 1608 1374 1658 leges
1389 1607 1542 1658 jubent,
1560 1605 1607 1643 ad
1625 1605 1745 1644 vitam

269 1674 507 1713 laudabilem
526 1682 566 1712 et
598 1687 725 1712 mores
752 1672 982 1711 modestos:
1012 1672 1075 1709 cui
1104 1683 1196 1708 vero
1228 1670 1315 1707 haec
1335 1669 1558 1707 testimonia
1586 1667 1742 1712 desunt,

267 1737 303 1776 ei
324 1750 413 1775 suas
434 1736 572 1775 laudes
593 1735 846 1774 constabilire
866 1734 999 1772 nolite.
1031 1733 1092 1770 Ita
1106 1732 1209 1770 enim
1228 1730 1430 1782 popularis
1445 1729 1595 1781 imperii
1611 1742 1745 1767 curam

270 1799 477 1845 habebitis,
497 1798 609 1837 vobis
635 1798 716 1849 jam
736 1796 921 1849 paulatim
947 1796 996 1833 de
1016 1794 1196 1832 manibus
1217 1793 1420 1831 elabentis.
1487 1791 1593 1834 Quid
1614 1790 1745 1829 enim?

267 1875 347 1900 non
366 1860 571 1911 indignum
593 1860 703 1898 vobis
724 1859 890 1904 videtur,
912 1863 1090 1895 senatum
1111 1855 1380 1906 populumque
1404 1859 1564 1891 nostrum
1583 1852 1745 1903 despici,

269 1924 400 1962 literas
421 1930 551 1961 autem
575 1936 620 1960 ac
641 1921 858 1971 legationes
878 1919 917 1955 in
937 1919 1107 1968 privatas
1128 1918 1266 1954 domos
1288 1915 1506 1967 pervenire,
1527 1928 1606 1953 non
1632 1928 1698 1953 eas
1723 1927 1747 1952 a

270 1985 494 2036 vulgaribus
527 1983 685 2034 quidem
712 1981 935 2019 hominibus
956 1979 1096 2017 missas
1128 1979 1198 2015 sed
1218 1979 1266 2015 ab
1290 1977 1336 2015 iis
1356 1977 1422 2027 qui
1450 1976 1490 2014 in
1515 1977 1611 2014 Asia
1630 1983 1747 2027 atque

271 2048 429 2097 Europa
448 2045 710 2096 principatum
731 2040 938 2080 obtinent?
982 2041 1032 2077 Et
1063 2040 1203 2091 quibus
1231 2039 1470 2077 facinoribus
1497 2038 1664 2090 capitale
1690 2038 1748 2076 le-

271 2110 383 2160 gibus
404 2106 637 2157 supplicium
670 2105 927 2143 constitutum
959 2108 1031 2148 est,
1065 2115 1112 2140 ea
1133 2115 1174 2139 se
1202 2100 1383 2139 nonnulli
1405 2100 1648 2138 committere
1669 2113 1749 2138 non

270 2170 501 2215 inficiantur,
523 2168 593 2205 sed
612 2167 743 2218 palam
764 2166 868 2217 apud
886 2165 1075 2217 populum
1092 2163 1343 2208 confitentur,
1365 2170 1405 2201 et
1430 2162 1563 2201 literas
1582 2162 1683 2201 inter
1705 2176 1747 2201 se

270 2233 476 2272 conferunt
491 2230 749 2280 recitantque,
772 2235 888 2279 atque
909 2227 973 2279 alii
993 2239 1060 2264 vos
1088 2225 1294 2264 hortantur
1313 2231 1358 2263 ut
1376 2225 1414 2262 in
1435 2237 1503 2263 ora
1522 2237 1608 2271 sua,
1635 2224 1747 2275 quasi

270 2294 471 2348 popularis
486 2292 632 2344 imperii
662 2292 739 2330 sint
758 2290 957 2336 custodes,
976 2288 1113 2328 oculos
1133 2287 1276 2339 figatis,
1300 2287 1365 2325 alii
1385 2286 1547 2338 praemia
1566 2291 1746 2338 poscunt,

271 2364 458 2409 tanquam
490 2354 657 2406 publicae
678 2353 816 2392 salutis
837 2357 1157 2390 conservatores:
1188 2348 1357 2400 populus
1379 2355 1508 2386 autem
1529 2349 1578 2386 ob
1595 2360 1640 2386 ea
1659 2360 1747 2398 quae

273 2419 504 2459 acciderunt
522 2417 651 2454 animo
667 2416 829 2461 fractus,
851 2415 966 2465 quasi
991 2413 1099 2451 senio
1126 2411 1334 2450 confectus
1355 2417 1424 2449 aut
1449 2410 1585 2449 delirio
1605 2415 1745 2460 captus

275 2482 337 2528 sit,
362 2493 504 2518 nomen
525 2478 651 2517 solum
673 2476 947 2515 dominationis
968 2474 1168 2526 popularis
1188 2473 1338 2520 retinet,
1365 2487 1426 2511 res
1454 2472 1612 2524 quidem
1638 2472 1745 2522 ipsas

275 2543 360 2581 aliis
374 2541 583 2580 concessit.
614 2535 772 2577 Deinde
789 2552 836 2576 ex
852 2537 1107 2576 concionibus
1124 2535 1339 2581 disceditis,
1355 2548 1432 2572 non
1448 2541 1492 2573 ut
1507 2533 1572 2584 qui
1587 2533 1747 2572 consul-

274 2606 411 2650 taritis,
433 2604 505 2642 sed
518 2602 639 2641 veluti
660 2615 708 2639 ex
728 2614 843 2639 coena
863 2599 1051 2638 collatitia
1069 2597 1298 2648 fragmentis
1318 2610 1407 2647 quae
1437 2601 1649 2648 supersunt
1667 2594 1748 2633 dis-

274 2666 438 2707 tributis.
477 2666 532 2703 Ut
552 2671 682 2703 autem
702 2677 782 2701 non
808 2663 938 2701 inania
955 2675 1018 2701 me
1037 2660 1187 2699 effutire
1207 2665 1375 2706 constet,
1398 2658 1438 2696 id
1459 2657 1564 2710 quod
1592 2657 1681 2695 dico
1699 2669 1747 2695 ex

273 2730 334 2768 his
361 2728 621 2767 considerate.

328 2794 394 2831 93.
425 2791 516 2829 Fuit
541 2790 806 2840 hic—magno
827 2787 1007 2840 equidem
1027 2800 1116 2825 curn
1132 2787 1265 2826 dolore
1284 2782 1460 2822 miserias
1480 2780 1647 2820 civitatis
1675 2793 1747 2818 sae-

275 2854 362 2906 pius
381 2851 755 2891 commemoro—vir
774 2850 931 2901 quidam
951 2849 1141 2901 privatus,
1166 2848 1232 2900 qui
1253 2846 1303 2885 ad
1324 2845 1486 2884 Samum
1505 2849 1657 2882 tantum
1677 2854 1747 2880 na-

275 2915 404 2965 vigare
430 2926 655 2965 aggressus,
675 2920 859 2964 tanquam
894 2911 1065 2962 proditor
1094 2909 1230 2962 patriae
1263 2919 1310 2946 eo
1339 2908 1427 2959 ipso
1454 2905 1517 2944 die
1548 2917 1572 2943 a
1601 2903 1748 2943 Senatu
