1981 3356
537 222 827 263 ADVERSUS
857 222 1258 271 PHORMIONEM.
1557 225 1637 262 535

178 326 367 382 talentum
388 325 515 378 largiti
541 340 698 365 sumus:
728 340 818 365 cum
845 339 936 365 vero
969 339 1123 364 annona
1155 317 1353 364 coarctata
1383 332 1488 365 esset
1519 332 1560 363 et
1587 326 1637 363 ad

177 387 345 426 sedecim
365 387 572 427 drachmas
592 388 844 439 pervenisset,
871 388 1034 426 invectis
1055 386 1220 439 amplius
1243 387 1374 426 decies
1393 388 1496 425 mille
1520 386 1637 425 tritici

176 449 393 496 medimnis,
426 450 590 488 dimensi
608 450 716 488 vobis
743 463 875 488 sumus
909 450 1050 487 usitato
1075 449 1200 500 pretio
1226 449 1401 499 singulos
1421 448 1639 486 medimnos

175 511 348 562 quinque
376 511 580 557 drachmis,
600 518 640 549 et
671 511 756 550 haec
777 524 910 549 omnes
934 511 1057 549 nostis
1079 523 1167 548 cum
1186 511 1224 548 in
1243 510 1417 561 Pompeo
1446 509 1555 547 vobis
1578 508 1636 545 di-

176 572 302 611 mensi
331 573 461 611 simus.
518 572 606 610 Jam
626 584 726 610 anno
745 573 941 623 superiore
957 573 1007 610 ad
1026 571 1284 611 coemendum
1303 571 1446 622 populo
1467 571 1638 607 frumen-

176 640 259 672 tum
287 633 476 671 talentum
506 633 614 670 vobis
645 634 895 681 contulimus,
915 646 989 685 ego
1020 640 1059 672 et
1088 633 1206 672 frater
1237 646 1365 672 meus.
1422 632 1526 682 Lege
1546 629 1640 667 mihi

176 694 314 734 harum
333 707 459 733 rerum
477 693 713 734 testimonia.

722 839 1084 878 TESTIMONIA.

178 934 296 978 Quod
321 934 353 973 si
371 935 432 973 vel
451 934 512 973 his
532 935 764 986 conjecturis
790 933 980 972 utendum
1009 938 1082 977 est,
1102 944 1181 970 non
1199 937 1505 970 consentaneum
1527 932 1642 971 fuerit

175 1008 247 1034 nos
280 1002 431 1035 tantum
458 996 636 1048 pecuniae
668 995 800 1046 largiri
831 1003 874 1032 ut
903 1007 973 1032 vos
1005 995 1104 1032 bene
1138 993 1187 1030 de
1213 992 1325 1030 nobis
1357 993 1641 1039 existimaretis,

176 1057 451 1096 Phormionem
469 1065 600 1096 autem
619 1056 845 1095 calumniari
862 1056 1030 1095 voluisse
1055 1062 1099 1093 ut
1130 1067 1180 1091 ne
1203 1053 1296 1092 boni
1323 1053 1391 1091 viri
1418 1054 1573 1105 quidem
1594 1054 1643 1092 de

175 1124 317 1157 caetero
347 1119 586 1157 haberemur.
641 1119 736 1156 Jure
761 1118 878 1168 igitur
900 1130 970 1155 nos
985 1115 1188 1168 juvabitis,
1216 1114 1392 1153 Judices.
1454 1115 1641 1153 Ostendi-

174 1192 262 1217 mus
281 1180 384 1217 enim
403 1180 528 1229 vobis,
557 1192 630 1217 nec
663 1180 712 1217 ab
742 1179 853 1217 initio
886 1191 1007 1216 onera
1034 1176 1265 1228 imposuisse
1291 1176 1409 1213 istum
1438 1176 1478 1213 in
1503 1189 1641 1213 navem

175 1240 299 1279 omnis
329 1241 506 1292 pecuniae
525 1253 641 1292 quam
659 1239 824 1278 Athenis
854 1245 1054 1278 mutuatus
1072 1238 1201 1282 fuerit,
1221 1242 1262 1274 et
1283 1236 1332 1273 de
1351 1236 1544 1275 mercibus
1564 1237 1643 1275 Bo-

174 1301 279 1353 spori
297 1302 462 1341 venditis
484 1303 546 1340 vix
566 1315 633 1340 eos
653 1302 720 1353 qui
740 1314 786 1340 eo
805 1314 929 1352 usque
952 1301 1145 1338 duntaxat
1161 1304 1386 1336 mutuarant
1405 1298 1641 1342 absolvisse3

174 1370 439 1415 praetereaque
458 1376 531 1402 nec
550 1363 774 1402 abundasse
793 1362 961 1400 nummis
981 1375 1055 1400 nec
1075 1361 1130 1399 ita
1149 1372 1237 1398 esse
1256 1359 1489 1406 vaecordem,
1509 1366 1553 1397 ut
1573 1372 1643 1411 pro

172 1425 231 1463 bis
250 1424 355 1463 mille
375 1432 415 1463 et
428 1424 622 1463 sexcentis
640 1424 835 1462 drachmis
856 1424 1015 1475 triginta
1033 1422 1156 1460 minas
1178 1428 1219 1459 et
1237 1433 1375 1459 novem
1397 1420 1561 1466 reddat3
1592 1422 1642 1459 ad

173 1485 258 1524 haec
278 1485 384 1537 quod
405 1499 446 1524 se
473 1486 688 1524 reddidisse
709 1499 845 1531 aurum
864 1484 1046 1536 Lampidi
1068 1483 1176 1530 dicit,
1197 1495 1270 1521 nec
1299 1495 1419 1533 puero
1440 1495 1540 1528 meo,
1570 1496 1642 1520 nec

175 1547 280 1587 socio
299 1554 382 1586 tum
401 1554 540 1600 agente
554 1548 733 1599 Bospori,
753 1547 952 1586 adhibito:
984 1546 1137 1596 Lampis
1157 1546 1241 1597 ipse
1262 1545 1488 1596 priusquam
1504 1545 1552 1582 ab
1568 1545 1644 1583 isto

173 1617 501 1661 corrumperetur,
519 1608 561 1648 se
580 1609 673 1647 nihil
695 1609 906 1660 accepisse,
926 1607 1056 1659 palam
1076 1620 1147 1659 pro
1167 1606 1391 1645 testimonio
1411 1605 1521 1643 dixit.
1578 1605 1644 1652 At,

175 1671 208 1709 si
227 1671 411 1710 Phormio
435 1672 490 1709 sic
516 1671 672 1722 singula
696 1670 1017 1716 demonstrasset,
1043 1668 1150 1708 haud
1169 1668 1283 1707 video
1314 1680 1392 1718 qua
1423 1679 1466 1705 se
1496 1665 1644 1705 ratione

174 1733 312 1771 melius
338 1733 437 1771 tueri
457 1733 657 1783 potuisset.

228 1795 290 1832 15.
319 1794 408 1832 Jam
438 1794 630 1832 actionem
654 1792 830 1831 dandam
857 1805 944 1831 esse
972 1792 1097 1837 nobis,
1128 1791 1191 1829 lex
1221 1790 1307 1841 ipsa
1338 1796 1520 1835 testatur,
1548 1802 1636 1840 quae

165 1856 283 1908 jubet
311 1855 488 1894 actiones
519 1855 612 1893 dare
639 1855 887 1893 mercatorias
915 1859 1188 1891 contractuum
1217 1852 1283 1903 qui
1306 1852 1472 1906 Athenis
1494 1852 1585 1889 facti
1607 1858 1645 1889 et

174 1917 214 1955 in
234 1916 508 1955 Atheniensem
524 1924 734 1967 mercatum
754 1914 948 1953 referendi
968 1914 1058 1958 sint,
1074 1925 1148 1950 nec
1167 1925 1300 1950 eorum
1321 1912 1385 1962 qui
1402 1913 1501 1950 fiunt
1522 1912 1643 1950 Athe-

174 1979 234 2017 nis
259 1978 400 2025 solum‚
421 1978 491 2017 sed
516 1990 649 2016 eorum
679 1976 795 2014 etiam
830 1975 897 2025 qui
927 1979 1132 2024 propterea
1160 1979 1205 2010 ut
1229 1973 1434 2022 navigetur
1454 1972 1643 2012 Athenas.

176 2040 284 2091 Cape
303 2039 425 2091 leges.

846 2182 965 2220 LEX.

177 2279 237 2318 Ac
253 2279 417 2318 Athenis
436 2285 678 2318 contractum
699 2291 788 2317 esse
806 2291 896 2317 cum
924 2276 1158 2316 Phormione
1176 2276 1323 2315 sactum
1349 2290 1420 2315 nec
1449 2276 1521 2327 ipsi
1550 2282 1646 2314 eunt

176 2341 340 2389 inficias,
360 2342 430 2380 sed
448 2339 779 2393 praescriptionem
801 2340 971 2379 afferunt
982 2352 1062 2377 non
1082 2338 1286 2376 convenire
1306 2339 1418 2376 nobis
1438 2337 1644 2376 actionem.

177 2401 224 2440 In
260 2402 366 2454 quod
394 2415 485 2441 vero
511 2402 701 2453 judicium
730 2402 946 2448 veniamus,
975 2400 1249 2445 Athenienses,
1282 2399 1358 2437 nisi
1393 2399 1433 2436 in
1458 2405 1643 2444 vestrum,

161 2464 246 2503 ‘ubi
274 2469 498 2503 contractus
530 2463 658 2501 factus
683 2463 770 2501 est?
811 2462 993 2513 Iniquum
1013 2461 1116 2499 enim
1135 2460 1263 2507 fuerit,
1285 2460 1318 2498 si
1337 2473 1458 2499 causa
1485 2460 1643 2510 naviga-

178 2525 293 2565 tionis
311 2526 489 2564 Athenas
517 2524 777 2575 suscipiendoe
793 2524 931 2576 injuria
951 2522 1042 2561 mihi
1061 2523 1183 2568 fieret,
1203 2522 1321 2560 licere
1340 2522 1433 2559 mihi
1451 2521 1556 2573 apud
1576 2533 1642 2558 vos

178 2587 346 2639 experiri
365 2600 453 2625 cum
475 2586 730 2624 Phormione:
760 2592 968 2637 postquam
989 2597 1077 2622 vero
1097 2589 1324 2622 contractus
1344 2582 1382 2620 in
1399 2589 1526 2621 vestro
1546 2595 1644 2619 mer-

179 2656 273 2688 catu
290 2649 419 2687 factus
438 2654 512 2694 est,
528 2660 670 2698 negare
694 2646 806 2693 istos,
826 2659 868 2685 se
897 2647 937 2685 in
961 2654 1089 2685 vestro
1107 2645 1257 2696 judicio
1277 2656 1436 2682 causam
1471 2643 1643 2681 dicturos

180 2723 282 2749 esse.
339 2710 430 2756 Qui,
457 2722 546 2748 cum
563 2708 812 2747 Theodotum
833 2708 1016 2747 arbitrum
1041 2706 1291 2757 sumpsimus,
1311 2705 1403 2743 fassi
1434 2712 1525 2742 sunt
1550 2717 1643 2742 con-

181 2774 309 2811 venire
328 2773 514 2812 adversus
534 2785 576 2810 se
595 2771 810 2810 actionem:
839 2783 942 2809 nunc
962 2769 1197 2808 contrarium
1227 2767 1359 2806 dicunt
1385 2779 1532 2810 eorum,
1555 2779 1642 2816 quae

179 2832 254 2883 ipsi
273 2834 378 2884 prius
397 2840 693 2879 concesserunt,
712 2833 824 2883 quasi
843 2837 1038 2883 oporteret
1057 2843 1099 2869 se
1118 2829 1222 2881 apud
1252 2827 1500 2866 Theodotum
1519 2827 1642 2864 muni-

181 2893 305 2944 cipem
324 2907 482 2934 causam
499 2894 628 2933 dicere
646 2893 728 2932 sine
749 2893 1052 2945 praescriptione,
1080 2897 1287 2943 postquam
1308 2901 1399 2928 vero
1419 2889 1457 2928 in
1480 2887 1643 2927 Atheni-
