1915 3356
534 194 759 232 CONTRA
787 192 1152 232 TIMARCHUM.
1564 196 1583 229 7

120 296 342 348 gislatorem
357 297 420 335 hic
440 298 610 335 nondum
625 298 731 348 loqui
751 311 837 335 cum
859 309 993 347 puero,
1017 296 1085 334 sed
1105 309 1191 334 cum
1213 299 1320 347 pueri
1341 299 1584 345 necessariis,

119 365 242 409 patre,
257 358 450 403 fratribus,
466 366 605 403 tutore,
622 359 830 409 magistris,
850 357 1016 407 denique
1035 357 1081 393 iis
1102 357 1138 394 in
1159 371 1320 407 quorum
1341 360 1372 396 is
1393 367 1582 410 potestate

118 427 202 457 est:
233 420 296 457 ubi
314 428 444 459 autem
465 421 502 458 in
520 421 649 458 album
666 419 830 458 civitatis
852 419 1061 470 inscriptus
1081 419 1210 465 fuerit,
1239 428 1277 457 et
1295 421 1400 471 leges
1421 423 1582 460 civitatis

118 480 296 519 didicerit
321 495 365 519 ac
391 482 582 533 cognorit,
608 489 646 519 et
658 485 737 529 Jam
760 481 857 518 inter
887 480 1051 518 honesta
1070 486 1109 517 et
1127 480 1255 530 turpia
1275 482 1493 521 discernere
1515 498 1583 534 po-

117 543 244 588 tuerit,
261 543 429 594 nonjam
445 556 533 580 cum
549 543 632 580 aliis
650 555 779 592 agere,
795 542 863 579 sed
880 543 996 579 etiam
1014 554 1101 579 cum
1120 542 1204 592 ipso
1219 542 1435 581 Timarcho.
1475 547 1581 587 Quo-

117 604 235 642 modo
255 610 384 642 autem
404 603 524 640 dicit?
554 603 595 640 Si
613 603 714 653 quis,
734 603 872 653 inquit,
893 603 1187 641 Atheniensium
1209 616 1369 654 corpore
1389 614 1581 654 quaestum

117 665 265 711 fecerit,
286 664 322 702 ei
342 677 419 702 non
440 663 554 701 liceat
573 664 611 701 in
631 664 941 702 novemvirorum
971 677 1173 702 numerum
1206 666 1482 716 cooptari—eo
1503 667 1580 705 for-

116 732 221 764 tasse
239 725 344 776 quod
363 738 546 763 coronam
568 733 696 776 gestat
717 726 1082 776 is-magistratus——t
1105 739 1232 776 neque
1253 727 1472 765 sacerdotio
1492 729 1581 765 fun-

115 793 331 837 gatur—ut
344 786 409 836 qui
422 799 471 824 ne
487 799 551 824 ore
567 787 724 837 quidem
740 800 836 837 puro
852 787 1106 838 loquatur—:
1127 800 1254 838 neque
1270 788 1434 838 publicae
1451 803 1582 828 causae

116 854 300 899 patronus
320 854 428 885 esto:
460 860 585 898 neque
602 848 723 885 ullum
743 848 1010 899 magistratum
1028 862 1200 899 unquam
1219 850 1502 896 administrato,
1521 853 1581 890 vel

115 909 220 947 domi
245 909 305 947 vel
324 922 498 960 peregre,
521 910 600 947 sive
623 910 836 956 sortitione,
865 910 946 948 sive
977 910 1163 962 suffragio
1191 912 1369 949 mandari
1402 913 1579 951 solitum:

115 982 242 1020 neque
261 970 559 1008 caduceatorem
580 983 707 1020 neque
727 971 902 1021 legatum
924 979 1029 1022 agat,
1048 986 1175 1023 neque
1206 973 1400 1023 legatione
1425 974 1581 1013 functos

117 1038 289 1076 accuset,
312 1041 379 1069 aut
398 1031 655 1069 calumnietur
673 1033 853 1069 mercede
874 1034 1091 1071 conductus
1109 1048 1118 1071 :
1149 1047 1273 1084 neque
1293 1048 1463 1085 unquam
1492 1050 1581 1073 sen-

115 1093 274 1130 tentiam
294 1092 412 1136 dicat,
433 1091 494 1128 vel
510 1091 610 1141 apud
631 1092 830 1142 populum,
851 1093 913 1130 vel
932 1093 971 1130 in
999 1102 1152 1139 senatu,
1173 1097 1326 1132 tametsi
1346 1096 1583 1146 eloquentis-

116 1154 236 1191 simus
257 1152 374 1190 fuerit
392 1151 699 1189 Atheniensium.
732 1153 808 1195 Qui
830 1166 942 1190 secus
963 1153 1109 1200 fecerit,
1130 1168 1216 1191 eum
1246 1155 1496 1206 impudicitiae
1518 1173 1582 1197 ac-

117 1214 283 1253 cusandi
309 1219 541 1264 potestatem
561 1211 682 1257 dedit,
702 1226 915 1264 poenasque
938 1215 1184 1264 gravissimas
1200 1217 1347 1256 statuit.
1379 1217 1519 1257 Recita
1545 1229 1584 1258 et

114 1276 217 1313 hanc
237 1275 378 1325 legem,
399 1280 443 1311 ut
462 1274 608 1319 sciatis,
624 1287 713 1311 cum
733 1282 810 1312 tam
832 1276 1018 1313 honestas
1040 1283 1080 1314 et
1098 1278 1298 1316 modestas
1317 1279 1424 1330 leges
1439 1281 1581 1320 habea—

116 1350 217 1383 mus,
248 1335 495 1374 Timarchum
515 1333 635 1372 fuisse
661 1347 795 1373 ausum
817 1337 935 1374 verba
960 1337 1087 1375 facere
1118 1351 1185 1389 pro
1211 1340 1415 1387 concione,
1443 1343 1508 1392 qui
1537 1343 1583 1381 iis

115 1397 284 1436 moribus
304 1402 378 1443 est,
396 1395 537 1446 quibus
557 1408 642 1433 eum
662 1409 729 1434 vos
750 1410 834 1435 esse
855 1397 993 1435 nostis.

769 1553 906 1591 'LEX

157 1657 190 1688 Si
201 1658 271 1698 quis
288 1658 486 1688 Atheniensis
513 1670 546 1689 se
574 1658 779 1698 prostituerit,
797 1659 824 1688 ei
849 1669 886 1687 ne
902 1658 995 1688 liceat
1012 1658 1041 1688 in
1065 1659 1262 1690 novemviros
1279 1660 1428 1700 cooptari,
1446 1673 1501 1693 nec
1517 1673 1580 1694 rem

114 1709 249 1740 divinam
274 1710 387 1745 facere,
403 1720 461 1739 non
477 1710 586 1749 populi
612 1720 736 1740 causam
753 1720 856 1748 agere,
880 1720 936 1738 nec
952 1710 1013 1739 ullo
1031 1710 1117 1749 fungi
1134 1712 1313 1750 magistratu
1329 1713 1395 1742 sive
1417 1714 1498 1743 domi
1516 1715 1581 1745 sive

113 1771 243 1800 peregre
260 1760 327 1790 sive
345 1760 456 1790 sortito
472 1761 538 1791 sive
555 1761 704 1800 suffragio
715 1760 851 1791 mandari
865 1760 969 1796 solito,
982 1771 1081 1800 neque
1095 1762 1226 1792 foecialis
1240 1763 1389 1799 mittatur,
1405 1774 1502 1803 neque
1516 1776 1583 1794 sen-

113 1811 240 1841 tentiam
255 1811 349 1847 dicat,
367 1821 465 1849 neque
480 1811 510 1841 in
527 1811 654 1849 publica
668 1813 735 1840 fana
753 1812 955 1849 ingrediatur,
972 1823 1071 1851 neque
1094 1813 1126 1842 in
1144 1813 1232 1842 festis
1250 1814 1426 1844 solennibus
1442 1816 1481 1845 de
1498 1827 1583 1846 more

113 1871 255 1891 coronam
273 1864 383 1899 gestet,
396 1869 496 1898 neque
515 1859 594 1889 intra
608 1858 667 1888 fori
692 1863 777 1897 septa
793 1861 1011 1899 progrediatur
1027 1873 1034 1890 ι
1059 1862 1082 1891 si
1101 1864 1169 1901 quis
1186 1868 1285 1892 aulem
1302 1865 1367 1893 liaec
1389 1866 1510 1901 fecerit,
1528 1867 1584 1896 im-

112 1911 274 1952 pudicitiae.
288 1910 523 1945 condemnatus,
540 1914 637 1939 morte
653 1909 831 1939 mulctetur.

169 2006 207 2043 6.
239 2005 354 2043 Hane
379 2005 508 2055 legem
527 2005 565 2042 in
585 2003 898 2042 adolescentulos
917 2005 1017 2052 tulit,
1044 2008 1110 2057 qui
1139 2008 1253 2046 facile
1272 2010 1311 2046 in
1331 2023 1402 2047 sua
1421 2023 1585 2062 corpora

114 2065 223 2103 nefas
240 2066 475 2104 admittunt:
506 2078 602 2116 quas
623 2072 752 2103 autem
771 2066 888 2116 paulo
905 2073 996 2105 ante
1017 2069 1188 2115 recitavi,
1209 2083 1266 2107 eae
1280 2070 1330 2108 ad
1345 2084 1484 2121 pueros
1499 2086 1584 2123 per-

114 2128 266 2166 tinent:
297 2139 394 2178 quas
414 2139 519 2164 nunc
534 2126 708 2164 dicturus
725 2139 826 2176 sum,
845 2127 895 2165 ad
911 2135 1062 2166 ceteros
1081 2130 1353 2169 Athenienses.
1382 2133 1583 2172 Absolutis

52 2184 57 2187 *
114 2188 217 2226 enim
235 2189 296 2226 his
316 2187 482 2239 legibus,
505 2188 778 2235 consideravit,
796 2202 873 2240 quo
893 2197 1011 2240 pacto
1040 2204 1106 2229 vos
1127 2193 1164 2229 in
1192 2194 1420 2232 concionem
1441 2209 1582 2234 couve—

113 2251 207 2296 nire,
227 2263 273 2288 ac
292 2249 341 2288 de
362 2251 476 2287 rebus
497 2250 737 2300 gravioribus
758 2250 972 2290 deliberare
1004 2252 1160 2292 deceat.
1213 2255 1331 2293 Unde
1359 2264 1488 2294 autem
1515 2271 1582 2295 au-

116 2311 317 2363 spicatur?
346 2311 496 2362 Leges
525 2311 653 2363 inquit
685 2312 742 2349 de
770 2312 809 2349 D
824 2311 866 2350 is
880 2312 984 2364 cipl
1000 2314 1046 2351 in
1061 2328 1096 2353 a.
1138 2315 1172 2353 A
1203 2317 1393 2355 modestia
1420 2319 1582 2368 primum

115 2373 363 2425 auspicatur:
395 2372 522 2424 quasi,
548 2373 615 2410 ubi
636 2374 782 2424 optima
807 2373 1011 2425 disciplina
1033 2376 1096 2421 sit,
1125 2376 1177 2414 ibi
1198 2377 1394 2416 civitatem
1419 2381 1584 2417 maxime

113 2435 250 2473 florere
268 2435 320 2473 sit
338 2447 513 2473 necesse.
544 2434 597 2471 Et
613 2447 691 2485 quo
711 2440 826 2485 pacto
840 2435 953 2486 jubet
972 2438 1156 2487 praesides
1173 2439 1222 2477 de
1239 2440 1407 2490 publicis
1420 2442 1585 2493 negotiis

116 2495 258 2548 agere?
315 2495 412 2534 Ubi
462 2495 723 2534 lustralia
766 2496 1196 2549 circumgestata
1250 2501 1304 2539 fu
1321 2502 1433 2539 erin
1450 2511 1478 2549 t,
1534 2511 1583 2541 et

116 2571 284 2609 praeco
311 2557 486 2608 patria
514 2564 640 2596 vota
666 2559 960 2609 peregerit,
994 2560 1043 2597 in
1073 2562 1258 2612 primis
1293 2563 1583 2603 decernere

111 2619 266 2671 jubet
292 2619 543 2670 praesides
577 2618 636 2657 de
662 2619 856 2670 patriis
890 2621 1055 2660 sacris
1083 2629 1131 2660 et
1160 2623 1584 2663 caduceatoribus

117 2687 167 2719 et
208 2680 410 2732 legatis
451 2687 502 2720 et
551 2681 792 2733 publicis
844 2683 1112 2733 negotiis:
1167 2684 1367 2723 deinde
1426 2695 1585 2737 rogat

69 2734 72 2735 ⁷
117 2757 300 2796 praeco,
330 2744 456 2788 Quis
488 2756 665 2782 eorum
703 2744 791 2796 qui
826 2757 1016 2782 annum
1050 2747 1230 2785 aetatis
1256 2748 1584 2798 quinquage-

118 2805 303 2844 simum
338 2805 685 2844 excesserint
720 2807 880 2844 verba
918 2807 1098 2845 facere
1136 2809 1296 2846 velit?
1343 2809 1416 2846 Ubi
1452 2817 1581 2847 autem

115 2866 155 2903 hi
171 2879 306 2904 omnes
322 2865 501 2913 dixerint,
516 2873 598 2904 tum
614 2867 772 2905 demum
783 2869 896 2918 jubet
908 2875 1125 2906 ceterorum
1140 2870 1433 2908 Atheniensium
1451 2884 1585 2922 quem-

116 2927 175 2965 vis
199 2939 247 2965 ex
277 2927 323 2965 iis
342 2927 482 2977 quibus
511 2927 641 2985 liceat,
669 2928 812 2967 dicere.
860 2929 1133 2976 Considerate,
1157 2931 1434 2977 Athenienses,
1470 2946 1585 2984 quam
