1948 3306
323 166 400 202 828
738 162 984 201 EXORDIA
1013 160 1366 201 CONCIONUM.

319 265 455 302 tientes
494 264 737 304 concordius.
766 266 1121 317 deliberetis—-quo
1159 266 1210 304 ad
1246 266 1454 318 praesentia
1490 264 1647 316 negotia
1690 263 1787 302 nihil'

317 326 458 364 cadere
484 333 603 378 queat
633 329 870 379 optatius——,
896 336 977 375 aut,
1007 329 1038 367 si
1069 341 1205 366 suasor
1238 341 1347 366 suam
1375 325 1602 366 sententiam
1622 327 1785 378 probare

318 387 422 425 haud
458 389 612 439 poterit,
645 390 810 428 decretis
843 390 980 428 vestris
1013 389 1256 428 constantius
1286 389 1516 427 innitamini,
1590 387 1786 426 Praeterea

319 463 396 488 non
417 452 521 489 bona
541 452 677 490 subest
710 453 894 504 suspicio,
916 453 1045 491 venire
1068 453 1107 490 in
1129 452 1374 499 concionem,
1394 451 1506 502 quasi
1535 464 1584 490 ex
1608 450 1668 488 his
1698 464 1786 501 quae

319 512 498 551 dicentur
516 514 666 565 optima
702 515 779 552 sint
807 514 1014 565 eligenda:
1044 521 1175 553 tamen
1206 514 1426 560 ostendere,
1446 512 1670 565 priusquam
1701 524 1786 550 ora-

316 575 464 612 tionum
484 575 657 614 delectus
678 576 727 613 sit
752 576 922 623 habitus,
939 577 1194 628 vosmetipsos
1216 576 1362 627 aliquid
1382 587 1610 628 persuasum
1629 574 1787 619 habere,

316 637 433 688 idque
452 644 530 676 tam
551 638 815 689 pertinaciter,
837 645 879 677 ut
909 645 1050 690 praeter
1082 639 1120 677 id
1153 652 1200 678 ne
1231 638 1366 677 audire
1390 637 1549 689 quidem
1575 635 1787 688 quicquam
1829 653 1834 664 =

318 701 456 740 velitis.
492 744 495 746 ,

978 786 1122 825 XLVI.

372 857 561 896 Fortassis
611 858 866 910 importunus,
906 857 1181 905 Athenienses,
1226 857 1459 914 quibusdam
1497 863 1667 896 vestrum
1704 869 1790 895 esse

315 919 464 966 videor,
481 919 547 970 qui
581 933 688 972 saepe
719 927 758 958 et
787 919 946 971 quidem
978 920 1117 958 iisdem
1149 926 1337 972 perpetuo
1367 920 1415 958 de
1441 920 1557 958 rebus
1583 920 1701 957 verba
1729 917 1788 956 fa-

316 981 437 1020 ciam:
468 995 616 1029 verum,
652 983 683 1020 si
716 995 796 1020 rem
831 989 936 1021 reete
970 982 1241 1030 consideretis,
1267 995 1345 1020 non
1382 994 1445 1019 me
1482 982 1523 1019 in
1555 981 1672 1033 culpa
1704 993 1790 1018 esse

314 1042 511 1090 videbitis,
532 1044 602 1082 sed
633 1057 700 1083 eos
732 1044 798 1095 qui
818 1044 956 1083 vestris
991 1044 1158 1088 decretis
1197 1058 1276 1084 non
1311 1044 1593 1096 obtemperant.
1652 1042 1731 1088 Qui
1759 1042 1790 1080 si

313 1105 480 1155 primum
500 1106 688 1144 fecissent
707 1119 796 1158 quae
815 1120 885 1146 vos
906 1107 1094 1159 jussistis,
1123 1107 1218 1146 nihil
1239 1107 1414 1146 secundo
1432 1120 1504 1146 nos
1525 1107 1643 1146 verba
1661 1106 1790 1145 facere

313 1165 456 1205 fuisset
481 1172 593 1219 opus,
625 1182 751 1220 neque
784 1169 816 1208 si
854 1170 1042 1218 secundo,
1079 1169 1236 1208 denuo:
1280 1183 1399 1218 nunc,
1428 1183 1506 1222 quo
1544 1168 1687 1220 saepius
1719 1180 1790 1207 vos

314 1242 361 1266 ea
380 1243 468 1281 quae
495 1231 575 1269 fieri
595 1231 741 1270 debent
763 1232 1056 1283 promulgastiS,
1076 1245 1124 1270 eo
1154 1232 1249 1270 mihi
1267 1232 1450 1279 videntur
1480 1230 1536 1270 illi
1554 1230 1682 1268 minus
1703 1242 1791 1268 esse

312 1294 437 1343 parati
474 1293 525 1332 ad
558 1293 797 1333 faciendum.
867 1295 926 1332 Ac
958 1294 1065 1345 prius
1113 1295 1344 1346 ignorabam
1381 1292 1561 1345 equidem
1603 1304 1790 1344 quorsum

315 1354 461 1394 dictum
498 1355 608 1403 illud,
643 1361 681 1393 m
698 1369 719 1393 a
737 1356 978 1406 gistratu
995 1369 1012 1393 s
1052 1355 1171 1393 viru
1187 1368 1222 1392 m
1261 1368 1315 1393 os
1331 1362 1420 1393 ten
1436 1354 1528 1400 dit,
1555 1353 1790 1405 pertineret:

312 1430 419 1456 nune
438 1430 528 1455 vero
548 1417 589 1454 id
617 1416 709 1454 alios
728 1417 842 1454 etiam
870 1429 988 1468 posse
1022 1415 1163 1453 docere
1188 1415 1336 1454 videor.
1393 1415 1790 1468 Magistratus·enim,

313 1487 381 1518 aut
412 1485 529 1523 certe,
563 1492 611 1516 ne
645 1490 780 1516 omnes
823 1477 965 1524 dicam,
1000 1477 1159 1528 quidam
1190 1476 1358 1523 illorum,
1393 1484 1436 1517 ut
1472 1484 1604 1526 vestra
1638 1476 1792 1515 decreta

314 1555 386 1580 nec
406 1540 555 1579 minimi
589 1540 752 1587 faciunt,
774 1538 830 1577 sic
856 1538 897 1578 id
929 1551 1049 1577 unum
1077 1545 1260 1591 spectant
1277 1537 1390 1576 ,unde
1416 1537 1623 1590 accipiant.
1673 1538 1790 1581 Quod

314 1604 347 1642 si
376 1602 470 1641 mihi
500 1609 605 1641 esset
636 1601 743 1653 quod
775 1602 922 1649 darem,
948 1602 1037 1654 jure
1070 1602 1120 1640 ob
1150 1600 1320 1653 idipsum
1347 1614 1409 1640 me
1440 1600 1630 1653 quispiam
1661 1614 1791 1654 repre—

311 1665 514 1712 henderet,
551 1663 659 1716 quod
693 1663 909 1702 obtundere
942 1676 1010 1702 vos
1043 1664 1154 1715 parvi
1186 1670 1367 1717 sumptus
1409 1663 1533 1715 gratia
1564 1675 1643 1701 non
1677 1662 1791 1701 dubi-

313 1734 463 1767 tarem:
492 1739 599 1765 nunc
631 1726 674 1765 id
707 1726 790 1765 fieri
815 1740 895 1765 non
920 1733 1063 1778 potest,
1084 1726 1126 1764 id
1153 1726 1261 1778 quod
1289 1739 1364 1766 nec
1392 1725 1462 1778 ipsi
1494 1727 1689 1765 nesciunt.
1749 1725 1790 1763 Si

312 1803 404 1829 vero
423 1802 494 1842 pro
510 1789 556 1828 iis
577 1803 666 1842 quae
684 1789 794 1828 vobis
820 1789 1047 1842 praestanda
1066 1796 1170 1837 sunt,
1191 1802 1253 1828 me
1284 1789 1357 1828 sibi
1387 1787 1604 1827 auctarium
1635 1786 1790 1826 additu—

313 1865 397 1891 rum
416 1858 570 1904 putant,
591 1864 716 1903 nugas
738 1859 874 1902 agunt,
894 1864 940 1890 ac
961 1864 1008 1890 ea
1036 1850 1204 1890 fortasse
1223 1851 1376 1898 volunt,
1396 1864 1485 1903 quae
1513 1850 1630 1889 etiam
1649 1863 1788 1901 exspe-

314 1921 445 1952 ctant:
476 1927 549 1965 ego
569 1926 659 1952 vero
680 1926 725 1951 ea
746 1927 826 1952 non
845 1913 1001 1959 faciam,
1023 1912 1093 1951 sed
1114 1913 1307 1965 siquidem
1329 1913 1524 1964 dederint,
1544 1912 1672 1951 navim
1699 1925 1788 1962 pro-

313 1975 478 2021 traham,
500 1974 705 2026 officioque
725 1974 878 2027 fungar,
906 1975 968 2013 sin
993 1975 1135 2021 minus,
1164 1987 1233 2014 eos
1253 1975 1319 2026 qui
1351 1981 1442 2022 sunt
1466 1974 1507 2012 in
1543 1973 1661 2025 culpa
1680 1973 1789 2012 vobis

316 2037 513 2076 indicabo.

961 2107 1126 2147 XLVII.

372 2187 499 2226 Nemo
515 2200 632 2226 sanus
653 2188 812 2239 negabit
825 2188 979 2239 opinor,
1000 2186 1277 2235 Athenienses,
1294 2187 1462 2226 maxime
1481 2199 1569 2226 esse
1589 2199 1611 2224 e
1631 2186 1789 2238 Repub.

316 2254 360 2285 ut
380 2260 429 2287 ne
448 2248 543 2299 quid
563 2248 673 2287 initio
693 2249 851 2287 noxium
877 2255 1046 2300 agatur:
1078 2248 1139 2286 sin
1158 2248 1301 2296 minus,
1327 2255 1373 2287 ut
1397 2249 1528 2287 statim
1547 2254 1692 2300 praesto
1715 2247 1791 2286 sint

317 2309 384 2361 qui
400 2310 655 2348 intercedant.
714 2311 844 2361 Atque
863 2310 942 2349 huc
961 2309 1059 2348 illud
1081 2310 1270 2349 accedere
1299 2310 1430 2358 debet,
1445 2317 1488 2348 ut
1507 2323 1579 2349 vos
1599 2317 1639 2349 et
1659 2309 1792 2348 audire

317 2378 358 2409 et
376 2370 509 2409 doceri
536 2370 677 2410 velitis.
735 2372 843 2410 Nihil
874 2372 976 2411 enim
1008 2371 1197 2424 profuerit
1216 2384 1304 2410 esse
1333 2372 1400 2423 qui
1434 2371 1583 2422 optima
1611 2371 1792 2419 suadeat,

317 2433 349 2471 si
367 2432 434 2484 qui
451 2434 692 2485 obtemperet
718 2433 863 2472 habeat
882 2434 1091 2473 neminem.
1150 2433 1254 2478 Quin
1287 2433 1382 2473 illud
1413 2435 1530 2473 etiam
1557 2447 1637 2473 non
1656 2434 1792 2473 inutile

316 2494 438 2533 videri
454 2501 596 2547 potest,
619 2508 706 2533 esse
726 2495 895 2546 aliquem
914 2495 995 2547 qui,
1016 2497 1047 2534 si
1066 2496 1152 2548 quis
1173 2496 1284 2535 vobis
1302 2495 1365 2534 vel
1384 2509 1451 2547 per
1471 2497 1715 2536 occasionem
1729 2496 1792 2535 vel

316 2563 474 2608 propter
493 2555 570 2595 diei
589 2563 744 2608 tempus
763 2557 824 2596 vel
844 2558 894 2596 ob
913 2558 1087 2609 quamvis
1107 2571 1263 2597 causam
1283 2558 1399 2597 aliam
1415 2558 1548 2598 fucum
1568 2557 1717 2607 fecerit,
1731 2572 1790 2605 ea,

316 2631 549 2671 quocunque
581 2626 756 2672 tempore
781 2626 821 2658 et
838 2621 954 2659 vestri
974 2634 1060 2659 esse
1074 2620 1173 2672 juris
1205 2627 1246 2659 et
1271 2620 1408 2659 audire
1426 2620 1638 2669 volueritis,
1658 2635 1792 2660 rursus

317 2682 525 2720 examinet.
583 2681 654 2730 Ut,
674 2682 706 2721 si
724 2682 818 2720 talia
835 2682 1053 2730 videantur,
1072 2683 1204 2734 qualia
1217 2683 1283 2734 qui
1303 2689 1388 2722 tum
1404 2691 1680 2735 persuaserant
1707 2697 1792 2722 esse

317 2751 583 2790 asseruerunt,
607 2757 655 2783 ea
686 2744 902 2796 promptius
939 2746 1078 2797 agatis,
1110 2753 1153 2783 ut
1190 2745 1464 2796 comprobata:
1495 2744 1554 2784 sin
1586 2745 1686 2784 forte
1712 2759 1791 2784 non

316 2805 504 2852 ejusmodi
550 2807 802 2858 reperiantur,
851 2815 1061 2860 antequam
1107 2808 1264 2860 longius
1301 2808 1548 2859 procedatur,
1587 2808 1789 2847 desinatis.

318 2865 447 2905 Grave
468 2867 571 2906 enim
591 2868 717 2916 fuerit,
740 2870 771 2908 si
800 2869 957 2922 optimis
985 2870 1157 2909 frustrati
1186 2869 1359 2922 pessima
1377 2883 1495 2922 agere
1523 2884 1683 2910 necesse
1713 2871 1783 2909 ha-

316 2927 452 2977 beatis,
473 2937 541 2969 aut
559 2931 590 2969 si
609 2931 750 2971 deinde
772 2945 844 2971 nec
865 2946 884 2971 e
905 2945 946 2971 re
967 2939 1060 2972 nata
1079 2933 1194 2972 liceat
1225 2938 1374 2972 mutare
1403 2933 1620 2974 consilium,
1679 2933 1786 2972 Alios
