1915 3356
553 213 773 252 CONTRA
805 210 1098 250 CONONEM.
1470 213 1549 249 725

98 318 214 357 melia
243 316 384 355 alieni?
425 317 525 356 Haec
544 330 617 369 ego
642 323 747 355 certe
775 316 814 353 in
843 327 978 354 eorum
995 314 1109 353 factis
1128 313 1253 352 inesse
1282 321 1377 366 puto
1407 315 1547 354 omnia.

98 380 182 418 Etsi
199 386 326 418 autem
345 380 405 418 his
425 380 500 418 alia
517 380 692 431 graviora
712 379 987 429 designarunt;
1010 390 1080 415 nos
1104 383 1232 416 tamen
1251 378 1450 429 exquirere
1469 391 1548 417 non

98 456 305 495 possumus
325 457 458 482 omnes
477 456 543 482 eos
571 442 637 493 qui
657 440 784 479 affecti
803 447 894 479 sunt
912 439 1070 490 injuriis.

157 505 216 543 13.
246 505 372 550 Quam
397 511 527 543 autem
560 502 936 554 impudentissimam
964 502 1046 553 ejus
1075 501 1287 540 orationem
1316 501 1396 540 fore
1420 504 1550 550 audio,

96 564 146 604 de
163 578 209 604 ea
227 579 294 605 vos
313 565 540 618 praemoneri
560 570 733 616 praestat.
789 564 911 602 Aiunt
929 577 1018 602 eum
1040 563 1170 602 liberis
1198 563 1278 601 suis
1301 563 1480 603 adductis
1509 566 1547 603 in

96 639 230 665 eorum
258 628 383 679 capita
408 628 639 678 juraturum,
659 634 697 665 et
723 626 1060 678 imprecationibus
1082 625 1174 663 diris
1202 631 1241 663 et
1267 625 1465 664 atrocibus
1485 639 1551 665 eos

95 689 336 739 devoturum,
356 696 396 728 et
425 690 567 728 talibus
600 698 644 727 ut
674 702 740 727 eas
773 688 932 739 quidam
964 687 1031 739 qui
1069 687 1245 725 audierat
1273 686 1439 738 portenti
1467 687 1554 726 loco

96 753 207 791 nobis
243 751 427 791 retulerit.
484 751 767 804 Insuperabilia
798 757 902 797 sunt,
921 749 1096 796 Judices,
1126 749 1214 790 talis
1239 748 1415 787 audaciae
1447 762 1554 787 com-

95 819 250 852 menta:
296 827 386 853 nam
418 813 587 865 optimus
622 813 800 864 quisque,
830 812 978 863 opinor,
1002 818 1040 850 et
1071 810 1227 848 minime
1254 810 1336 861 ipse
1368 810 1554 857 mendax,

95 875 238 914 talibus
261 875 468 928 praestigiis
502 874 684 914 facillime
713 873 913 926 decipitur.
971 873 1050 911 Sed
1081 881 1212 911 tamen
1232 872 1420 924 tantisper
1440 872 1556 911 susti-

95 937 247 977 nendus
266 945 327 976 est
345 951 536 984 assensus,
557 937 650 976 dum
669 937 748 975 vita
777 942 817 974 et
837 948 962 974 mores
981 934 1285 974 considerentur.
1342 935 1460 973 Istius
1489 949 1557 974 au·-

95 1005 175 1038 tem
201 1000 242 1038 in
271 999 494 1051 hujusmodi
522 1000 640 1038 rebus
664 998 861 1038 levitatem
881 1010 956 1050 ego
975 997 1084 1036 vobis
1105 1011 1311 1050 exponam,
1329 998 1396 1050 qui
1424 1011 1558 1038 neces-

97 1061 196 1100 sario
214 1062 434 1114 perquisivi.

156 1125 219 1162 14.
247 1125 391 1172 Audio,
424 1124 600 1173 Judices,
630 1125 841 1164 Bacchium
859 1125 1053 1177 quendam
1074 1139 1098 1164 a
1115 1125 1223 1164 vobis
1243 1124 1501 1172 interfectum,
1521 1131 1561 1163 et

98 1186 372 1225 Aristocratem
395 1187 458 1224 cui
477 1187 582 1226 oculi
603 1193 692 1225 sunt
720 1187 832 1234 eruti,
852 1194 893 1225 et
919 1187 1015 1226 alios
1043 1187 1200 1235 similes,
1219 1193 1259 1225 et
1281 1187 1499 1233 Cononem,
1517 1186 1559 1225 in

97 1249 360 1289 adolescentia
377 1249 501 1289 socios
522 1249 656 1297 fuisse,
677 1257 717 1288 et
745 1249 934 1287 Triballos
962 1249 1282 1301 cognominatos:
1312 1262 1379 1288 eos
1405 1256 1444 1287 et
1476 1249 1558 1286 He-

96 1317 195 1350 catae
214 1325 387 1351 comesse
405 1325 552 1359 coenas,
573 1318 613 1351 et
631 1311 832 1350 testiculos
856 1311 1131 1364 porcellorum,
1153 1310 1293 1362 quibus
1312 1315 1453 1348 coetum
1468 1323 1561 1362 pur-

97 1380 193 1425 gant
221 1380 428 1426 antequam
457 1374 496 1412 in
528 1373 723 1413 theatrum
761 1372 1039 1425 ingrediantur,
1071 1372 1245 1423 undique
1278 1371 1484 1423 collegisse
1522 1377 1561 1410 et

98 1437 273 1476 convivia
289 1437 534 1481 celebrasse;
563 1443 604 1475 et
632 1435 784 1474 facilius
813 1448 902 1474 cum
924 1437 1078 1484 jurasse
1102 1440 1186 1472 tum
1211 1434 1425 1485 peierasse,
1445 1446 1562 1485 quam

97 1498 251 1550 quidvis
278 1498 382 1538 aliud
413 1498 566 1538 fecisse.
623 1498 714 1537 Non
744 1497 861 1550 igitur
885 1496 1037 1536 Cononi
1051 1496 1198 1549 juranti
1217 1496 1275 1534 his
1303 1496 1474 1534 moribus
1504 1501 1565 1534 est

98 1561 280 1600 habenda
294 1561 576 1613 fides—neque
595 1561 726 1599 multis
745 1560 871 1600 verbis
886 1566 947 1599 est
965 1573 1133 1612 opus—-,
1149 1572 1240 1597 nam
1258 1558 1325 1610 qui
1343 1558 1406 1597 vel
1425 1571 1563 1598 secun·

99 1623 193 1662 dum
210 1624 320 1677 leges
341 1625 464 1664 sancti
478 1624 627 1676 juraret
640 1623 749 1672 nihil,
766 1623 797 1662 is
812 1630 917 1662 certe
936 1637 1005 1676 per
1023 1623 1177 1670 liberos,
1193 1622 1297 1674 quod
1316 1622 1564 1661 interdictum

99 1693 174 1734 est,
185 1686 316 1739 jurare
341 1701 421 1726 non
441 1686 712 1726 cunctabitur:
744 1693 784 1725 at
811 1687 938 1725 bonus
957 1685 1115 1738 quidem
1133 1685 1190 1724 vir
1209 1685 1327 1724 etiarn
1350 1685 1565 1737 legitimum

96 1748 371 1801 jusjurandum
391 1750 460 1788 dat
479 1749 636 1794 invitus;
667 1750 794 1802 potius
810 1755 940 1788 autem
956 1761 1072 1800 quam
1091 1748 1164 1787 isto
1180 1747 1437 1786 descenderet
1455 1747 1568 1799 quid-

99 1810 158 1849 vis
179 1812 311 1851 mallet
326 1811 500 1864 perpeti:
532 1811 564 1850 si
591 1818 720 1850 autem
739 1812 873 1863 jurare
893 1811 1051 1850 omnino
1077 1823 1238 1849 necesse
1265 1817 1339 1857 est,
1360 1810 1392 1848 is
1421 1810 1486 1861 qui
1515 1810 1571 1848 ita

94 1873 202 1925 jurat
224 1880 269 1913 ut
288 1880 486 1926 receptum
504 1882 576 1921 est,
596 1875 684 1926 plus
712 1873 802 1913 fidei
821 1880 990 1912 meretur
1017 1886 1063 1912 eo
1089 1873 1156 1925 qui
1185 1873 1324 1911 liberos
1345 1872 1511 1911 devovet
1529 1881 1568 1912 et

99 1936 318 1989 perignem
340 1939 460 1988 jurat.
517 1937 603 1989 Ego
635 1950 740 1985 vero,
771 1936 924 1984 Conon,
957 1937 1019 1975 cui
1048 1942 1204 1988 propter
1235 1935 1366 1973 omnia
1392 1935 1480 1987 plus
1510 1942 1568 1974 est

100 1999 324 2039 habendum
341 1999 431 2039 fidei
451 2012 569 2051 quam
589 1999 672 2047 tibi,
689 1999 964 2052 jusjurandum
979 1998 1055 2037 hoc
1074 1998 1168 2037 dare
1188 1997 1305 2045 volui,
1324 2010 1417 2045 non,
1436 2004 1481 2036 ut
1496 1998 1567 2035 im-

101 2074 205 2113 pune
223 2061 362 2101 ferrem
382 2061 543 2109 delicta,
561 2074 652 2100 cum
670 2061 765 2100 nihil
784 2061 862 2100 tale
883 2061 1070 2108 factitem,
1090 2060 1223 2112 qualia
1241 2066 1298 2107 tu,
1319 2059 1390 2098 sed
1408 2066 1566 2111 propter

102 2123 304 2163 veritatem
322 2131 363 2163 et
381 2137 431 2162 ne
452 2123 700 2162 contumeliis
716 2123 905 2170 afficerer,
920 2135 999 2162 non
1018 2129 1063 2160 ut
1080 2121 1247 2174 perjurio
1262 2134 1419 2160 causam
1438 2121 1569 2160 vince-

101 2198 195 2224 rem.
251 2185 392 2225 Recita
409 2185 736 2237 provocationem.

648 2289 1021 2328 PROVOCATIO.

162 2375 784 2428 Haecegoettumjurarevolui‚
807 2383 848 2415 et
874 2390 1011 2415 nunc
1036 2377 1161 2429 juro
1194 2389 1285 2428 per
1318 2375 1449 2414 deos
1484 2376 1570 2414 de-

105 2451 270 2490 asque
315 2451 493 2477 omnes
546 2445 714 2478 vestra
756 2452 932 2485 causa,
973 2438 1219 2484 Judices,
1273 2445 1325 2476 et
1361 2451 1570 2477 coronae

104 2500 532 2547 circumstantis,
568 2514 639 2540 me
677 2501 885 2540 omnino
927 2515 950 2540 a
987 2501 1207 2540 Conone
1246 2513 1569 2553 perpessum

105 2575 166 2602 ea
195 2576 308 2615 quae
341 2576 650 2616 conqueror,
681 2572 732 2603 et
759 2564 1035 2616 accepisse
1067 2564 1271 2617 plagas,
1304 2570 1354 2602 et
1386 2563 1571 2602 discis-

107 2638 212 2664 sum
243 2625 373 2664 mihi
422 2626 622 2666 labrum
670 2625 746 2666 ita
793 2633 848 2665 ut
896 2626 1264 2665 consuendum
1308 2626 1489 2671 fuerit,
1525 2633 1574 2664 et

106 2687 451 2727 contumeliis
502 2687 756 2737 affectum,
805 2690 902 2729 hoc
948 2687 1170 2741 judicio
1222 2688 1376 2727 illum
1424 2701 1572 2726 aecu-

105 2762 240 2790 sare.
278 2750 428 2796 Quod
457 2751 505 2791 si
537 2757 725 2790 sancte
758 2752 897 2804 juro,
931 2752 1094 2791 multa
1130 2752 1254 2791 mihi
1291 2753 1431 2790 bona
1463 2765 1573 2790 eve-

108 2810 278 2857 niant,
326 2825 497 2864 neque
546 2813 596 2851 in
647 2820 922 2865 posterum
960 2814 1245 2866 quicquam
1282 2813 1392 2852 tale
1440 2814 1573 2852 acci-

108 2871 216 2911 dat:
246 2863 339 2911 xsin
383 2874 580 2926 pejero,
620 2875 867 2914 funditus
912 2889 1121 2928 peream
1161 2883 1213 2915 et
1255 2876 1384 2927 ipse,
1433 2883 1483 2914 et
1530 2877 1572 2914 si

109 2933 235 2986 quid
269 2935 390 2973 mihi
429 2943 518 2975 aut
550 2943 634 2976 est
667 2945 756 2976 aut
787 2939 1025 2978 futurum
1061 2946 1156 2978 est.
1213 2938 1295 2976 Sed
1324 2951 1401 2978 non
1427 2939 1572 2991 pejero,

109 2995 184 3035 etsi
205 2994 359 3035 Cononi
378 2996 442 3036 ilia
460 3006 739 3050 rumperentur.
