1965 3356
640 207 698 245 IN
728 207 1067 246 STEPHANUM
1099 207 1131 244 I.
1539 209 1617 247 635

153 313 295 352 blicam
314 312 414 365 apud
439 313 619 352 Sexviros
646 314 681 352 ei
705 312 881 351 intendo.
937 310 1209 349 Intercedente
1237 317 1367 350 autem
1386 324 1509 360 mora,
1528 324 1618 351 cum

151 381 191 417 et
209 374 312 414 actio
331 374 568 422 eluderetur,
584 383 624 414 et
636 374 787 427 judicia
798 387 877 412 non
892 380 1176 420 exercerentur,
1192 381 1315 411 mater
1329 387 1377 411 ex
1391 373 1459 412 illo
1474 373 1617 413 liberos

151 437 325 488 suscipit.
384 438 435 476 Et
447 437 788 489 postea—dicetur
804 436 905 475 enim
921 435 972 474 ad
986 449 1069 482 vos,
1087 436 1109 474 J
1116 435 1261 483 udices,
1276 436 1402 474 omnis
1421 437 1618 475 veritas—-

150 499 274 538 multa
291 506 331 538 et
349 499 496 538 blanda
514 501 632 539 verba
658 499 804 538 fiebant
830 511 853 537 a
870 504 993 537 matre
1019 504 1059 536 et
1089 497 1382 549 deprecationes
1401 511 1473 548 pro
1493 498 1617 537 Phor-

149 562 278 600 mione
295 575 305 601 :
335 561 458 600 multa
476 561 592 600 etiam
612 569 653 600 et
670 561 850 600 modesta
868 567 906 599 et
918 559 1080 598 humilia
1093 559 1142 598 ab
1162 559 1228 598 illo
1244 560 1342 611 ipso.
1402 560 1456 597 Ut
1475 567 1617 608 autem,

149 623 422 669 Athenienses,
442 636 520 674 quo
546 624 633 662 haec
652 623 786 675 paucis
817 623 1030 669 absolvam,
1045 621 1141 660 nihil
1168 634 1301 660 eorum
1327 634 1415 673 quae
1445 628 1528 659 tum
1559 636 1617 661 re-

149 692 306 738 ceperat
335 685 408 724 sibi
436 685 660 724 faciendum
685 686 862 737 putabat,
881 698 1021 738 meque
1039 683 1216 736 pecuniis
1237 684 1422 722 fraudare
1440 682 1618 722 institue-

146 748 216 786 bat
234 761 332 799 quas
350 760 496 786 mensae
514 747 685 787 habebat
703 754 861 794 sortem,
891 747 931 786 in
957 748 1024 800 jus
1049 760 1139 785 eum
1156 759 1299 786 vocare
1327 753 1488 785 coactus
1517 759 1616 793 sum,

148 821 238 847 cum
256 808 423 860 primum
447 816 620 861 potestas
639 809 732 847 data
758 809 843 848 fuit.
900 809 970 847 Ille
989 821 1083 847 vero
1103 822 1194 847 cum
1221 807 1468 859 intelligeret,
1488 808 1619 846 omnia

145 870 276 922 palam
298 870 383 909 fore
401 885 448 909 ac
464 871 777 910 demonstratum
797 871 842 909 iri
863 883 906 910 se
925 871 1098 909 omnium
1113 869 1315 909 hominum
1335 870 1375 908 in
1400 883 1473 910 nos
1495 870 1618 908 scele-

144 932 380 971 ratissimum
397 933 608 981 exstitisse,
628 933 670 972 id
690 933 936 972 machinatur
956 939 996 972 et
1018 933 1185 980 instruit,
1204 939 1249 971 ut
1274 932 1497 984 Stephanus
1515 931 1617 970 falso

145 1006 208 1032 me
225 995 447 1034 testimonio
468 996 715 1047 opprimeret.
770 995 830 1034 Ac
850 996 1014 1048 primum
1035 995 1191 1043 actioni,
1210 1008 1289 1046 qua
1303 1008 1393 1033 reus
1415 996 1618 1046 agebatur,

145 1056 329 1096 Phormio
348 1058 620 1110 exceptionem
639 1059 866 1110 opponebat
881 1057 1185 1097 nonconvenire
1211 1057 1306 1095 mihi
1330 1056 1525 1095 actionem
1553 1069 1617 1095 as-

146 1131 280 1157 serens
296 1132 306 1157 :
337 1118 482 1157 deinde
496 1126 633 1166 testes,
652 1133 714 1157 me
730 1132 866 1158 secum
885 1118 1136 1169 transegisse,
1160 1118 1282 1156 falsos
1302 1118 1560 1170 producebat,
1580 1124 1620 1156 et

143 1179 350 1218 locationis
378 1180 586 1230 cujusdam
617 1181 910 1226 commentitiae,
942 1187 983 1218 et
1011 1179 1237 1217 testamenti
1266 1193 1471 1230 nunquam
1503 1179 1614 1218 facti.

144 1240 247 1279 Cum
264 1254 355 1280 vero
374 1240 466 1279 mihi
483 1241 650 1294 priorem
665 1241 821 1281 dicendi
839 1242 970 1280 locum
988 1240 1269 1292 praeripuisset,
1288 1248 1493 1293 propterea
1511 1240 1618 1292 quod

141 1303 384 1355 praescriptio
405 1309 500 1350 erat,
518 1316 646 1355 neque
671 1310 778 1343 recto
791 1303 944 1356 judicio
964 1301 1319 1354 congrediebatur:
1349 1315 1475 1354 eaque
1501 1302 1617 1354 legis-

143 1370 218 1412 set,
239 1372 281 1404 et
294 1371 448 1413 caetera,
467 1372 512 1405 ut
531 1366 602 1405 sibi
620 1366 803 1418 expedire
822 1367 998 1418 putabat,
1018 1366 1210 1404 mentitus
1232 1373 1352 1413 esset,
1372 1365 1426 1404 ita
1441 1378 1616 1404 commo-

141 1426 200 1466 vit
210 1427 380 1480 judices,
401 1434 445 1466 ut
462 1441 512 1467 ne
527 1441 665 1467 vocem
677 1429 835 1481 quidem
854 1428 977 1467 ullam
995 1435 1170 1466 nostram
1189 1428 1323 1467 audire
1342 1427 1503 1467 vellent.
1535 1427 1618 1467 Da-

143 1494 299 1528 mnatus
311 1489 429 1541 igitur
447 1489 565 1528 etiam
580 1490 631 1530 ad
650 1490 837 1531 mulctam
858 1489 1098 1538 solvendam,
1112 1503 1160 1529 ac
1179 1503 1230 1530 ne
1246 1490 1514 1543 respondendi
1532 1490 1619 1542 qui·

142 1550 233 1591 dem
260 1551 448 1590 facultate
476 1552 698 1604 impetrata,
716 1553 1049 1605 quemadmodum
1077 1552 1184 1591 haud
1219 1552 1301 1592 scio
1332 1566 1383 1592 an
1417 1566 1508 1591 cum
1536 1552 1618 1594 ullo

142 1613 365 1652 mortalium
391 1628 565 1667 unquam
593 1622 723 1654 actum
757 1615 819 1663 sit,
853 1615 929 1654 abii
961 1614 1141 1667 graviter,
1169 1628 1192 1654 0
1216 1615 1397 1661 Judices,
1419 1621 1459 1654 et
1486 1614 1617 1666 iniquo

143 1675 273 1714 animo
293 1676 435 1715 ferens.
485 1677 578 1725 Sed,
598 1691 638 1716 re
660 1691 750 1717 cum
766 1678 895 1716 animo
914 1690 1003 1716 meo
1020 1677 1206 1729 cogitata,
1227 1677 1355 1716 inveni
1375 1678 1421 1716 iis
1443 1678 1510 1729 qui
1532 1683 1615 1716 tum

136 1736 365 1790 ,iudicarunt
382 1739 542 1778 omnino
560 1753 649 1779 esse
667 1740 1085 1792 ignoscendum—ego
1106 1740 1207 1779 enim
1226 1741 1335 1779 haud
1355 1741 1433 1779 scio
1452 1753 1502 1778 an
1522 1739 1617 1791 quid

143 1799 251 1839 aliud
281 1801 537 1852 pronunciare
560 1802 793 1854 potuissem,
813 1804 845 1841 si
865 1810 905 1842 et
923 1817 1050 1843 rerum
1063 1810 1242 1843 actarum
1261 1803 1434 1842 omnium
1454 1802 1615 1841 fuissem

139 1861 310 1914 ignarus,
331 1869 370 1902 et
388 1863 497 1903 dicta
514 1864 671 1905 testium
691 1865 996 1913 audivissem—,
1017 1866 1088 1904 sed
1102 1865 1157 1904 eis
1178 1865 1489 1904 succensendum
1509 1877 1611 1912 esse,

142 1924 210 1976 qui
238 1924 346 1963 falsis
381 1926 612 1965 testimoniis
651 1927 826 1973 dicendis
856 1928 994 1968 harum
1021 1942 1148 1967 rerum
1177 1942 1297 1967 causa
1326 1929 1500 1966 fuerunt.
1557 1928 1615 1966 Ac

144 1987 193 2026 de
212 1987 297 2026 aliis
316 1987 475 2039 quidem
500 1988 681 2036 testibus,
701 2004 791 2029 cum
806 2005 875 2030 eos
896 2004 1094 2037 accusato,
1113 1998 1198 2029 tum
1213 1991 1364 2030 dicam:
1396 1991 1444 2029 de
1463 1990 1524 2028 his
1544 2003 1614 2028 au-

141 2055 221 2089 tem
240 2064 330 2102 quae
351 2051 576 2103 Stephanus
596 2065 666 2104 pro
686 2052 907 2092 testimonio
929 2050 1025 2092 dixit
1034 2053 1118 2105 jam
1136 2053 1304 2092 edocere
1332 2066 1402 2092 vos
1431 2053 1614 2092 conabor.

144 2112 225 2151 Sed
243 2125 342 2166 cape
355 2112 484 2165 ipsum
501 2114 781 2161 testimonium,
798 2121 838 2154 et
863 2115 951 2166 lege
971 2114 1077 2164 mihi,
1098 2122 1141 2154 ut
1171 2129 1220 2155 eo
1244 2116 1331 2169 ipso
1350 2129 1430 2154 rem
1451 2115 1614 2155 demon-

144 2180 277 2215 strem.
334 2175 498 2216 Recita:
525 2182 568 2215 tu
587 2183 718 2217 autem
738 2190 883 2228 aquam
902 2176 1046 2216 inhibe.

679 2328 1086 2367 TESTIMONIUM.

183 2439 358 2479 Stephanus
367 2440 518 2471 Meneclis
534 2441 569 2471 F.
580 2440 800 2478 Acharnensis‚
812 2441 928 2482 Scytha
944 2442 1105 2473 Harmatei
1121 2442 1159 2473 F.
1168 2441 1455 2481 Cydathenaeensis,
1463 2446 1615 2472 testantur

142 2504 176 2527 se
191 2492 318 2525 affuisse
334 2494 416 2533 apud
432 2495 579 2525 arbitrum
600 2494 715 2524 Tisiam
730 2493 970 2530 Acharneusem,
986 2505 1055 2524 cum
1072 2495 1220 2524 Phormio
1242 2498 1427 2534 provocaret
1444 2493 1614 2533 Apollodo-

141 2556 223 2582 rum,
241 2545 364 2575 omniuo
381 2546 560 2586 exemplum
577 2556 646 2576 esse
669 2545 842 2576 testamenti
859 2545 1004 2577 Pasionis
1022 2547 1157 2583 tabulas,
1172 2557 1248 2587 quas
1266 2546 1400 2586 conjecit
1419 2545 1565 2576 Phormio
1581 2545 1612 2575 in

142 2597 297 2633 echinum,
318 2602 350 2627 et
371 2596 505 2635 jussisse
522 2600 735 2627 testamentum
756 2597 900 2627 Pasionis
923 2598 1050 2637 aperiri,
1065 2598 1149 2638 quod
1175 2598 1260 2638 apud
1276 2599 1427 2628 arbitrum
1444 2596 1614 2627 exhibebat

143 2647 298 2688 Amphion
320 2647 584 2687 Gephisophontis
611 2648 724 2678 affinis:
750 2648 975 2688 Apollodorum
1000 2654 1102 2680 autem
1128 2648 1161 2678 id
1185 2650 1303 2690 aperire
1328 2649 1481 2679 noluisse:
1514 2647 1612 2677 fuisse

141 2704 244 2732 autem
259 2699 439 2740 exemplum
451 2699 627 2731 testamenti
644 2700 797 2731 Pasionis.

200 2802 238 2839 3.
267 2800 482 2841 Audivistis
512 2802 789 2848 testimonium,
827 2801 1018 2842 Judices:
1059 2810 1154 2854 puto
1186 2810 1316 2841 autem
1351 2815 1434 2846 vos,
1456 2802 1612 2839 tametsi

146 2861 318 2900 nondum
348 2863 554 2916 quicquam
575 2864 682 2904 aliud
707 2865 896 2911 sentiatis,
924 2865 1023 2902 illud
1052 2865 1178 2916 ipsum
1210 2872 1314 2903 certe
1343 2863 1535 2906 demirari,
1555 2870 1612 2902 te-

144 2923 314 2962 stimonii
333 2926 565 2978 principium
586 2940 673 2966 esse
691 2928 1023 2979 provocationem,
1036 2927 1151 2965 finem
1171 2934 1301 2965 autem
1323 2933 1610 2966 testamentum.

147 2985 291 3024 Verum
311 2997 386 3037 ego
405 2995 582 3039 oportere
602 2989 795 3037 existimo,
816 2996 1037 3042 postquam,
1058 2990 1097 3028 id
1128 2990 1233 3040 quod
1261 2989 1469 3029 testimonii
1495 2989 1612 3028 veluti
