1965 3356
503 195 900 237 PRAEFECTURAE
931 195 1190 233 NAVALIS.
1499 195 1575 232 705

111 305 251 357 jubent
269 316 340 343 nos
360 303 613 343 communiter
627 315 761 341 omnes
780 300 966 345 coronari,
983 312 1070 338 cum
1087 311 1164 336 non
1185 299 1235 336 sit
1254 311 1301 338 ea
1320 299 1467 338 decreti
1485 311 1576 336 sen-

115 366 249 405 tentia.
307 364 478 404 Tantum
499 372 627 404 autem
648 365 758 403 abest
774 370 818 400 ut
837 362 911 400 ista
925 374 999 412 ego
1021 360 1251 407 concedam,
1268 369 1455 413 quantum
1470 360 1578 400 abfui

115 434 159 466 ut
177 427 440 466 trierarchiam
460 427 616 466 locarim
635 440 645 464 :
689 437 814 475 neque
840 423 942 462 enim
963 423 1060 460 illud
1080 423 1216 469 feram,
1235 437 1363 473 neque
1383 424 1457 462 hoc
1485 423 1575 461 feci.

117 488 311 528 Simulant
337 503 429 528 sane
450 502 490 527 se
503 487 665 540 justitiae
684 494 723 525 et
743 486 916 537 aequitati
931 484 1189 536 patrocinari:
1222 484 1292 522 sed
1314 484 1577 523 vehementius

113 551 370 598 contendunt,
392 563 506 601 quam
526 558 696 588 vestrum
731 548 869 598 aliquis
902 546 1070 598 gratuito
1100 546 1258 592 faceret,
1284 545 1442 597 perinde
1473 561 1519 585 ac
1548 548 1580 586 si

113 614 334 653 mercedem
365 613 515 661 mereri,
534 626 612 651 non
643 611 852 651 sententias
887 610 1027 655 dicere,
1056 609 1112 648 eis
1139 608 1355 647 conveniat.
1412 608 1579 657 Deinde,

113 687 192 714 non
223 685 407 727 tanquam
433 675 472 713 in
503 674 696 713 communi
719 673 874 712 civitate
900 678 1114 717 versentur,
1145 677 1426 722 proptereaque
1457 671 1577 710 cuivis

114 737 241 776 dicere
260 737 388 784 liceat,
409 737 481 776 sed
499 743 684 788 tanquam
704 735 743 773 id
771 734 845 787 ipsi
865 733 985 772 veluti
1008 734 1198 787 privatum
1229 732 1489 771 sacerdotium
1510 734 1579 772 ob·

113 797 273 846 tineant,
299 799 333 837 si
361 799 447 850 quis
475 811 632 838 causam
661 810 773 836 suam
797 796 902 849 apud
931 809 1001 834 vos
1029 796 1122 847 agit,
1153 795 1383 847 quiritantur
1413 808 1579 847 eumque

111 861 300 900 audacem
318 874 402 900 esse
421 860 646 900 clamitant:
676 867 790 912 atque
809 860 849 898 in
862 871 950 898 eum
970 865 1166 910 stuporem
1180 858 1354 905 veniunt,
1370 863 1414 896 ut
1428 864 1578 909 putent,

113 922 148 961 si
171 935 286 974 quem
306 924 372 975 qui
400 924 520 963 semel
549 923 655 976 apud
685 935 755 961 vos
782 923 901 961 verba
928 921 1065 959 fecerit
1096 920 1361 972 impudentem
1391 920 1579 965 vocarint,

113 983 196 1022 fore
213 992 258 1022 ut
275 985 349 1037 ipsi
368 986 408 1024 in
427 986 532 1024 omni
552 985 631 1024 vita
649 983 740 1023 boni
759 984 830 1022 viri
851 983 1134 1022 existimentur.
1193 983 1413 1028 Enimvero,
1432 990 1472 1021 et
1488 996 1578 1035 pro-

113 1053 200 1098 pter
216 1046 380 1086 istorum
401 1049 609 1088 conciones
631 1047 756 1086 multa
775 1046 975 1086 deteriora
987 1054 1103 1091 sunt;
1134 1054 1174 1086 et
1203 1060 1273 1098 per
1299 1059 1366 1085 eos
1384 1047 1450 1098 qui
1465 1047 1578 1099 justi-

113 1109 206 1147 tiam
240 1122 466 1162 oppugnare
500 1124 576 1150 non
611 1111 791 1149 dubitant
815 1117 957 1148 cuncta
979 1110 1188 1161 perierunt.
1244 1109 1337 1147 Istis
1367 1109 1484 1160 igitur
1510 1123 1579 1162 pa·

112 1172 232 1210 tronis
251 1173 425 1219 adscitis,
446 1186 536 1212 cum
557 1173 682 1212 scient
699 1179 850 1211 tantam
869 1172 909 1209 in
928 1179 1107 1223 promptu
1127 1186 1213 1211 esse
1240 1172 1498 1210 maledicendi
1524 1172 1580 1210 eis

112 1233 314 1272 materiam
343 1234 376 1272 si
401 1247 499 1286 quos
530 1234 749 1273 convicium
776 1234 903 1272 facere
925 1233 1048 1285 juvet,
1069 1241 1197 1272 tamen
1225 1234 1264 1272 in
1290 1235 1577 1273 contentionem

114 1293 353 1335 descendere
380 1303 419 1334 et
450 1296 562 1335 alicui
589 1295 821 1335 maledicere
853 1308 931 1334 non
961 1295 1143 1334 dubitant
1162 1297 1200 1343 ii,
1228 1309 1324 1349 quos
1353 1296 1580 1347 impunitate

111 1362 317 1397 contentos
332 1371 417 1397 esse
437 1360 652 1410 oportebat.
694 1358 813 1410 Atqui
832 1365 876 1396 ut
895 1358 957 1397 isti
978 1359 1147 1397 audaces
1166 1359 1242 1397 sint
1260 1366 1300 1398 et
1320 1358 1446 1410 injurii
1465 1373 1579 1398 nemo

113 1419 238 1470 magis
269 1419 309 1457 in
341 1433 463 1459 causa
488 1428 548 1459 est
578 1433 694 1472 quam
720 1420 973 1471 vosmetipsi:
1004 1422 1053 1459 ab
1083 1422 1298 1459 oratoribus
1331 1421 1446 1468 enim,
1479 1435 1578 1472 quos

113 1479 220 1519 scitis
248 1495 337 1520 esse
363 1483 540 1521 mercede
565 1483 796 1535 conductos,
830 1482 1077 1521 sciscitamini
1101 1482 1236 1534 quales
1269 1483 1410 1536 quique
1449 1483 1581 1522 existi-

113 1541 246 1581 mandi
270 1543 359 1589 sint,
380 1557 459 1582 non
478 1544 550 1596 ipsi
564 1544 756 1597 judicium
775 1545 916 1584 facitis.
974 1545 1078 1588 Quid
1110 1552 1170 1583 est
1201 1553 1331 1584 autem
1359 1545 1579 1592 absurdius,

114 1617 232 1656 quam
251 1617 339 1642 cum
358 1617 424 1643 eos
442 1605 550 1657 ipsos
578 1605 882 1658 improbissimos
903 1606 1043 1645 civium
1071 1607 1313 1653 existimetis,
1331 1606 1419 1645 illos
1446 1607 1511 1659 qui
1531 1608 1579 1646 ab

112 1665 196 1704 istis
225 1666 436 1705 laudantur
466 1668 592 1706 bonos
623 1668 722 1707 viros
746 1667 919 1707 habere?
949 1668 1116 1706 Proinde
1142 1668 1197 1706 illi
1225 1669 1354 1707 omnia
1386 1682 1457 1708 suo
1478 1669 1578 1707 arbi-

113 1734 216 1767 tratu
232 1735 357 1780 agunt
373 1736 413 1767 et
431 1730 706 1781 rempublicam
733 1736 884 1770 tanturn
911 1744 991 1769 non
1021 1731 1090 1769 sub
1111 1744 1327 1781 praeconem
1358 1732 1578 1783 subjiciunt,

113 1796 155 1828 et
181 1803 376 1837 coronare,
396 1804 513 1842 quem
541 1791 635 1843 ipsis
665 1793 789 1831 visum
814 1793 942 1840 fuerit,
968 1800 1009 1831 et
1037 1806 1114 1831 non
1145 1806 1345 1840 coronare,
1361 1795 1513 1844 jubent,
1542 1803 1581 1833 et

116 1864 226 1891 suam
256 1851 523 1892 auctoritatem
549 1853 637 1906 plus
666 1854 794 1893 valere
814 1855 950 1893 volunt
970 1868 1084 1906 quam
1112 1854 1269 1893 decreta
1295 1862 1435 1893 vestra.
1494 1857 1581 1908 Ego

113 1928 206 1955 vero
235 1928 305 1955 vos
331 1928 482 1964 moneo,
507 1917 688 1965 Judices,
709 1932 758 1956 ne
787 1918 959 1956 studium
992 1925 1033 1956 et
1059 1918 1328 1957 liberalitatem
1355 1932 1486 1957 eorum
1514 1919 1580 1971 qui

117 1984 294 2031 sumptus
311 1978 439 2018 facere
456 1979 594 2018 volunt
612 1987 807 2019 oratorum
827 1980 995 2019 avaritiae
1014 1980 1256 2019 condonetis.
1292 1981 1446 2033 Alioqui
1461 1982 1580 2021 doce·

114 2040 206 2080 bitis
226 2054 360 2082 omnes
379 2056 402 2081 a
419 2043 529 2082 vobis
549 2043 733 2083 mandata
759 2057 921 2082 munera
948 2057 1065 2095 quam
1090 2043 1274 2082 vilissime
1299 2044 1579 2092 administrare,

116 2101 156 2142 et
173 2116 289 2156 quam
307 2105 464 2145 maximi
481 2106 699 2146 conducere
719 2106 784 2157 qui
801 2120 871 2159 pro
890 2106 984 2159 ipsis
1001 2106 1104 2158 apud
1121 2119 1189 2145 vos
1209 2106 1452 2159 impudenter
1471 2121 1578 2146 men-

118 2166 272 2205 tiantur.
