1948 3306
385 169 458 205 728
792 167 1076 206 ADVERSUS
1108 167 1428 206 CALLlCLEM.

383 271 588 321 statimque
619 269 808 322 indignari
840 279 880 311 et
917 272 1045 310 dicere
1078 271 1127 310 ad
1166 278 1327 323 patrem,
1365 272 1397 309 T
1413 272 1517 310 isia
1559 286 1579 311 c
1593 286 1644 312 ur
1685 272 1729 312 is
1745 279 1796 311 tu
1810 271 1837 311 d

382 331 546 370 facis?
579 333 807 372 obstruis
843 333 1067 372 fossam?
1096 333 1200 385 jam
1233 347 1365 385 aqua
1396 334 1441 372 in
1467 341 1694 373 nostrum
1724 347 1836 386 prae·

380 392 519 431 dium
556 394 728 432 irruit.
787 396 853 443 Ut,
873 396 903 433 si
934 396 1118 434 desistere
1155 395 1353 443 voluisset,
1384 395 1477 433 nihil
1504 396 1709 435 molestum
1737 396 1837 435 inter

378 456 637 508 vosmetipsos
655 457 960 503 intercessisset;
993 457 1051 496 sin
1067 458 1270 505 noluisset,
1290 471 1335 497 ac
1355 458 1433 497 tale
1455 458 1600 509 aliquid
1619 458 1840 506 accidisset,

378 518 543 556 testibus
574 519 618 557 iis
652 520 717 570 qui
743 525 826 557 tum
860 519 1059 558 affuissent
1086 521 1140 558 uti
1174 520 1360 558 licuisset.
1416 520 1474 558 Ac
1503 520 1770 559 mediusfidius
1799 527 1839 559 te

377 580 582 619 ostendere
613 581 783 632 oportuit
812 581 988 620 omnibus
1016 582 1235 620 hominibus
1256 595 1342 621 esse
1366 581 1525 630 fossam,
1544 588 1588 620 ut
1614 595 1693 621 non
1711 582 1838 635 verbis

374 648 538 687 tanturn,
560 649 604 680 ut
622 656 741 690 nunc,
757 643 828 681 sed
851 643 992 694 reipsa,
1018 650 1165 695 patrem
1191 644 1338 695 injuriae
1364 644 1628 683 convinceres.
1684 645 1837 683 Horum

376 711 505 741 autem
539 704 635 742 nihil
665 705 867 756 quisquam
898 711 1066 744 vestrum
1094 719 1262 757 unquam
1293 712 1476 758 praestare
1509 706 1642 745 voluit.
1698 706 1838 757 Neque

374 766 476 803 enim
498 767 711 814 absentem,
732 773 775 805 ut
793 780 854 805 me
875 781 993 815 nunc,
1013 767 1284 815 damnassetis,
1313 780 1438 819 neque
1469 767 1674 806 calumniis
1699 768 1836 807 vestris

372 828 580 879 quicquam
603 830 888 880 profecissetis:
920 830 987 868 sed
1009 830 1039 868 si
1067 837 1146 868 tum
1162 837 1297 868 testem
1315 829 1572 868 adduxissetis
1593 843 1718 882 eoque
1735 843 1835 882 prae-

371 896 481 928 sente
502 891 796 939 reclamassetis,
818 892 880 930 ille
900 899 942 930 ut
961 892 1025 944 qui
1044 905 1126 931 rem
1145 898 1383 944 compertam
1402 892 1578 939 haberet,
1596 891 1734 930 horum
1756 892 1836 930 sin-

371 952 471 1002 gulis
492 953 545 991 ita
571 955 628 991 uti
659 962 750 992 sunt
778 954 996 1001 declaratis,
1018 955 1133 993 facile
1164 954 1422 993 mercenarios
1452 959 1574 993 testes
1609 954 1834 992 refutasset.

371 1013 455 1054 Vos
475 1021 604 1053 autem
630 1029 705 1064 me,
726 1016 904 1055 nimirum
933 1017 1125 1055 hominem
1151 1017 1224 1055 hac
1250 1023 1367 1055 aetate
1386 1024 1425 1055 et
1445 1029 1574 1055 rerum
1596 1015 1833 1068 imperitum,

369 1089 503 1114 omnes
523 1079 820 1130 contempsistis.
878 1080 1023 1118 Verum
1039 1093 1113 1132 ego
1128 1086 1263 1119 contra
1281 1079 1376 1118 istos
1391 1092 1541 1125 omnes,
1559 1078 1830 1125 Athenienses,

368 1138 543 1189 ipsorum
560 1140 664 1178 facta
682 1154 770 1192 quae
790 1141 1008 1181 firmissima
1027 1141 1246 1181 testimonia
1262 1147 1354 1180 sunt
1372 1141 1578 1179 exhibebo.
1636 1140 1717 1178 Cur
1731 1141 1833 1179 enim

369 1213 484 1239 nemo
504 1214 638 1239 eorum
654 1202 714 1240 vel
734 1203 965 1242 testificatus
987 1203 1047 1242 vel
1066 1209 1304 1255 conquestus
1325 1209 1398 1250 est,
1415 1203 1492 1241 imo
1508 1215 1576 1240 cur
1591 1202 1740 1240 nullum
1760 1216 1833 1240 un-

367 1276 483 1313 quam
500 1264 660 1302 verbum
678 1265 865 1312 fecerunt,
885 1279 954 1304 cur
975 1265 1069 1303 satis
1088 1265 1310 1303 habuerunt
1324 1277 1391 1303 eas
1410 1264 1569 1316 injurias
1594 1263 1733 1315 quibus
1749 1264 1834 1302 affi-

367 1333 549 1364 cerentur
567 1326 795 1378 negligere?

412 1389 460 1431 ,3.
480 1387 543 1425 Ad
564 1388 723 1426 istorum
739 1389 855 1441 igitur
874 1390 1162 1428 accusationem
1183 1388 1425 1427 refutandam
1446 1388 1507 1426 vel
1526 1387 1613 1426 haec
1635 1387 1727 1426 satis
1747 1400 1832 1426 esse

366 1449 491 1487 multa
519 1450 704 1488 arbitror:
733 1458 776 1489 ut
807 1460 937 1490 autem
965 1451 1108 1498 sciatis,
1130 1452 1403 1499 Athenienses,
1424 1451 1472 1489 de
1501 1450 1586 1489 aliis
1616 1450 1745 1496 etiam,
1767 1464 1834 1502 pa-

366 1517 463 1549 trem
477 1524 549 1550 nec
570 1513 756 1564 sepiendo
771 1514 894 1552 fundo
915 1515 1124 1566 quicquam
1143 1527 1345 1566 peccasse,
1366 1520 1405 1552 et
1420 1513 1513 1551 istos
1534 1513 1664 1551 omnia
1681 1512 1832 1551 falsoin

365 1588 436 1613 nos
453 1575 612 1623 dixisse,
633 1576 842 1616 dilucidius
859 1590 927 1616 vos
948 1577 1112 1616 edocere
1132 1578 1318 1616 conabor.
1349 1576 1528 1614 Fundum
1548 1582 1723 1613 nostrum
1743 1589 1830 1614 esse

363 1638 558 1690 proprium
580 1639 641 1677 isti
660 1638 777 1677 etiam
803 1639 1063 1678 confitentur:
1093 1639 1199 1691 quod
1218 1652 1307 1678 cum
1326 1639 1380 1678 ita
1398 1638 1459 1684 sit,
1481 1637 1754 1685 Athenienses,
1773 1637 1832 1675 in-

364 1707 498 1751 specto
517 1701 638 1739 fundo
661 1701 906 1753 potissimum
927 1701 1134 1740 cerneretis
1155 1700 1391 1740 calumniam
1421 1699 1515 1738 mihi
1538 1700 1632 1738 fieri.
1683 1701 1831 1744 Quam-

365 1762 498 1800 obrem
518 1763 634 1801 etiarn
653 1776 727 1814 ego
752 1763 903 1802 arbitris
934 1763 1056 1815 aequis
1086 1776 1166 1801 rem
1194 1762 1416 1815 permittere
1437 1761 1541 1801 volui
1554 1775 1564 1806 ;
1586 1775 1665 1800 non
1697 1761 1771 1809 isti,
1790 1769 1832 1799 ut

365 1838 470 1863 nunc
491 1825 619 1863 dicere
635 1825 803 1864 audent:
833 1825 1081 1877 perspicuum
1101 1831 1231 1863 autem
1246 1832 1286 1863 et
1303 1824 1378 1863 hoc
1394 1823 1523 1862 statim
1538 1823 1646 1862 vobis
1662 1823 1734 1862 erit
1749 1837 1831 1861 om-

362 1886 488 1925 nibus.
544 1887 746 1926 Attendite
778 1888 912 1935 modo,
931 1887 1204 1934 Athenienses,
1233 1900 1300 1939 per
1328 1887 1422 1925 deos
1451 1899 1520 1925 vos
1548 1899 1617 1924 oro
1646 1886 1831 1924 animum.

366 1948 440 1987 Via
461 1948 561 1987 inter
580 1962 712 1988 meum
733 1956 773 1989 et
791 1949 955 1988 istorum
973 1950 1139 1988 fundum
1159 1949 1339 1988 interest:
1370 1961 1459 1987 cum
1477 1954 1607 1987 autem
1626 1960 1738 1986 mons
1757 1961 1831 1985 un-

363 2009 572 2062 dequaque
589 2011 734 2063 praedia
751 2011 898 2062 cingat,
912 2012 957 2049 fit
975 2017 1018 2049 ut
1034 2024 1135 2063 aqua
1153 2010 1329 2050 defluens
1348 2010 1487 2063 partim
1503 2009 1543 2048 in
1560 2009 1676 2057 viam,
1691 2009 1830 2062 partim

362 2071 401 2109 in
421 2072 582 2123 praedia,
602 2073 761 2112 feratur.
818 2073 970 2124 anue,
990 2073 1021 2112 si
1044 2073 1201 2125 quando
1221 2073 1259 2111 in
1279 2073 1381 2112 viam
1401 2072 1565 2118 irruerit,
1586 2086 1665 2124 qua
1683 2072 1830 2111 exitum

365 2132 494 2182 habet,
511 2134 692 2173 deorsum
713 2149 781 2187 per
799 2135 902 2174 viam
922 2136 1053 2184 fertur,
1073 2149 1151 2187 qua
1169 2143 1300 2174 autem
1319 2135 1466 2186 aliquid
1483 2134 1652 2186 obsistit,
1672 2133 1724 2172 ibi
1743 2147 1830 2173 eam

362 2203 639 2247 exaggeratam
659 2197 697 2234 in
712 2197 855 2236 fundos
875 2197 1096 2236 redundare
1114 2210 1278 2236 necesse
1298 2203 1370 2235 est.
1403 2197 1539 2248 Atque
1554 2196 1653 2235 adeo
1671 2196 1710 2234 in
1725 2196 1832 2234 hunc

363 2259 845 2307 fundum,Judices,facta
857 2259 1124 2308 inundatione,
1135 2259 1301 2310 contigit
1314 2272 1455 2311 aquam
1471 2258 1635 2296 irruere:
1652 2257 1721 2296 sed
1736 2271 1831 2309 neg-

360 2320 519 2366 lectum,
539 2327 651 2372 patre
670 2334 757 2360 meo
778 2322 954 2360 nondum
973 2329 1142 2368 tenente,
1164 2322 1235 2361 sed
1254 2321 1408 2359 homine
1441 2320 1502 2359 cui
1527 2320 1613 2358 loca
1642 2319 1727 2358 haec
1746 2332 1829 2358 om-

362 2382 455 2420 nino
470 2383 729 2434 displicebant
744 2391 784 2422 et
802 2384 927 2435 magis
943 2385 1106 2431 urbano,
1121 2391 1237 2436 atque
1250 2383 1455 2422 inundatio
1465 2382 1525 2422 bis
1537 2389 1605 2420 aut
1616 2387 1674 2420 ter
1686 2380 1829 2420 fundos

363 2444 532 2483 vastavit
550 2458 595 2484 ac
613 2445 743 2497 potius
763 2460 830 2485 eos
845 2452 890 2484 ut
902 2445 1003 2485 viam
1023 2446 1297 2498 complanavit.
1355 2445 1472 2490 Quod
1491 2450 1602 2497 pater
1620 2456 1709 2482 cum
1725 2443 1829 2481 vide-

361 2513 434 2554 ret,
453 2514 498 2545 ut
515 2520 589 2559 ego
608 2521 657 2546 ex
677 2508 722 2546 iis
743 2508 808 2560 qui
827 2515 972 2546 norunt
990 2508 1119 2555 audio,
1137 2521 1184 2546 ac
1211 2507 1326 2546 vicini
1345 2514 1386 2546 et
1405 2506 1663 2559 depascerent
1690 2510 1731 2543 et
1757 2505 1830 2543 iter

360 2582 429 2620 per
448 2569 613 2607 fundum
632 2570 819 2617 facerent,
838 2570 911 2608 hac
931 2570 1099 2608 maceria
1115 2569 1387 2608 circumdedit.

412 2633 451 2670 4.
473 2631 571 2670 Haec
590 2638 636 2670 ut
660 2646 752 2671 vera
771 2645 858 2670 esse
876 2632 986 2670 vobis
1007 2638 1171 2677 constet,
1195 2645 1286 2670 cum
1311 2637 1431 2669 testes
1446 2642 1513 2668 eos
1531 2627 1745 2681 producam
1762 2628 1828 2680 qui

360 2706 440 2732 rem
461 2701 616 2742 norunt,
636 2701 719 2733 tum
751 2701 996 2746 argumenta,
1018 2694 1293 2741 Athenienses,
1312 2693 1476 2732 testibus
1505 2691 1628 2729 multo
1647 2689 1829 2729 firmiora.

362 2755 547 2795 Callicles
577 2757 631 2795 ait
662 2770 738 2804 me,
757 2757 959 2795 obstructo
979 2757 1105 2803 alveo,
1125 2756 1312 2794 damnum
1342 2753 1414 2793 sibi
1441 2752 1620 2792 dedisse:
1645 2765 1720 2803 ego
1738 2765 1829 2790 vero

358 2816 521 2855 fundum
542 2832 631 2857 eum
651 2832 750 2866 esse,
769 2831 849 2857 non
877 2818 1046 2864 alveum,
1065 2817 1283 2857 ostendam.
1341 2815 1458 2861 Quod
1480 2814 1520 2853 ni
1547 2814 1829 2854 concederetur

359 2885 538 2917 nostrum
557 2893 644 2919 esse
664 2881 875 2933 proprium,
896 2881 936 2918 in
955 2893 1002 2919 eo
1022 2880 1184 2918 fortasse
1203 2889 1473 2931 peccaremus,
1485 2875 1589 2928 quod.
1607 2875 1830 2934 locumypu-

355 2939 499 2980 blicum
517 2948 807 2982 exstrueremus
823 2958 831 2983 :
859 2956 965 2982 nunc
986 2955 1113 2994 neque
1132 2941 1182 2981 de
1200 2954 1247 2980 eo
1262 2940 1430 2992 litigant,
1444 2945 1483 2979 et
1494 2938 1641 2978 fundus
1655 2935 1830 2978 consitus
