1998 3306
331 227 408 264 520
658 220 948 259 ADVERSUS
981 218 1446 257 ZENOTHEMIDEM.

332 329 454 380 Cujus
476 327 528 365 rei
550 333 820 378 argumentum
841 325 936 363 illud
956 324 1113 363 evidens
1134 330 1206 361 est.
1254 323 1340 374 Ego
1365 334 1453 360 eum
1474 321 1629 361 citabo:
1658 327 1702 359 tu
1719 334 1794 360 nec

331 389 540 441 sponsione
559 387 751 439 obligasti,
772 400 897 437 neque
918 399 1022 424 nunc
1043 384 1194 423 citabis.

387 454 424 489 8.
455 451 653 490 Praeterea
671 463 762 500 spes
783 449 898 487 etiam
919 448 994 486 alia
1015 448 1070 485 eis
1091 453 1150 485 est
1169 446 1281 484 vestri
1302 443 1632 484 circumveniendi
1659 450 1700 484 et
1725 444 1796 482 fal-

331 511 450 550 lendi.
526 511 843 549 Criminabuntur
878 509 1201 555 Demosthenem,
1233 521 1357 559 eoque
1389 521 1450 546 me
1487 508 1629 545 fretum
1665 506 1798 545 dicent

333 573 513 612 eduxisse
534 573 664 619 istum,
683 571 907 610 existimant
925 570 1039 616 enim,
1055 570 1147 621 quia
1165 576 1205 608 et
1224 576 1352 607 orator
1380 569 1445 607 ille
1472 568 1520 607 sit
1553 575 1593 607 et
1621 568 1798 614 celebris,

334 633 532 686 probabile
555 646 596 671 se
618 633 765 671 crimen
784 632 934 670 afferre.
991 632 1090 669 Mihi
1109 644 1215 678 vero,
1236 631 1513 679 Athenienses,
1538 643 1679 684 genere
1705 643 1800 669 sane

334 695 568 746 conjunctus
588 701 649 732 est
668 693 958 732 Demosthenes
975 706 985 730 ε
1016 700 1133 743 atque
1159 706 1227 744 per
1253 705 1388 731 omnes
1405 692 1515 731 vobis
1535 692 1671 744 adjuro
1691 692 1802 738 deos,

335 769 398 794 me
416 768 507 794 vera
526 750 732 794 dicturum.
790 755 869 793 Sed
886 767 973 793 cum
990 754 1039 792 ad
1059 767 1147 792 eum
1168 753 1436 799 accessissem,
1459 760 1498 792 et
1517 760 1561 791 ut
1578 753 1669 791 mihi
1688 754 1803 792 ades—

337 824 396 856 set
427 830 617 868 opemque
660 815 789 861 ferret,
824 816 854 853 si
886 816 980 866 quid
1011 822 1160 867 posset,
1189 816 1453 867 postularem:
1501 815 1600 867 Ego,
1632 816 1802 864 Demon,

336 879 474 929 inquit,
494 878 633 916 faciam
653 884 693 914 ut
712 884 754 914 tu
771 876 951 928 jusseris.
1011 877 1096 915 Nec
1127 877 1228 915 enim
1257 876 1361 915 aliud
1390 890 1451 915 me
1478 877 1666 916 decuerit.
1722 878 1803 916 Sed

336 947 464 978 tamen
484 946 524 977 et
542 939 597 976 tui
617 945 658 976 et
688 938 762 976 mei
789 945 850 976 est
872 938 1060 976 ‘habenda
1090 939 1199 977 ratio.
1258 938 1356 975 Mihi
1377 938 1556 977 usuvenit
1583 951 1631 976 ex
1655 952 1733 990 quo
1753 939 1801 977 de

338 1000 534 1051 republica
553 1000 763 1037 conciones
791 1001 934 1037 habere
960 999 1072 1049 coepi,
1101 1007 1145 1036 ut
1175 999 1225 1036 ad
1259 999 1404 1036 nullam
1424 1011 1594 1050 unquam
1615 1000 1802 1050 privatam

337 1070 496 1099 causam
517 1060 772 1097 accesserim:
803 1059 871 1098 sed
905 1059 942 1096 in
977 1059 1063 1111 ipsa
1081 1058 1196 1098 etiam
1218 1059 1550 1097 administratione
1578 1059 1802 1111 reipublicae

340 1121 431 1160 talia
449 1120 690 1160 declinarim.
