1915 3356
653 171 710 209 IN
739 169 1182 210 CTESIPHONTEM.
1600 171 1651 207 923

192 270 307 311 homo
326 261 624 324 procacissimus
644 281 696 321 et,
718 282 762 312 ut
779 273 870 311 mihi
889 271 1105 317 videbatur,
1126 272 1249 310 omnis
1270 271 1455 309 doctrinae
1484 269 1653 308 liberalis

191 346 341 385 expers,
362 334 537 374 fortassis
557 336 670 374 etiam
691 349 714 373 a
733 335 808 373 deo
829 334 956 384 aliquo
976 333 1073 371 irato
1091 333 1131 370 in
1161 333 1262 371 hanc
1285 332 1492 371 amentiam
1512 331 1653 383 impul-

192 407 274 440 suS‚
322 397 544 443 omnino,
583 398 623 435 si
677 395 974 448 saperetiS‚
1024 393 1163 444 inquit,
1212 407 1304 432 vos
1356 393 1544 440 Graeci,
1596 406 1654 430 ne

192 469 384 496 nomen
414 458 621 509 quidem
670 456 1082 496 Atheniensium
1120 455 1203 493 his
1251 456 1447 494 diebus
1495 455 1652 492 nomi-

192 521 415 566 naretis,
451 521 542 558 sed
571 533 658 558 eos
687 527 916 568 tanquam
950 517 1144 569 impios
1178 524 1224 554 et
1253 518 1652 554 contaminatos

191 583 389 633 templo
428 580 824 620 exturbaretis.
892 579 942 617 Et
971 579 1084 617 simul
1120 577 1381 615 Phocensium
1413 579 1653 622 societatem,

189 657 308 694 quam
331 643 520 694 Crobylus
540 642 604 680 ille
625 648 813 687 suaserat,
834 641 1177 685 commemorabat,
1199 639 1400 689 multaque
1421 640 1495 677 alia
1515 641 1656 678 acerba

189 711 229 743 et
259 705 397 743 odiosa
426 704 468 741 in
495 703 691 741 civitatem
721 711 893 741 nostram
923 703 1191 753 expromebat,
1227 714 1274 738 ea
1300 714 1537 751 percensens
1569 715 1655 751 quae

189 779 315 816 neque
334 773 428 804 tunc
449 778 559 803 aures
589 778 686 803 meae
708 764 897 802 sustinere
919 770 1111 814 poterant,
1132 776 1257 813 neque
1277 776 1381 800 nunc
1406 762 1590 800 memoria
1610 763 1653 800 li-

187 827 324 865 benter
343 827 484 865 excito.
529 827 724 864 Caeterum
757 826 815 863 his
843 825 997 871 auditis,
1016 830 1225 876 tanta'ego
1258 825 1314 862 ira
1346 825 1486 870 exarsi,
1507 831 1654 875 quanta

187 901 388 939 nunquam
409 889 505 926 alias
525 902 594 940 per
619 895 743 926 totum
766 888 851 925 vitae
878 900 973 924 meae
1007 900 1176 924 cursum.
1228 888 1361 938 Atque
1392 886 1467 924 alia
1497 887 1651 937 quidem

186 962 275 1000 quae
294 956 377 987 turn
394 950 550 988 locutus
566 963 650 987 sum
669 949 989 1001 praetermittam:
1024 961 1153 986 verum
1187 949 1224 985 in
1246 955 1414 985 mentem
1439 947 1530 984 mihi
1550 948 1655 985 venit

186 1011 526 1062 Amphissensium
556 1012 595 1049 in
631 1020 772 1050 terram
805 1024 956 1049 sacram
995 1010 1201 1061 impietatis
1238 1010 1369 1048 facere
1398 1010 1652 1055 mentionem,

185 1085 293 1121 quam
308 1080 444 1111 terram
458 1073 592 1112 eodem
615 1087 635 1111 e
651 1074 814 1124 vestigio
827 1073 865 1110 in
885 1085 962 1128 quo
980 1073 1204 1110 insistebam
1225 1071 1574 1123 Amphictyonibus
1595 1073 1653 1109 in-

186 1134 379 1174 dicabam.
431 1135 535 1173 Nam
555 1149 717 1187 campus
744 1135 939 1173 Cirrhaeus
961 1135 1106 1186 templo
1128 1136 1315 1183 subjacet,
1336 1134 1501 1184 indeque
1530 1133 1652 1171 facilis

186 1203 249 1234 est
268 1204 496 1249 conspectu.
527 1197 741 1243 Videtis,
762 1197 934 1247 inquam,
968 1197 1391 1248 Amphictyones,
1421 1209 1652 1246 campum

185 1259 324 1297 hunc
353 1260 413 1297 ab
442 1259 933 1310 Amphissensibus
965 1259 1256 1303 excultum,
1278 1259 1407 1295 videtis
1432 1257 1652 1308 figlinas

185 1327 236 1359 et
265 1320 579 1359 diversoria
605 1327 903 1359 exstructa.
948 1320 1199 1358 Cernitis
1227 1321 1404 1358 oculis
1439 1333 1651 1357 sacrum

185 1388 238 1420 et
285 1383 622 1428 sceleratum
670 1389 876 1433 portum
937 1382 1082 1420 illum
1131 1383 1402 1420 munitum.
1477 1382 1650 1419 Scitis

184 1443 310 1495 ipsi,
343 1458 514 1496 neque
553 1445 679 1483 aliis
718 1445 956 1483 testibus
993 1445 1187 1495 egetis,
1220 1445 1363 1482 istos
1399 1457 1456 1482 ex
1496 1457 1653 1482 sacro

185 1513 347 1557 portu
393 1506 698 1558 vectigalia
736 1508 964 1557 exigere
1002 1507 1405 1558 pecuniamque
1444 1519 1652 1557 cogere.

185 1567 309 1605 Simul
328 1569 373 1606 iis
401 1569 464 1607 dei
484 1569 696 1615 oraculum,
716 1568 904 1617 majorum
931 1569 1225 1620 jusjurandum,
1253 1568 1562 1606 exsecrationem
1595 1568 1653 1606 fa-

181 1635 286 1667 ctam
321 1629 472 1667 recitari
509 1630 708 1681 jubebam,
738 1630 962 1680 planissime
993 1636 1174 1676 testatus,
1212 1643 1282 1667 me
1315 1643 1408 1680 pro
1448 1629 1652 1681 populo

185 1691 531 1739 Atheniensi,
573 1704 668 1742 pro
716 1705 802 1738 me,
840 1704 926 1742 pro
973 1691 1171 1729 liberis
1219 1691 1480 1742 domoque
1527 1705 1648 1737 mea,

165 1762 238 1793 ‘ex
287 1755 547 1806 majorum
592 1752 970 1804 jurisjurandi
1018 1753 1363 1804 praescripto,
1407 1753 1505 1791 deo
1553 1761 1648 1791 ter-

183 1830 355 1867 raeque
410 1829 588 1861 sacrae,
640 1815 905 1860 manibus,
962 1815 1204 1865 pedibus,
1253 1828 1391 1861 voce,
1443 1815 1650 1866 quibus-

183 1889 389 1928 cunque
432 1877 665 1926 denique
719 1877 877 1913 rebus
930 1888 1161 1926 possem,
1202 1889 1349 1926 opem
1387 1877 1546 1922 ferre,
1599 1884 1650 1915 et

183 1940 466 1978 civitatem
517 1944 750 1976 nostram
800 1937 1024 1988 piaculo
1074 1937 1335 1975 liberare:
1384 1951 1472 1975 vos
1511 1951 1647 1983 vero,

181 2002 339 2051 inquam,
394 2000 548 2039 vobis
600 1999 703 2050 ipsi
753 1999 1035 2037 consulite.
1113 1998 1491 2037 Canistrorum
1545 2000 1646 2051 jam

182 2070 352 2115 coepta
398 2068 459 2101 est
505 2062 883 2105 circumvectio,
931 2060 1153 2098 admotae
1203 2068 1326 2098 sunt
1376 2061 1646 2099 altaribus

180 2125 387 2171 hostiae,
423 2124 560 2161 bona
591 2130 699 2159 tum
727 2121 947 2173 publica
979 2127 1083 2159 tum
1121 2121 1334 2172 privata
1371 2135 1393 2160 a
1428 2123 1533 2160 diis
1564 2123 1648 2160 im-

178 2185 499 2225 mortalibus
550 2184 684 2223 estis
723 2184 964 2235 petituri.
1014 2183 1298 2221 Vobiscum
1354 2185 1535 2234 itaque
1580 2197 1645 2222 re-

180 2255 528 2300 putate,.qua
560 2259 702 2291 voce,
741 2258 835 2296 qua
876 2251 1054 2291 mente,
1092 2245 1286 2295 quibus
1323 2244 1505 2290 oculis,
1543 2257 1647 2294 qua

181 2310 408 2348 fidentia
444 2309 571 2347 freti
612 2307 1046 2359 supplicationes
1081 2307 1312 2352 facietis,
1352 2305 1394 2344 si
1433 2318 1644 2344 consce-

179 2373 380 2412 leratos
421 2379 472 2411 et
501 2372 631 2410 diris
688 2372 911 2409 devotos
953 2370 1183 2408 homines
1233 2369 1428 2407 inultos
1473 2369 1644 2407 dimit-

179 2435 329 2474 tetis.
361 2435 469 2473 Non
503 2435 631 2473 enim
665 2435 886 2472 obscure
921 2432 1010 2470 sed
1045 2432 1393 2483 apertissime
1424 2430 1472 2468 in
1507 2444 1642 2468 exse-

180 2500 418 2537 cratione
446 2496 704 2548 scriptum
741 2501 835 2540 est,
867 2494 1055 2546 quibus
1092 2493 1202 2532 sint
1235 2491 1502 2530 afficiendi
1534 2505 1643 2543 sup-

179 2558 370 2610 pliciis
408 2565 508 2597 tum
546 2557 825 2608 sacrilegi,
864 2563 966 2594 tum
1006 2556 1041 2594 ii
1079 2555 1160 2606 qui
1203 2555 1418 2603 impietatem
1458 2554 1642 2604 permi-

180 2622 368 2668 serint,
402 2634 459 2660 ac
496 2626 765 2673 postrema
800 2617 1200 2656 exsecrationis
1240 2616 1496 2654 clausula
1534 2623 1640 2653 est:

180 2684 247 2721 NE
277 2696 393 2722 PURE
423 2683 605 2735 inquit
634 2694 831 2720 LIBANTO
854 2682 1091 2725 APOLL1N1‚
1124 2679 1299 2724 DIANAE‚
1329 2678 1535 2723 Lim-om,
1560 2678 1644 2715 Mr-

179 2759 340 2785 NERVAE
374 2758 594 2792 PR0v1DAE,
629 2759 706 2788 QUI
749 2757 839 2783 NON
877 2755 1030 2782 POENAs
1063 2755 1343 2787 EXEGERINT,
1382 2755 1528 2783 NEQUE
1566 2754 1641 2779 uis

180 2821 336 2847 EORUM
369 2820 509 2846 SACRA
540 2820 742 2846 ACCEPTA
779 2819 933 2845 suxro.

235 2871 301 2908 39.
337 2869 437 2907 Cum
466 2869 551 2908 haec
570 2877 610 2909 et
631 2870 705 2908 alia
734 2867 957 2920 hujusmodi
979 2867 1102 2904 multa
1123 2867 1322 2911 dixissem,
1352 2866 1450 2903 cessi
1485 2866 1638 2904 tandem

179 2939 292 2984 atque
315 2945 336 2970 e
362 2932 551 2970 consessu
579 2931 766 2982 migravi;
799 2930 944 2968 clamor
968 2928 1072 2967 illico
1099 2929 1237 2978 ingens
1266 2936 1301 2965 et
1333 2927 1507 2965 fremitus
1539 2927 1639 2966 inter
