1981 3356
1581 220 1604 255 <sn

1609 218 1658 255 83

557 216 850 255 ADVERSUS
883 215 1293 254 PANTAENETUM.

710 409 1119 450 TESTIMONIUM.

187 505 327 557 Neque
348 519 437 545 vero
456 506 497 544 hi
517 505 644 545 solum
663 512 784 545 testes
815 507 928 545 nobis
955 512 1060 552 sunt,
1080 518 1153 543 nos
1184 504 1323 544 missos
1356 517 1442 544 esse
1463 504 1588 543 factos
1617 511 1656 543 et

183 581 289 607 nunc
308 569 502 607 calumnia
519 569 612 621 peti,
635 569 704 607 sed
723 569 805 620 ipse
831 569 948 607 etiam
970 568 1237 606 Pantaenetus.
1294 568 1396 606 Cum
1411 566 1512 605 enim
1536 568 1655 604 Ever-

183 642 277 680 gum
297 622 501 669 accusaret
529 644 591 669 me
616 630 773 677 omisso,
794 636 874 668 tum
909 629 992 681 ipse
1016 629 1234 668 testabatur
1253 628 1400 667 nullam
1424 628 1496 666 sibi
1517 627 1565 665 de
1594 641 1654 666 me

182 691 381 742 querelam
413 705 498 731 esse
527 691 742 744 reliquam:
785 705 857 730 nec
891 691 994 730 enim
1028 691 1204 743 profecto
1232 691 1270 728 in
1303 690 1387 742 pari
1419 689 1592 735 crimine,
1623 690 1655 727 si

179 759 388 805 utrumque
422 766 473 792 ex
498 767 610 806 aequo
640 761 880 799 accusasset,
911 752 1077 791 alterum
1105 752 1313 798 omisisset,
1334 751 1498 791 alterum
1532 751 1569 788 in
1587 751 1653 802 jus

179 821 372 854 vocasset.
429 816 552 867 Leges
572 822 701 855 autem
721 815 769 854 de
790 816 907 854 rebus
932 815 988 853 ita
1007 814 1103 853 actis
1123 814 1261 852 iterum
1282 813 1446 865 adipisci
1459 812 1652 865 judicium

180 888 259 914 non
292 877 430 925 sinere,
450 878 614 916 arbitror
632 877 813 930 equidem
834 890 915 924 vos,
938 877 1095 915 tametsi
1123 889 1197 927 ego
1225 875 1322 913 nihil
1343 875 1490 922 dixero,
1510 873 1653 913 intelli-

181 951 298 990 gere:
328 939 398 978 sed
419 946 461 978 tu
481 939 727 979 nihilominus
745 938 848 979 hanc
873 951 1026 991 quoque
1046 938 1172 990 legem
1195 936 1329 976 recita.

854 1074 972 1123 LEX‘.

177 1181 348 1228 Auditis,
382 1182 655 1227 Athenienses,
686 1182 814 1234 legem
842 1188 975 1233 aperte
1008 1180 1151 1228 dicere,
1172 1180 1313 1230 quibus
1352 1180 1402 1218 de
1435 1180 1551 1217 rebus
1583 1178 1652 1216 ali-

177 1256 294 1295 quem
320 1243 482 1282 missum
507 1243 647 1283 feceris
675 1250 716 1282 et
744 1242 996 1294 transegeris,
1016 1255 1095 1280 non
1125 1241 1292 1293 amplius
1320 1241 1403 1279 dari
1429 1241 1649 1279 actionem:

174 1318 223 1344 ea
241 1319 331 1345 vero
353 1313 519 1358 utraque
539 1306 603 1357 isti
623 1305 826 1345 nobiscum
853 1305 1134 1349 intercessisse,
1154 1318 1175 1342 e
1195 1304 1360 1343 testibus
1380 1303 1596 1342 audivistis.

231 1370 271 1406 5.
301 1369 371 1406 Est
392 1376 538 1415 autem,
555 1382 645 1407 cum
665 1368 784 1406 nullis
806 1368 855 1406 de
880 1368 995 1406 rebus
1016 1381 1103 1418 quae
1123 1366 1277 1418 legibus
1306 1366 1524 1405 interdictae
1545 1372 1651 1411 sunt,

175 1430 214 1468 in
231 1432 295 1481 jus
314 1430 562 1477 veniendum,
583 1438 665 1469 tum
688 1430 737 1469 de
759 1429 818 1468 his
855 1429 1011 1467 minime
1039 1428 1227 1467 omnium.
1285 1429 1388 1466 Nam
1409 1436 1497 1478 quae
1516 1439 1651 1477 respu-

173 1492 277 1531 blica
299 1492 399 1543 egit,
429 1505 477 1531 ea
505 1492 581 1531 dici
606 1492 774 1544 possint,
799 1498 869 1530 aut
899 1491 1042 1542 injuste
1074 1497 1142 1528 aut
1162 1503 1239 1528 non
1269 1490 1545 1528 convenienter
1565 1502 1651 1526 esse

173 1560 285 1599 acta3
313 1554 362 1593 de
377 1554 556 1606 judicum
586 1554 678 1593 item
699 1553 901 1592 sententiis
931 1553 1007 1591 dici
1025 1558 1168 1604 potest,
1190 1565 1259 1590 eos
1280 1551 1466 1602 deceptos
1486 1551 1541 1589 ita
1561 1563 1651 1602 pro-

171 1615 395 1662 nunciasse,
416 1616 470 1654 sic
491 1616 640 1654 caeteris
661 1615 709 1654 de
730 1617 846 1653 rebus
867 1628 955 1665 quae
988 1614 1148 1652 sancitae
1170 1620 1263 1652 sunt
1281 1613 1449 1664 legibus,
1477 1612 1650 1663 singula-

174 1677 242 1716 tim
265 1677 396 1729 aliqua
414 1678 512 1716 ratio
533 1677 742 1729 probabilis
766 1676 893 1715 afferri
911 1684 1056 1727 queat:
1089 1690 1177 1727 quae
1197 1689 1290 1713 vero
1312 1674 1394 1726 ipse
1419 1687 1491 1712 sua
1509 1675 1649 1712 volun-

173 1747 254 1778 tate
274 1740 477 1791 transegit,
497 1740 547 1778 de
566 1740 611 1778 iis
633 1740 762 1778 dicere
782 1738 879 1777 nihil
899 1744 1042 1790 potest,
1065 1750 1192 1788 neque
1219 1737 1377 1788 culpare
1399 1736 1649 1787 semetipsum

172 1803 425 1854 quamobrem
449 1802 592 1854 injuste
613 1801 759 1840 fecerit.
817 1802 904 1839 Jam
934 1800 998 1851 qui
1019 1800 1067 1838 de
1089 1800 1166 1838 alia
1193 1812 1233 1837 re
1262 1798 1442 1850 quapiam
1479 1798 1647 1849 litigant,

171 1865 212 1902 in
224 1864 312 1916 jure
329 1865 378 1902 ab
396 1864 480 1902 aliis
500 1863 693 1916 praefinito
712 1876 791 1902 non
812 1862 1082 1913 acquiescunt,
1097 1862 1163 1913 qui
1178 1874 1270 1899 vero
1287 1861 1335 1899 de
1355 1861 1400 1899 iis
1421 1874 1509 1912 quae
1526 1868 1650 1898 trans-

172 1926 297 1978 egerit
315 1926 443 1964 denuo
463 1932 635 1973 accusat,
656 1939 752 1964 suo:
783 1926 1037 1976 quamobrem
1071 1924 1134 1962 isti
1163 1924 1364 1962 hominum
1398 1922 1531 1974 generi
1565 1936 1648 1961 ma-

171 1989 274 2028 xime
290 1988 537 2027 irascendum
559 1995 632 2027 est.
690 1988 758 2026 Me
784 1987 901 2039 igitur
930 1987 978 2024 ab
1004 1999 1050 2025 eo
1082 1986 1242 2024 missum
1269 1999 1353 2024 esse
1379 1985 1526 2023 factum
1559 1997 1648 2022 cum

170 2050 348 2091 venditor
370 2050 646 2102 mancipiorum
679 2050 806 2088 factus
835 2062 935 2094 sum,
967 2048 1145 2087 ostendi:
1174 2047 1328 2098 legibus
1355 2037 1484 2084 autem
1512 2045 1571 2083 his
1599 2045 1648 2084 de

170 2115 285 2153 rebus
304 2126 384 2152 non
403 2113 487 2151 dari
501 2113 690 2159 actiones,
709 2125 759 2150 ex
780 2111 867 2162 lege
887 2110 1005 2149 modo
1021 2110 1186 2149 recitata
1205 2108 1417 2148 audivistis.

227 2176 266 2214 6.
296 2176 357 2214 Ne
376 2175 464 2227 quis
481 2188 572 2214 vero
592 2174 754 2226 cogitet,
778 2172 1055 2218 Athenienses,
1083 2185 1144 2210 me
1165 2171 1271 2222 quod
1290 2171 1415 2223 ipsam
1436 2169 1534 2207 tueri
1554 2181 1647 2207 cau-

173 2250 256 2276 sam
274 2250 464 2289 nequeam
492 2236 568 2275 huc
594 2237 822 2287 confugere,
846 2234 1070 2287 singulatim
1099 2234 1215 2272 etiam
1238 2234 1321 2285 ejus
1354 2246 1489 2272 omnes
1519 2231 1643 2270 crimi-

171 2300 350 2342 nationes
381 2299 584 2338 ementitas
619 2312 706 2338 esse
736 2297 957 2336 ostendam.
1015 2296 1155 2335 Recita
1184 2296 1312 2348 ipsum
1345 2295 1506 2341 crimen,
1534 2294 1644 2345 cujus

172 2375 234 2400 me
255 2360 489 2403 reumrfacit.

740 2452 1065 2494 ACCUSATIO.

216 2543 370 2574 Damnum
398 2542 484 2573 dedit
507 2542 680 2573 Nicobulus
703 2540 868 2572 insidiatus
892 2540 966 2571 mihi
983 2546 1013 2570 et
1030 2539 1227 2570 facultatibus
1250 2539 1339 2574 meis,
1363 2539 1445 2578 qnod
1462 2536 1646 2576 Antigenem

172 2605 295 2626 servum
309 2605 396 2625 suum
412 2594 532 2634 eripere
548 2604 637 2624 servo
649 2604 717 2623 meo
728 2593 824 2632 jussit
838 2596 1008 2632 argentum,
1026 2591 1108 2631 quod
1124 2591 1152 2621 is
1166 2591 1287 2620 ferebat
1303 2589 1411 2620 aerario
1428 2587 1644 2618 numerandum

172 2647 212 2678 de
224 2646 351 2682 fodinis,
366 2656 442 2686 quas
459 2656 518 2685 ego
534 2644 593 2675 emi
610 2644 774 2684 nonaginta
789 2644 897 2682 minis;
921 2649 952 2674 et
977 2643 1007 2673 in
1035 2652 1128 2673 causa
1151 2642 1211 2677 fuit
1230 2646 1263 2672 ut
1289 2641 1362 2671 mihi
1387 2640 1516 2679 duplum
1537 2637 1645 2667 inseri-

172 2699 298 2729 beretur
313 2697 344 2728 in
358 2696 478 2727 tabulas
494 2696 649 2736 publicas.

175 2789 333 2829 Desine.
367 2790 449 2829 Ista
467 2789 609 2835 omnia,
630 2801 793 2841 quorum
812 2801 874 2826 me
894 2801 998 2826 nunc
1013 2787 1224 2833 accusavit,
1238 2787 1344 2838 prius
1362 2785 1518 2835 Evergo
1539 2782 1646 2834 obje-

174 2851 228 2889 cit
245 2863 434 2903 reumque
448 2851 615 2903 peregit.
671 2851 873 2889 Testatum
890 2857 1019 2888 autem
1035 2857 1096 2888 est
1115 2849 1299 2888 orationis
1318 2847 1426 2886 initio
1442 2846 1545 2899 apud
1562 2858 1644 2890 vos,

173 2925 234 2951 me
249 2925 409 2964 peregre
423 2913 591 2952 abfuisse
608 2926 697 2952 cum
712 2913 811 2951 inter
826 2913 920 2950 istos
936 2913 1209 2950 controversiae
1225 2911 1435 2949 orirentur:
1458 2909 1526 2947 sed
1542 2908 1645 2946 idem

174 2982 305 3014 tamen
325 2975 439 3015 etiam
459 2988 482 3014 e
501 2975 656 3015 crimine
688 2974 935 3027 perspicuum
968 2981 1040 3013 est.
1099 2973 1301 3026 Nusquam
1330 2972 1432 3012 enim
1453 2985 1514 3010 me
1534 2970 1644 3022 quic-
