1948 3306
348 187 425 223 648
829 184 889 223 IN
919 184 1258 223 STEPHANUM
1292 185 1321 223 1.

349 293 467 326 stram
501 286 647 339 aliquid
677 287 735 326 his
765 287 966 340 indignum
995 286 1085 325 mihi
1112 286 1276 333 accidat,
1308 287 1413 339 quod
1445 301 1494 326 ne
1522 287 1630 328 vobis
1651 289 1802 341 quidem

349 349 553 388 honestum
574 349 697 388 fuerit.

404 414 468 450 26.
485 413 584 450 Cum
604 419 734 451 autem
754 412 875 450 multa
892 411 983 449 mihi
1012 409 1177 448 dicenda
1195 417 1339 457 essent,
1358 411 1406 450 de
1436 410 1580 460 injuriis
1600 417 1640 449 et
1664 418 1805 450 contu-

349 475 474 514 meliis
494 476 632 526 quibus
652 487 736 513 sum
767 480 962 520 oneratus,
991 472 1174 523 temporis
1200 473 1351 512 excludi
1381 486 1441 512 me
1471 473 1655 525 angustiis
1678 473 1803 512 video.

352 537 405 575 Ut
424 537 539 588 igitur
559 536 722 575 maxime
742 549 810 574 vos
831 548 966 574 omnes
991 533 1207 573 existimem
1228 535 1453 586 cognituros
1474 548 1643 573 summas
1663 534 1803 586 quibus

349 611 421 636 nos
441 597 568 637 affecti
596 611 728 636 sumus
748 597 916 648 injurias,
936 596 1076 635 dicam.
1133 596 1171 634 Si
1189 608 1319 634 secum
1350 598 1619 649 unusquisque
1636 603 1826 639 vestrum¹

350 660 510 711 cogitet,
528 673 644 711 quem
670 659 774 697 domi
802 658 992 697 famulum
1022 658 1228 710 reliquerit,
1250 671 1295 697 ae
1323 657 1463 698 deinde
1489 659 1612 711 fingat
1629 672 1672 697 se
1691 659 1740 697 ab
1759 671 1806 696 eo

350 722 443 760 talia
462 734 688 774 perpessum
709 734 809 768 esse,
830 721 959 772 qualia
985 734 1056 760 nos
1089 721 1137 759 ab
1167 720 1424 773 isto—neque
1443 722 1546 760 enim
1564 721 1604 759 id
1625 727 1804 773 spectan-

350 783 441 822 dum
460 790 529 828 est,
560 783 732 835 Syrusne
761 797 810 822 an
836 783 989 829 Manes,
1011 789 1079 822 aut
1102 783 1279 835 quisnam
1300 783 1350 821 sit
1380 796 1511 822 eorum
1537 783 1713 835 quilibet,
1732 783 1807 821 iste

352 852 482 884 autem
502 845 685 884 Phormio
702 846 776 885 sit:
807 858 866 885 res
888 852 949 885 est
966 845 1118 891 eadem,
1144 845 1243 885 servi
1262 851 1302 884 et
1316 845 1380 883 isti
1400 851 1503 893 sunt,
1523 858 1656 884 servus
1675 851 1714 883 et
1732 844 1806 883 iste

349 907 434 954 fuit,
447 920 515 946 vos
541 914 670 947 autem
695 908 854 954 domini,
871 908 1051 947 dominus
1077 914 1115 946 et
1137 921 1212 960 ego
1236 909 1358 947 fui-.
1395 909 1503 951 Quas
1534 907 1649 959 igitur
1672 920 1807 959 poenas

349 971 615 1022 unusquisque
629 976 799 1009 vestrum
816 970 1027 1009 sumendas
1043 969 1293 1020 existimaret,
1303 983 1369 1010 eas
1381 977 1419 1010 et
1434 969 1640 1008 mihinunc
1653 982 1809 1007 sumen-

350 1031 425 1070 das>
439 1032 678 1071 existimate:
700 1039 739 1071 et
755 1045 845 1071 eum
861 1033 926 1084 qui
943 1045 1004 1072 me
1020 1033 1118 1072 falso
1133 1033 1355 1072 testimonio
1374 1031 1567 1084 spoliavit,
1587 1031 1638 1069 ad
1652 1044 1806 1069 conser-

350 1094 497 1133 vandas
518 1094 626 1147 leges
647 1101 686 1134 et
699 1095 976 1147 jusjurandum
995 1108 1070 1147 quo
1091 1095 1221 1134 adacti
1240 1095 1400 1142 sedetis,
1419 1093 1671 1139 ulciscimini;
1690 1099 1730 1132 et
1742 1106 1809 1132 ex-

350 1156 521 1212 emplum
537 1156 579 1194 in
607 1170 653 1196 eo
680 1157 837 1196 statuite
866 1157 1028 1204 caeteris,
1049 1157 1300 1196 recordantes
1330 1170 1462 1196 eorum
1488 1156 1658 1194 omnium
1680 1169 1767 1207 quae
1786 1168 1809 1194 e

350 1218 462 1256 nobis
482 1218 694 1266 audivistis,
708 1227 746 1257 et
764 1226 949 1258 caventes
969 1219 1092 1258 sicubi
1111 1232 1180 1258 vos
1200 1220 1387 1258 seducere
1406 1217 1657 1264 instituerint,
1676 1224 1716 1256 et
1731 1217 1810 1256 sin-

351 1280 513 1331 gulatim
532 1280 587 1318 eis
602 1288 850 1320 occurrentes
869 1282 899 1319 si
915 1294 956 1320 se
971 1294 1050 1320 non
1072 1281 1202 1320 omnia
1223 1287 1387 1321 testatos
1406 1293 1488 1319 esse
1509 1279 1687 1319 dixerint.
1729 1279 1810 1317 Cui·

350 1340 468 1393 igitur
487 1341 527 1379 in
552 1342 698 1381 tabella
728 1343 913 1395 scriptum
942 1343 1022 1382 est?
1052 1357 1119 1382 cur
1146 1343 1262 1396 igitur
1292 1347 1376 1382 tum
1405 1356 1483 1381 non
1502 1340 1693 1381 delebas?
1720 1355 1809 1393 quae

351 1403 466 1454 igitur
481 1403 548 1441 illa
567 1410 629 1442 est
648 1405 752 1456 apud
767 1412 951 1457 praetores
971 1405 1047 1444 litis
1062 1405 1324 1445 contestatio?
1355 1405 1396 1444 Si
1415 1405 1513 1444 alius
1547 1418 1566 1443 s
1581 1418 1603 1444 e
1634 1404 1688 1442 f·u
1701 1404 1712 1442 i
1727 1418 1745 1444 s
1757 1418 1809 1444 se

352 1465 448 1504 dixit
496 1467 587 1504 sub
619 1467 796 1506 tutela
833 1481 893 1506 ex
929 1474 1271 1516 testamento,
1310 1468 1408 1508 alius
1448 1481 1536 1520 ges
1553 1467 1693 1506 sisse
1734 1473 1809 1506 tu-

354 1528 532 1572 telam,
572 1528 672 1568 alius
707 1529 731 1567 h
749 1530 906 1569 abere
939 1538 1351 1571 testamentum:
1385 1529 1530 1582 quale?
1562 1529 1601 1567 in
1619 1541 1698 1581 quo
1715 1529 1809 1580 quid

353 1589 539 1641 scriptum
578 1590 665 1628 est?
705 1591 791 1630 haec
829 1593 1045 1643 quaeritote.
1113 1592 1216 1631 Nam
1251 1605 1339 1645 quae
1369 1592 1433 1631 isti
1469 1590 1601 1630 testati
1629 1596 1733 1637 sunt,
1765 1603 1814 1629 ea

354 1663 469 1690 nemo
503 1665 523 1689 e
552 1652 702 1690 caeteris
732 1666 804 1691 suo
833 1654 1055 1693 testimonio
1082 1654 1338 1693 confirmavit.
1398 1653 1464 1692 Sin
1483 1653 1812 1699 lamentabuntur,

353 1725 441 1750 eum
474 1713 540 1765 qui
569 1713 715 1752 malum
745 1716 900 1768 accepit
930 1716 1245 1756 miserabiliorem
1269 1717 1314 1755 iis
1334 1716 1400 1768 qui
1419 1728 1555 1768 poenas
1575 1714 1701 1753 daturi
1721 1719 1811 1752 sunt

353 1781 544 1826 putatote.
603 1775 701 1820 Quae
722 1776 753 1814 si
782 1777 946 1823 facietis,
967 1785 1005 1816 et
1030 1791 1092 1815 me
1112 1776 1310 1829 juvabitis,
1331 1784 1369 1816 et
1397 1777 1551 1815 nimiam
1570 1775 1728 1814 istorum
1749 1787 1810 1813 as-

357 1836 613 1874 sentationem
632 1838 874 1887 coercebitiS,
894 1847 934 1877 et
964 1838 1038 1891 ipsi
1064 1852 1111 1878 ea
1142 1852 1229 1890 quae
1243 1838 1498 1893 jurisjurandi
1523 1836 1658 1891 religio
1675 1842 1812 1891 postu·

355 1897 410 1938 lat
428 1897 657 1936 decernetis.
