1948 3306
316 164 392 200 778
785 168 1011 208 CONTRA
1043 169 1305 210 NEAERAM.

314 264 514 304 AEgiliensem
533 279 601 297 esse
614 280 630 298 e
647 275 728 300 coetu
745 273 901 311 gentilium
917 274 967 313 qui
982 273 1135 313 Brytiadae
1151 273 1353 308 nominentur,
1367 276 1410 308 et,
1423 272 1594 312 postulante
1608 273 1773 303 Phrastore

312 322 345 345 ut
363 327 436 347 suus
455 319 531 348 tilius
558 320 586 349 in
613 323 741 359 gentiles
766 325 1020 360 introduceretur,
1033 336 1065 355 se
1083 325 1175 354 fllium
1190 335 1257 354 eum
1273 336 1289 354 e
1303 325 1419 354 Neaerae
1432 323 1494 353 filia
1513 334 1579 354 esse
1591 329 1692 354 nutum
1704 333 1774 353 cou—

313 368 404 404 scios,
415 370 607 409 prohibuisse
619 373 812 405 Pbrastorem
827 387 862 405 ue
876 376 969 405 filium
988 376 1210 416 introduceret.

373 445 432 482 17.
452 447 513 484 An
533 461 612 486 non
632 449 746 501 igitur
761 452 958 490 evidenter
974 453 1197 491 demonstro
1216 452 1338 498 vobis,
1358 452 1465 503 ipsos
1486 451 1602 490 etiam
1623 450 1775 489 Neaerae

313 505 666 556 conjunctissimos,
687 512 725 548 in
758 525 843 550 eam
873 520 917 550 ut
948 515 1190 565 peregrinam
1223 514 1369 552 dixisse
1399 512 1674 559 testimonium,
1693 519 1775 550 tum

298 566 568 619 ¹Stephanum,
591 573 657 623 qui
687 586 771 611 eam
801 588 904 612 nunc
924 575 1044 614 habet
1069 578 1105 614 in
1127 577 1383 623 matrimonio,
1403 584 1486 614 tum
1516 575 1778 620 Phrastorem,

313 629 377 678 qui
398 630 512 669 filiam
533 634 615 683 ejus
647 634 834 673 duxerat?
873 637 972 675 Cum
1002 638 1223 689 Stephanus
1249 639 1365 676 filiam
1386 637 1507 685 istius,
1528 651 1551 675 a
1570 636 1779 675 Phrastore
1825 654 1829 664 =

314 692 417 741 apud
451 695 620 745 sexviros
654 705 876 743 accusatus,
906 700 1012 749 quod
1044 700 1109 750 qui
1141 700 1383 738 Atheniensis
1410 707 1527 745 esset,
1565 698 1778 750 peregrinae

312 752 428 791 filiam
449 755 735 807 despondisset,
753 760 961 799 defendere
983 761 1161 807 noluerit,
1179 762 1249 800 sed
1265 762 1397 800 dotem
1417 761 1659 806 condonarit,
1673 773 1779 798 eam-

312 827 387 864 que
413 830 489 855 non
522 822 731 871 receperit:
763 836 852 860 cum
886 823 1071 862 Phrastor
1104 823 1254 861 Neaerae
1284 823 1403 861 filiam
1432 822 1677 861 matrimonio
1705 821 1780 859 sibi

305 876 484 926 junctam
517 880 686 932 ejecerit,
709 892 915 935 postquam
945 885 1117 923 audierat
1143 898 1220 922 non
1250 899 1337 923 esse
1369 885 1569 936 Stephani,
1588 884 1679 922 dote
1700 897 1779 921 non

313 939 479 986 reddita,
499 955 586 980 cum
607 953 741 995 postea
762 954 801 984 et
820 946 1040 985 infirmitate
1066 961 1150 994 sua,
1171 954 1210 985 et
1237 947 1326 985 odio
1353 946 1651 985 domesticorum
1672 958 1778 983 com-

313 1008 454 1050 motus,
476 1004 706 1056 adoptasset
724 1007 859 1055 filium,
879 1016 916 1046 et
936 1009 985 1046 ad
1007 1009 1172 1060 gentiles
1192 1009 1486 1054 introduxisset,
1501 1021 1621 1060 puero
1641 1021 1665 1046 a
1685 1020 1780 1058 gen-

311 1061 443 1102 tilibus
464 1067 910 1121 rejecto,jusjurandum
933 1071 968 1109 ei
987 1071 1408 1123 deferentibus,jurare
1424 1070 1604 1115 noluerit,
1626 1069 1781 1120 religio-

314 1124 431 1176 nique
474 1141 584 1175 suam
637 1131 888 1183 cupiditatem
921 1133 1203 1184 posthabuerit,
1239 1133 1431 1184 aliamque
1463 1139 1598 1184 postea
1630 1130 1782 1170 duxerit

312 1186 450 1236 civem,
470 1197 513 1227 ut
545 1193 687 1242 jubent
716 1193 836 1245 leges.
895 1195 969 1232 Hae
999 1196 1100 1233 enim
1126 1208 1189 1234 res
1218 1195 1272 1234 ita
1291 1195 1489 1234 evidentes
1509 1206 1653 1246 magno
1673 1193 1781 1232 testi-

313 1250 442 1288 monio
462 1261 596 1292 contra
615 1268 682 1293 eos
702 1255 873 1302 fuerunt,
893 1257 1071 1295 Neaeram
1090 1271 1175 1295 esse
1194 1258 1451 1309 peregrinam.

371 1313 431 1350 18.
456 1314 534 1352 Sed
561 1317 808 1363 considerate
840 1326 878 1356 et
905 1318 1039 1357 sordes
1069 1319 1270 1371 Stephani,
1291 1327 1329 1357 et
1353 1318 1651 1371 improbitatem,
1671 1324 1714 1354 ut
1734 1330 1781 1356 ex

312 1385 360 1411 ea
377 1387 530 1426 quoque
552 1378 809 1430 perspiciatis‚
838 1380 1018 1418 Neaeram
1040 1393 1117 1418 non
1138 1393 1222 1419 esse
1247 1382 1384 1419 civem.
1442 1380 1673 1430 Epaenetum
1697 1380 1782 1417 An-

309 1434 449 1483 drium,
485 1439 635 1477 Neaerae
665 1448 832 1479 veterem
863 1450 1086 1490 amatorem,
1119 1443 1183 1481 cui
1215 1456 1261 1481 ea
1294 1455 1435 1493 magno
1475 1437 1714 1487 constiterat,
1743 1448 1784 1480 et

311 1496 448 1536 diverti
481 1501 529 1538 ad
562 1501 668 1548 istos,
698 1516 788 1541 cum
815 1504 989 1542 Athenas
1021 1503 1218 1550 veniebat,
1249 1503 1419 1550 solitum,
1439 1510 1597 1556 propter
1628 1503 1781 1541 Neaerae

312 1560 535 1607 amicitiam,
559 1562 782 1615 Stephanus
814 1578 881 1616 per
908 1565 1068 1603 insidias
1096 1564 1135 1603 in
1170 1578 1322 1617 agrum,
1341 1578 1409 1617 per
1438 1565 1607 1617 speciem
1640 1564 1782 1602 divinae

313 1621 367 1659 rei
389 1622 579 1662 faciendae
600 1626 846 1673 accersitum,
866 1627 971 1679 apud
991 1627 1102 1665 istius
1121 1627 1240 1666 filiam
1266 1640 1335 1679 pro
1355 1626 1508 1666 moecho
1527 1626 1781 1677 comprehen-

313 1682 382 1729 dit,
403 1691 443 1722 et
462 1692 604 1725 terrore
624 1687 768 1739 injecto
785 1688 943 1739 triginta
959 1689 1006 1727 ab
1020 1701 1066 1726 eo
1086 1688 1213 1727 minas
1230 1694 1464 1739 extorquet;
1485 1700 1647 1739 quarum
1664 1701 1781 1738 spon-

311 1746 465 1785 soribus
494 1749 677 1800 acceptiS‚
712 1750 998 1796 Aristomacho,
1032 1750 1098 1801 qui
1131 1749 1257 1789 sexvir
1288 1750 1427 1798 fuerat,
1460 1756 1501 1788 et
1535 1748 1781 1801 Nausiphilo,

313 1807 516 1847 Nausinici
535 1810 603 1848 viri
628 1812 796 1862 praetorii
829 1812 922 1859 filio,
951 1813 1111 1850 missum
1135 1825 1222 1850 eum
1250 1812 1359 1859 facit,
1379 1820 1448 1863 spe
1472 1811 1623 1863 argenti
1653 1812 1701 1849 ab
1734 1824 1781 1849 eo

309 1870 530 1921 recipiendi.
589 1872 784 1923 Egressus
818 1873 1043 1925 Epaenetus‚
1064 1880 1103 1911 et
1134 1873 1192 1911 sui
1211 1873 1309 1924 juris
1338 1873 1479 1918 sactus,
1499 1872 1550 1911 de
1582 1871 1780 1923 Stephano

310 1932 415 1983 apud
454 1934 625 1972 sexviros
666 1935 852 1986 queritur,
883 1949 952 1987 per
983 1935 1161 1988 injuriam
1188 1948 1230 1974 se
1262 1936 1310 1973 ab
1345 1948 1391 1974 eo
1423 1935 1462 1973 in
1497 1934 1654 1974 vincula
1685 1948 1780 1974 con-

304 1994 467 2044 jectum,
488 2009 535 2033 ex
555 1996 642 2048 lege
671 2011 759 2049 quae
783 1998 911 2049 jubet,
942 1997 972 2035 si
993 1997 1079 2049 quis
1102 1998 1268 2049 aliquem
1288 2010 1356 2049 per
1375 1996 1554 2048 injuriam
1580 2010 1648 2048 pro
1667 1997 1779 2035 adul-

310 2065 393 2095 tero
433 2057 608 2106 vinxerit,
629 2066 673 2098 ut
702 2060 806 2111 apud
839 2060 1013 2099 sexviros
1044 2067 1317 2111 conqueratur,
1352 2073 1393 2098 se
1430 2072 1498 2110 per
1530 2059 1709 2109 injuriam
1739 2059 1779 2097 in

307 2119 479 2160 vincula.
497 2135 585 2160 esse
619 2125 855 2174 conjectum.
914 2123 1030 2167 Quod
1060 2122 1092 2161 si
1123 2135 1210 2161 eum
1237 2122 1303 2173 qui
1331 2121 1467 2168 vinxit,
1486 2121 1633 2169 vicerit,
1652 2127 1692 2161 et
1711 2135 1780 2173 per

307 2180 487 2232 injuriam
516 2183 663 2222 insidiis
694 2185 889 2237 appetitus
909 2197 995 2223 esse
1025 2185 1215 2233 videatur,
1235 2185 1361 2237 ipsum
1381 2184 1601 2223 indemnem
1620 2196 1719 2231 esse,
1739 2190 1779 2222 et

308 2256 519 2294 sponsores
550 2246 760 2297 sponsione
794 2247 918 2286 solvi:
949 2247 1007 2286 sin
1034 2248 1209 2286 moechus
1243 2260 1329 2285 esse
1359 2246 1548 2293 videatur,
1569 2259 1778 2298 sponsores

301 2305 491 2356 jubentur
532 2320 620 2345 eum
667 2309 885 2347 accusatori
927 2309 1095 2357 tradere,
1132 2308 1209 2356 cui,
1247 2322 1340 2347 ense
1388 2316 1567 2360 excepto,
1601 2321 1689 2347 eum
1737 2309 1776 2346 in

306 2368 502 2417 praetorio,
533 2381 605 2407 suo
635 2370 835 2417 arbitratu,
866 2378 909 2409 ut
939 2371 1159 2409 adulterum
1188 2378 1355 2410 tractare
1384 2372 1513 2410 liceat.
1572 2372 1661 2410 Hac
1689 2371 1778 2423 lege

306 2429 422 2480 igitur
449 2443 537 2468 eum
569 2439 727 2470 accusat
746 2432 972 2484 EpaenetuS,
1004 2446 1048 2472 se
1068 2447 1182 2472 usum
1203 2447 1290 2472 esse
1310 2433 1470 2473 muliere
1505 2433 1663 2483 fatetur,
1683 2446 1777 2471 moe-

305 2492 422 2531 chum
444 2506 531 2532 esse
550 2501 687 2545 negat:
729 2508 856 2546 neque
883 2496 984 2534 enim
1017 2496 1207 2548 Stephani
1239 2509 1326 2535 esse
1353 2496 1487 2543 filiam,
1505 2495 1575 2534 sed
1609 2495 1776 2542 Neaerae,

305 2561 542 2608 matremque
573 2557 769 2596 consciam
800 2569 887 2596 esse
914 2558 1086 2609 ipsorum
1124 2557 1433 2605 consuetudinis,
1466 2569 1586 2609 seque
1611 2556 1776 2596 multum

304 2616 361 2655 eis
394 2617 640 2670 impendisse,
660 2626 860 2671 totamque
892 2633 980 2658 cum
1008 2620 1113 2658 adsit
1141 2619 1244 2658 alere
1270 2619 1469 2667 familiam,
1489 2625 1529 2658 et
1555 2618 1683 2671 legem
1709 2631 1772 2657 ex-

303 2677 425 2726 hibet,
451 2693 538 2732 quae
560 2687 664 2719 vetat
698 2681 801 2733 apud
832 2694 896 2719 eas
926 2695 997 2733 pro
1025 2681 1178 2720 moecho
1207 2680 1321 2733 arripi
1347 2693 1596 2732 quemquam,
1616 2693 1705 2731 quae
1735 2680 1775 2718 in

304 2743 465 2781 taberna
482 2742 676 2781 meritoria
708 2743 882 2788 sedeant,
913 2750 982 2781 aut
1006 2743 1045 2782 in
1066 2744 1149 2782 soro
1178 2742 1322 2794 aliquid
1352 2742 1557 2781 manifeste
1575 2742 1774 2781 vendant:

304 2805 508 2842 tabernam
527 2818 613 2844 esse
647 2818 732 2843 eam
765 2805 887 2856 ipsam
909 2805 1097 2857 Stephani
1125 2805 1284 2844 domurn
1303 2803 1501 2852 dictitans,
1522 2811 1562 2843 et
1581 2811 1775 2856 quaestum

304 2878 372 2903 eas
402 2866 518 2904 istum
551 2867 694 2914 facere,
725 2873 765 2906 et
796 2867 886 2906 inde
918 2867 1086 2906 maxime
1115 2865 1360 2919 locupletari.
1417 2868 1517 2910 Quae
1537 2866 1656 2906 verba
1683 2879 1773 2905 cum

297 2926 463 2977 jactaret
491 2927 720 2980 Epaenetus,
749 2936 789 2967 et
819 2928 1012 2968 actionem
1032 2927 1514 2980 instituisset,intelligens
1535 2928 1773 2980 Stephanus,
