1948 3306
296 165 345 201 88
736 164 791 200 IN
831 164 1275 203 CTESIPHONTEM.

295 266 452 305 Haribus
473 269 554 314 ejus
577 273 814 305 numeratus.
845 268 989 306 Verum
1010 268 1104 306 laeso
1121 280 1190 318 per
1208 267 1383 318 injuriam
1401 266 1594 319 Philippo,
1611 267 1766 319 aufugit

295 328 385 365 inde
407 334 446 365 et
464 327 660 365 Thebanis
682 328 784 366 ultro
804 342 846 366 se
867 330 904 366 in
924 336 1155 380 potestatem
1179 329 1348 366 tradidit.
1388 329 1487 366 Mox
1511 329 1583 368 illis
1608 342 1764 380 quoque

295 389 453 435 relictis,
485 402 571 426 cum
602 389 733 439 plures
762 403 876 440 quam
900 391 1066 441 Euripus
1087 390 1149 427 ille
1163 391 1277 440 juxta
1297 390 1641 440 quem'habitabat
1668 390 1767 428 reci-

294 464 435 501 procas
466 450 624 487 fecisset
642 451 930 496 conversiones,
960 452 1110 488 medius
1133 451 1269 488 incidit
1289 451 1404 500 inque
1428 442 1698 488 Thebanorum
1729 457 1767 488 et

297 512 467 562 Philippi
486 511 719 549 inimicitias.
755 512 933 549 Incertus
953 512 1070 561 igitur
1083 525 1159 562 quo
1178 526 1218 549 se
1239 518 1418 557 verteret,
1431 511 1612 562 cumJam
1627 511 1766 549 milites

296 581 430 612 eontra
449 587 537 611 eum
555 574 829 618 scriberentur,
850 573 1005 610 unicam
1028 573 1099 610 sibi
1122 586 1229 623 spem
1252 573 1387 611 salutis
1403 573 1590 623 reliquam
1610 586 1694 610 esse
1711 573 1766 610 vi·

300 636 370 682 dit,
392 636 423 673 si
443 635 630 686 populum
648 634 944 678 Atheniensem,
962 634 1054 671 socii
1073 635 1229 672 nomine
1243 634 1496 685 appellatum,
1510 634 1766 685 jurejurando

296 697 557 741 obstrinxerit,
576 709 665 733 eum
686 709 799 746 opem
822 696 893 733 sibi
912 696 1096 740 laturum,
1117 695 1148 732 si
1167 697 1214 733 ab
1236 696 1365 747 aliquo
1381 697 1642 742 invaderetur,
1662 695 1769 746 quod

297 760 379 798 sine
400 759 516 796 dubi-o
536 765 617 795 erat
636 757 823 803 futurum,
843 758 913 794 nisi
934 770 1003 795 vos
1023 757 1291 808 prohiberetis.
1323 758 1421 795 Haec
1439 758 1555 809 igitur
1575 770 1663 795 cum
1684 756 1767 795 ani-

296 835 360 860 mo
387 833 456 858 suo
481 827 666 871 reputans
697 819 814 857 mittit
839 819 916 856 huc
949 819 1102 870 legatos
1135 819 1385 864 Glaucetam,
1414 819 1696 870 Empedonem,
1729 825 1770 856 et

298 883 515 920 Diodorum
533 881 653 919 *illum
674 894 791 919 cursu
822 881 941 931 longo
970 881 1195 932 pollentem,
1225 882 1292 932 qui
1318 881 1472 932 quidem
1505 881 1652 932 populo
1678 893 1767 930 spes

296 946 444 991 inanes,
478 936 736 989 Demostheni
767 950 805 981 et
836 944 1057 994 gregalibus
1084 944 1167 994 ejus
1198 956 1378 981 nummos
1402 942 1628 980 afferebant.
1675 941 1768 979 Tria

296 1013 426 1044 autem
448 1013 571 1052 erant,
591 1019 677 1056 quae
698 1005 811 1043 simul
832 1005 1059 1043 redimebat.
1104 1005 1291 1051 Primum,
1316 1012 1359 1043 ut
1389 1018 1437 1042 ne
1470 1004 1670 1042 societatis
1699 1015 1769 1042 ve-

298 1076 388 1107 strae
409 1082 477 1119 spe
498 1068 718 1106 decideret:
751 1067 843 1105 nihil
864 1068 965 1106 enim
987 1069 1022 1106 ei
1042 1073 1126 1105 erat
1145 1066 1326 1113 medium,
1349 1068 1380 1105 si
1399 1067 1568 1118 populus
1593 1064 1768 1117 superio-

293 1145 379 1169 rum
398 1131 618 1179 injuriarum
641 1144 785 1168 memor
805 1130 1029 1169 societatem
1051 1130 1134 1181 ejus
1154 1130 1409 1181 repudiasset,
1432 1129 1522 1180 quin
1551 1136 1619 1167 aut
1648 1127 1768 1165 Chal-

294 1194 381 1232 cide
398 1193 700 1245 profugiendum
721 1199 827 1231 esset
846 1201 913 1231 aut
932 1193 1102 1243 undique
1122 1192 1337 1242 intercepto
1357 1191 1620 1233 moriendum:
1651 1197 1708 1228 tot
1728 1194 1770 1226 et

292 1261 413 1293 tantae
434 1254 470 1291 in
491 1267 580 1291 eum
601 1267 624 1291 a
645 1253 822 1304 Philippo
843 1261 881 1291 et
903 1254 1101 1292 Thebanis
1132 1253 1367 1304 ingruebant
1395 1253 1532 1304 copiae.
1583 1250 1766 1290 Secundo

296 1324 442 1362 autem,
463 1316 655 1366 stipendia
675 1316 709 1352 ei
731 1315 858 1353 delata
880 1322 972 1353 sunt
991 1317 1056 1366 qui
1073 1316 1301 1354 societatem
1322 1315 1560 1360 decreverat,
1582 1327 1632 1351 ne
1648 1312 1765 1351 Chal-

295 1379 477 1417 cidenses
494 1376 693 1414 communi
708 1377 874 1414 concilio
895 1377 1056 1414 Athenis
1070 1383 1287 1414 convocato
1307 1377 1493 1412 interesse
1508 1381 1740 1425 cogerentur
1758 1386 1767 1410 :

294 1442 415 1479 tertio,
438 1438 618 1487 denique,
640 1450 689 1474 ne
709 1436 855 1473 tributa
880 1437 1112 1486 penderent.
1163 1437 1213 1472 Et
1244 1436 1409 1473 Calliam
1434 1435 1592 1486 quidem
1624 1435 1768 1473 nullius

292 1515 425 1542 eorum
445 1512 534 1550 quae
555 1497 626 1534 sibi
646 1503 904 1547 proposuerat
922 1509 1010 1546 spes
1038 1496 1188 1539 fefellit,
1212 1495 1281 1532 sed
1300 1496 1366 1534 ille
1391 1498 1583 1549 tyrannis,
1613 1504 1657 1535 ut
1685 1496 1768 1547 ipse

295 1563 419 1614 fingit,
438 1561 613 1615 infensus
641 1556 944 1602 Demosthenes,
971 1569 1089 1606 quem
1109 1557 1163 1594 ait
1195 1556 1412 1607 Ctesiphon
1443 1558 1592 1608 optima
1618 1571 1770 1609 semper

296 1626 439 1669 dicere,
460 1620 611 1659 oblatas
632 1617 856 1669 reipublicae
876 1617 1103 1656 occasiones
1128 1617 1317 1663 vendidit,
1346 1624 1386 1656 et
1414 1619 1454 1656 in
1482 1619 1668 1657 societate
1700 1619 1769 1657 de-

297 1684 492 1726 cernenda
509 1682 663 1721 censuit
690 1687 731 1718 ut
753 1680 1085 1718 Chalcidensibus
1116 1694 1232 1731 opem
1255 1693 1326 1719 nos
1349 1681 1549 1728 ferremus,
1573 1682 1769 1720 locutione

296 1755 449 1788 tantum
469 1749 721 1789 commutata,
751 1756 823 1794 pro
846 1742 905 1780 his
929 1742 1030 1780 enim
1057 1742 1232 1781 honestae
1260 1743 1412 1781 seilicet
1436 1737 1621 1783 orationis
1650 1758 1770 1784 causa

298 1811 463 1863 scripsit,
487 1815 533 1846 ut
562 1806 847 1845 Chalcidenses
877 1816 989 1856 opem
1017 1805 1173 1852 ferrent,
1198 1805 1230 1844 si
1250 1806 1337 1856 quis
1358 1806 1397 1843 in
1417 1805 1678 1846 Athenienses
1707 1808 1768 1845 in-

295 1874 465 1913 vaserit:
495 1882 726 1909 consessum
757 1875 888 1905 autem
918 1880 1165 1905 communem
1194 1873 1234 1905 et
1256 1868 1414 1913 tributa,
1436 1881 1483 1905 ex
1504 1867 1644 1918 quibus
1675 1868 1768 1906 belli

296 1937 435 1974 robora
452 1932 691 1985 pendebant,
712 1942 870 1980 prorsus
902 1928 1089 1974 vendidit,
1122 1928 1413 1979 speciosissimis
1441 1928 1568 1967 verbis
1594 1943 1656 1967 res
1685 1936 1768 1967 tur-

297 1997 478 2050 pissimas
513 1992 757 2043 complexus,
785 2003 910 2041 eoque
941 2003 1007 2028 vos
1041 1990 1206 2028 dicendo
1236 1989 1468 2040 perducens,
1506 1997 1548 2027 vt
1575 1992 1770 2029 crederetis

296 2066 474 2112 oportere
512 2055 709 2094 civitatem
742 2060 916 2091 nostram
946 2065 1098 2103 semper
1128 2051 1278 2090 Graecis
1312 2052 1454 2090 auxilio
1491 2053 1696 2103 egentibus
1725 2053 1766 2091 in

295 2121 428 2174 primis
460 2131 574 2170 opem
603 2117 716 2164 ferre,
748 2115 952 2153 societates
980 2127 1072 2152 vero
1101 2121 1192 2165 post
1219 2114 1365 2153 collata
1397 2114 1554 2153 demum
1580 2114 1770 2154 beneficia

296 2183 454 2236 pacisci.
509 2180 562 2217 Ut
581 2185 711 2217 autem
732 2190 793 2214 me
811 2190 904 2215 vera
922 2177 1051 2215 dicere
1071 2176 1329 2227 pernoscatis,
1350 2190 1447 2229 cape
1465 2177 1651 2228 scriptum
1670 2177 1767 2218 illud

298 2245 436 2284 Calliae
455 2249 495 2282 et
515 2241 756 2287 societatem,
777 2245 816 2277 et
837 2239 957 2279 recita
975 2238 1188 2277 decretum.

873 2380 1192 2418 DECRETUM.

351 2481 416 2517 34.
446 2477 632 2517 Nondum
653 2477 770 2528 igitur
788 2476 865 2514 hoc
885 2489 1002 2526 grave
1024 2483 1091 2515 aut
1110 2476 1315 2526 indignum
1342 2482 1412 2524 est,
1434 2476 1466 2515 si
1486 2482 1604 2515 tantae
1623 2489 1765 2517 venum

296 2542 440 2580 dantur
460 2539 768 2592 opportunitates
788 2545 827 2577 et
839 2551 1049 2576 consessus
1065 2544 1106 2576 et
1123 2539 1279 2585 tributa,
1296 2539 1366 2577 sed
1384 2538 1506 2577 multo
1525 2538 1634 2584 illud,
1657 2539 1765 2590 quod

296 2604 471 2642 dicturus
491 2615 591 2647 sum,
609 2601 801 2652 indignius
820 2599 1026 2638 videbitur.
1075 2599 1135 2638 Eo
1155 2601 1256 2638 enim
1277 2600 1524 2639 contuineliae
1542 2605 1581 2637 et
1595 2600 1766 2639 avaritiae

294 2664 488 2716 processit
517 2663 677 2711 Callias,
711 2676 757 2701 eo
791 2661 960 2700 sordidae
997 2662 1289 2700 nundinationis
1317 2662 1620 2709 Demosthenes,
1648 2675 1765 2713 quem

294 2727 476 2766 laudibus
497 2725 607 2763 effert
627 2724 856 2776 Ctesiphon,
871 2730 914 2761 ut
936 2723 1080 2761 tributa
1099 2737 1186 2775 quae
1206 2731 1289 2762 tum
1308 2725 1356 2762 ab
1378 2724 1481 2762 Oreo
1496 2731 1579 2762 tum
1600 2725 1648 2762 ab
1670 2725 1766 2762 Ere-

296 2789 370 2826 tria
389 2787 677 2838 pendebantur,
698 2786 833 2823 decem
851 2785 1011 2832 talenta,
1031 2786 1141 2824 vobis
1162 2785 1398 2831 videntibus,
1418 2785 1687 2835 prudentibus,
1706 2785 1764 2822 in-

297 2848 581 2899 spectantibus,
600 2848 734 2885 furtim
754 2845 1021 2894 subduxerint,
1036 2848 1179 2897 quique
1195 2847 1243 2885 ab
1263 2846 1324 2884 his
1341 2845 1561 2884 civitatibus
1582 2846 1681 2883 mitti
1701 2858 1767 2884 so-

296 2908 432 2949 lebant
450 2921 697 2949 consessores
719 2922 742 2948 a
767 2908 876 2948 vobis
896 2908 1154 2957 avocaverint,
1176 2914 1292 2960 atque
1311 2908 1453 2946 iterum
1471 2908 1510 2947 in
1533 2906 1764 2946 Chalcidem
