1948 3306
259 145 330 181 126
853 142 1126 182 AESCHINIS

959 312 1009 350 V.

311 415 497 461 naiades,
514 429 590 465 quo
607 415 772 453 maxime
787 417 955 453 confisus
969 415 1092 461 fuisti,
1108 427 1235 465 neque
1254 426 1373 466 quum
1390 412 1573 453 Rhodum
1589 415 1717 453 venis—

253 490 397 524 semus,
418 476 541 523 affuit,
563 477 630 515 sed
654 477 765 514 Lindi
785 476 882 514 fuit:
912 490 1039 528 neque
1070 476 1255 514 Rhodum
1282 489 1475 521 reversus,
1505 475 1718 514 admodum

251 553 322 578 nos
352 539 569 577 humaniter
588 539 755 590 accepit,
778 538 854 575 nisi
883 538 991 589 quod
1019 539 1194 590 vulgaria
1222 539 1294 577 ista
1325 539 1502 577 nunciari
1521 539 1652 586 jussit,
1685 539 1717 576 si

250 615 329 653 qua
347 615 389 639 re
409 614 605 653 egeamus.
655 600 882 638 Cleocrates
916 607 1045 638 autem
1077 614 1194 651 quam
1222 600 1365 652 insigni
1396 614 1490 651 erga
1520 613 1591 639 nos
1622 613 1717 639 usus

250 664 300 702 sit
314 663 568 707 humanitate,
588 663 642 701 ita
662 675 722 700 me
738 662 835 700 deus
853 668 969 708 amet,
990 661 1197 700 scribendo
1217 662 1310 701 satis
1324 662 1509 713 consequi
1530 675 1608 701 non
1627 675 1718 714 pos-

249 740 347 765 sum.
380 726 523 764 Effecit
540 725 656 771 enim,
668 730 714 762 ut
731 724 838 763 aedes
852 724 946 762 mihi
960 724 1114 776 publice
1131 723 1329 771 darentur,
1344 731 1383 763 et
1401 724 1544 763 fundus
1561 724 1719 771 Camiri,

249 796 366 839 atque
385 788 467 838 ipse
480 778 602 826 *etiam
622 787 726 826 misit
744 787 856 826 nobis
876 794 1138 826 commeatum
1153 788 1218 839 qui
1233 788 1294 826 vel
1312 788 1351 825 in
1372 801 1517 826 annum
1536 789 1718 836 sufficiat,

249 863 324 888 non
347 849 439 887 mihi
458 856 624 897 tantum,
646 849 717 888 sed
745 856 784 888 et
810 850 1055 897 Teuthranti,
1076 857 1116 888 et
1144 850 1346 901 Oplistiae:
1373 850 1439 900 qui
1468 849 1625 901 quidem
1644 850 1718 889 etsi

246 913 373 950 minus
392 912 522 950 lautus
549 912 600 950 sit
632 925 750 962 quam
776 912 946 958 Atticus,
977 911 1098 951 veluti
1125 912 1201 950 mel
1228 917 1268 951 et
1292 912 1445 950 oleum:
1475 912 1562 950 talis
1585 918 1716 951 tamen

247 980 320 1021 est,
341 979 385 1011 ut
411 973 486 1012 hoc
505 974 697 1021 instructi,
717 973 827 1012 illum
848 987 924 1013 non
947 975 1203 1024 requiramus.
1241 974 1383 1012 Vinum
1410 979 1540 1012 autem
1560 974 1718 1013 vestrati

248 1036 373 1074 multo
392 1035 656 1087 praestantius,
686 1042 726 1074 et
754 1035 916 1074 bellaria
946 1036 1128 1075 confecta
1156 1049 1203 1074 ex
1234 1049 1335 1074 nuce
1365 1035 1493 1086 pinea,
1523 1035 1648 1074 farina
1678 1041 1719 1074 et

247 1098 508 1137 aromatibus:
541 1098 588 1136 de
620 1097 761 1149 quibus
790 1098 908 1137 etiam
939 1098 1008 1137 tibi
1037 1098 1184 1149 aliquid
1204 1098 1303 1136 misi.
1350 1098 1448 1136 Haec
1468 1097 1580 1136 nobis
1599 1097 1716 1144 misit,

245 1166 285 1197 et
311 1165 369 1198 tot
387 1159 572 1208 frumenti
592 1160 824 1205 medimnos,
847 1160 952 1199 unde
972 1173 1052 1198 non
1071 1173 1133 1198 me
1152 1165 1318 1206 tantum,
1337 1159 1409 1198 sed
1436 1172 1573 1198 omnes
1599 1159 1715 1197 etiam

248 1221 490 1260 Cothocidas
515 1228 737 1260 sustentare
756 1223 927 1273 possim:
958 1235 1003 1261 ac
1036 1222 1159 1260 multa
1179 1221 1294 1260 etiam
1315 1221 1391 1260 alia
1409 1228 1609 1273 praeterea,
1629 1234 1717 1272 quae

245 1284 412 1322 scribere
442 1284 579 1335 pudet,
612 1298 660 1322 ne
693 1284 842 1322 minuta
880 1283 1060 1335 quaedam
1094 1283 1313 1322 consectari
1350 1283 1495 1322 videar.
1543 1283 1716 1321 Tametsi

244 1346 347 1384 enim
369 1359 428 1383 res
444 1346 676 1397 perexiguas
689 1346 843 1384 maximi
859 1346 1006 1392 facere,
1024 1346 1245 1396 pusillitatis
1266 1345 1473 1396 cujusdam
1491 1350 1532 1382 et
1550 1344 1715 1382 inscitiae

215 1415 224 1420 “
244 1421 332 1445 esse
359 1414 478 1458 puto:
507 1415 640 1445 tamen
660 1408 721 1446 vel
742 1408 976 1446 tenuissimis
996 1407 1249 1445 humanitatis
1273 1406 1411 1445 officiis
1440 1420 1502 1445 me
1535 1405 1719 1455 devinciri

242 1469 379 1507 fateor.
409 1469 660 1521 ¹Suppeditat
692 1469 802 1508 nobis
824 1470 940 1508 etiam
962 1469 1202 1508 exoticorum
1223 1481 1403 1520 aprorum
1422 1474 1463 1506 et
1489 1480 1716 1519 caprearum

244 1530 419 1569 delicias.
468 1531 664 1570 Praeterea
691 1539 731 1570 et
749 1532 832 1584 ipse
860 1531 1032 1583 quotidie
1058 1530 1262 1570 nobiscum
1292 1537 1364 1576 est,
1387 1543 1534 1581 suaque
1554 1543 1626 1569 nos
1645 1530 1716 1568 im-

242 1591 359 1643 pertit
390 1591 595 1643 sapientia,
629 1605 717 1643 quae
751 1601 925 1632 nostram
964 1593 1135 1632 excellit.
1196 1593 1298 1630 Nam
1329 1605 1417 1642 quae
1448 1605 1522 1643 ego
1553 1598 1716 1644 accepto

243 1653 346 1691 malo
366 1653 497 1700 didici,
520 1667 566 1692 ea
589 1654 668 1701 ille,
690 1662 899 1705 antequam
929 1654 1097 1705 accipiat
1123 1653 1286 1700 malum,
1318 1666 1389 1691 sua
1408 1653 1598 1704 sapientia
1616 1667 1714 1705 prae—

241 1722 368 1762 cavet,
394 1723 435 1753 et
465 1728 558 1762 non,
589 1722 634 1753 ut
663 1716 878 1762 vaecordes,
910 1715 1152 1766 experientia
1182 1715 1382 1766 magistra.
1440 1714 1581 1766 Neq-ue
1614 1716 1715 1753 enim

241 1777 414 1829 capessit
435 1777 729 1828 rempublicam.
769 1778 827 1816 Ac
848 1784 1040 1829 quantum
1057 1777 1108 1816 ad
1129 1777 1376 1816 Cleocratem
1394 1777 1545 1824 attinet,
1565 1777 1715 1816 nullam

241 1840 358 1878 aliam
373 1840 584 1886 civitatem,
603 1839 781 1878 homines
811 1840 909 1878 alios
931 1840 1060 1878 nullos
1081 1839 1277 1887 desidero,
1297 1839 1368 1878 sed
1389 1839 1602 1878 admodum
1621 1839 1716 1877 mihi

241 1902 372 1953 placet
391 1915 478 1940 mea
498 1901 715 1948 calamitas,
736 1914 783 1939 ac
811 1902 899 1938 vitae
919 1901 1150 1952 principium
1177 1897 1329 1939 videtur
1356 1900 1609 1939 Atheniensis
1642 1901 1714 1939 rei-

240 1963 409 2015 publicae
436 1963 635 2014 effugium.
681 1963 731 2001 Et
763 1962 839 2001 hoc
865 1969 969 2001 statu
988 1976 1111 2014 usque
1134 1963 1234 2001 adeo
1254 1962 1441 2008 delector,
1469 1968 1514 2000 ut
1532 1963 1590 2013 (id
1607 1963 1714 2014 quod

243 2025 479 2076 Sophoclem
504 2025 587 2076 jam
621 2037 754 2063 senem
789 2024 839 2063 de
866 2025 943 2063 alia
974 2025 1145 2076 quadam
1165 2024 1366 2076 voluptate
1392 2024 1538 2062 dixisse
1568 2025 1713 2073 ferunt)

241 2087 398 2134 efficiat,
419 2093 462 2125 ut
488 2087 691 2138 voluptate
722 2086 948 2138 reipublicae
970 2087 1167 2138 gerendae,
1200 2093 1386 2137 tanquam
1418 2086 1572 2124 rabioso
1600 2100 1712 2132 cane,

241 2150 426 2187 liberatus
459 2149 553 2186 mihi
572 2149 718 2188 videar.
768 2147 896 2196 Unde,
918 2162 1008 2187 cum
1037 2148 1136 2188 ratio
1156 2149 1390 2195 dominatur,
1418 2155 1478 2187 ter
1496 2155 1713 2200 quaterque

241 2212 401 2249 beatum
429 2224 491 2249 me
518 2211 653 2261 judico
673 2212 722 2250 ob
742 2211 817 2250 hoc
838 2211 1040 2250 exsilium:
1082 2225 1171 2250 eum
1191 2217 1320 2249 autem
1339 2211 1509 2249 vicissim
1539 2211 1576 2248 in
1603 2224 1712 2250 men-

242 2281 321 2312 tem
340 2273 458 2319 venit,
479 2286 559 2311 non
587 2279 741 2312 tantum
761 2274 987 2320 amicorum,
1020 2287 1119 2326 quos
1139 2274 1225 2312 istic
1243 2273 1383 2319 habeo,
1404 2273 1473 2311 sed
1499 2279 1539 2311 et
1566 2287 1713 2325 cogna-

241 2342 381 2382 torum,
403 2341 441 2373 et
460 2336 675 2382 concionis,
695 2342 734 2374 et
754 2336 902 2388 Colytti
921 2338 1016 2387 (quo
1037 2337 1075 2374 in
1095 2336 1182 2374 loco
1202 2349 1244 2374 v.
1265 2342 1305 2374 et
1325 2348 1476 2373 xxxx.
1497 2349 1621 2375 annos
1642 2337 1711 2374 ha-

240 2397 376 2445 bitavi)
404 2403 443 2435 et
467 2397 713 2444 Alesichorii,
733 2405 773 2436 et
792 2397 1088 2449 colloquiorum,
1111 2411 1198 2449 quae
1216 2398 1269 2436 ibi
1287 2404 1418 2436 tecum
1438 2404 1478 2436 et
1508 2411 1597 2437 cum
1619 2398 1710 2436 Phi-

240 2459 319 2497 lino
338 2458 559 2505 habuimus,
580 2460 739 2510 sanguis
771 2460 895 2498 omnis
920 2460 958 2496 in
985 2459 1103 2498 alium
1123 2460 1314 2499 viscerum
1345 2460 1476 2512 locum
1506 2460 1644 2506 refluit,
1665 2473 1711 2498 ac

240 2521 333 2559 mihi
363 2521 573 2572 aliquando
607 2528 646 2560 et
675 2521 850 2560 convicia
869 2535 958 2573 quae
985 2521 1274 2560 Demosthenes
1293 2522 1333 2560 in
1353 2535 1414 2560 me
1443 2522 1550 2569 dixit,
1563 2522 1710 2573 jucun-

241 2582 400 2621 dissima
425 2583 617 2630 videntur,
643 2590 682 2621 et
712 2583 888 2630 dicteria,
920 2584 1060 2635 quibus
1090 2591 1233 2635 praeter
1265 2583 1559 2635 Ctesiphontem
1593 2597 1711 2624 nemo
1753 2594 1759 2597 “

241 2658 413 2696 unquam
434 2644 571 2683 arrisit.
617 2644 698 2683 Sed
717 2645 857 2683 modus
879 2651 963 2683 esto
983 2645 1240 2697 lacrymarum
1268 2652 1502 2684 nostrarum.
1541 2646 1600 2683 Tu
1619 2660 1710 2685 vero

243 2707 337 2744 felix
357 2706 424 2752 sis,
454 2720 582 2758 neque
611 2706 742 2744 omnia
761 2707 955 2745 duntaxat
983 2720 1144 2746 munera
1161 2707 1332 2758 publica,
1353 2707 1424 2746 sed
1445 2714 1484 2746 et
1505 2708 1708 2760 Leptinem

241 2769 378 2819 fugito,
398 2769 505 2819 quod
525 2775 564 2807 et
585 2767 697 2807 nobis
716 2768 892 2807 infensus
926 2775 996 2815 est,
1025 2775 1065 2807 et
1094 2769 1236 2819 alioqui
1266 2768 1356 2807 talis
1386 2775 1430 2807 ut
1460 2783 1548 2807 eum
1570 2770 1709 2809 vicisse

243 2829 334 2868 nihil
350 2830 583 2882 splendoris,
600 2832 649 2868 ab
662 2843 708 2868 eo
732 2837 955 2882 superatum
976 2843 1063 2869 esse
1082 2830 1304 2882 ignominiae
1325 2830 1531 2882 plurimum
1554 2832 1709 2870 habeat.

243 2890 372 2941 Atque
394 2891 431 2929 in
453 2891 587 2943 primis
599 2905 756 2939 moneo,
770 2899 814 2931 ut
830 2891 915 2943 ejus
935 2905 1171 2944 congressus
1190 2892 1341 2944 fugias:
1375 2893 1437 2934 sin
1451 2906 1542 2933 casu
1563 2892 1600 2932 in
1617 2907 1706 2932 eum
