1948 3306
307 202 385 238 610
679 197 964 236 ADVERSUS
996 195 1394 236 MACARTATUM.

308 310 347 342 et
361 303 541 355 pleraque
570 303 791 341 testimonia
809 302 918 349 dixit,
938 309 1126 341 venerunt
1141 302 1239 341 falso
1259 306 1494 341 testamento
1514 300 1761 339 concinnato.

309 364 424 408 Quod
444 364 599 415 quidem
619 371 906 410 testamentum,
926 377 1013 402 cum
1034 365 1082 402 ab
1101 364 1154 403 eis
1174 364 1346 402 oblatum
1361 368 1479 409 esset,
1492 362 1688 401 inventum
1708 366 1768 399 est

307 425 472 464 falsum:
503 439 628 478 neque
657 427 711 465 illi
735 427 1027 465 succubuerunt
1045 426 1184 473 solum,
1203 426 1272 464 sed
1291 432 1330 464 et
1348 438 1437 464 cum
1456 436 1607 462 summa
1625 424 1766 475 impro-

307 488 439 526 bitatis
460 487 640 541 opinione
659 502 679 527 e
693 488 843 540 judicio
870 488 1065 533 abierunt3
1100 488 1378 540 Theopompus
1405 493 1536 525 autem
1562 485 1768 524 Macartati

308 556 416 600 pater
442 557 523 588 tum
550 564 738 602 praesenS,
767 549 1031 601 proclamante
1059 563 1254 602 praecone,
1284 547 1515 600 numquis
1546 560 1694 599 agere
1722 547 1768 585 in

309 611 664 650 haereditatem
703 612 913 663 Hagniae
949 619 1037 650 aut
1073 620 1409 651 sacramento
1446 609 1768 649 contendere
1819 626 1824 636 =

309 673 476 712 vellet
519 673 627 711 sive
676 687 859 724 genere
902 673 1007 711 sive
1053 687 1107 711 ex
1153 678 1493 719 testamento,
1530 669 1770 709 contendere

310 742 552 774 sacramento
585 748 663 773 non
697 742 759 773 est
785 748 918 780 ausus,
949 736 1016 773 sed
1058 735 1138 787 ipse
1168 733 1453 786 pronunciavit,
1493 733 1544 772 ad
1582 746 1624 772 se
1663 731 1772 770 nulla

309 797 458 836 ratione
487 797 677 849 pertinere
708 797 876 848 Hagniae
905 797 1188 836 haereditatem.

366 862 402 897 3.
435 859 562 904 Quam
580 873 668 898 cum
690 867 811 897 mater
832 859 939 911 pueri
957 859 1088 911 hujus,
1105 858 1248 910 judicio
1268 858 1378 897 victis
1401 857 1629 896 adversariis
1649 855 1773 895 omni-

309 922 398 968 bus,
418 928 578 968 teneret,
599 921 654 959 ita
674 922 806 960 nefarii
837 922 992 960 fuerunt
1021 922 1097 967 isti,
1117 928 1159 959 ut
1179 935 1302 972 neque
1322 921 1361 958 in
1381 921 1534 972 legibus
1555 919 1686 958 vestris
1706 932 1774 956 ne-

310 997 385 1033 que
406 984 443 1020 in
463 983 665 1022 sententiis
679 983 856 1035 judicum
876 983 1198 1034 acquiescendum
1217 983 1291 1021 sibi
1309 996 1397 1021 esse
1409 982 1595 1034 putarint,
1611 981 1681 1019 sed
1699 993 1776 1032 quo

304 1046 390 1096 jure
411 1053 489 1096 qua
502 1045 639 1097 injuria
659 1044 807 1082 mulieri
828 1058 959 1083 rursus
978 1046 1124 1097 eripere
1142 1044 1412 1083 haereditatem
1432 1057 1547 1095 quam
1568 1043 1603 1081 ei
1623 1055 1691 1081 vos
1706 1042 1777 1080 ad-

310 1107 493 1145 dixeratis
514 1106 766 1145 instituerint:
798 1106 927 1157 itaque
955 1107 1220 1158 conjuratione
1248 1106 1354 1145 facta
1381 1111 1421 1144 et
1446 1104 1592 1143 foedere
1613 1104 1713 1143 inter
1733 1116 1776 1142 se

311 1169 390 1207 icto
416 1160 539 1220 eoque
568 1168 671 1220 apud
693 1168 880 1206 Medeum
905 1168 1150 1219 Hagnusium
1171 1169 1362 1220 deposito,
1381 1167 1659 1218 Theopompus
1689 1165 1778 1203 Ma-

312 1231 448 1269 cartati
485 1239 609 1282 pater,
643 1237 683 1268 et
716 1229 881 1276 Glauco,
911 1237 949 1267 et
982 1230 1157 1268 Glaucus
1194 1229 1301 1281 prius
1331 1229 1468 1276 victus,
1503 1228 1579 1267 alio
1607 1227 1778 1279 quodam

312 1292 555 1331 familiarium
586 1298 724 1343 quarto
754 1292 1221 1343 adhibito—Eupolemus
1241 1287 1438 1330 ei‘nomen
1466 1297 1615 1334 erat-,
1636 1289 1676 1326 hi
1694 1302 1777 1327 om-

312 1369 380 1393 nes
410 1347 672 1393 communiter
692 1354 875 1400 insidiati,
896 1354 1066 1392 citarunt
1083 1354 1281 1392 mulierem
1299 1353 1349 1391 ad
1365 1359 1570 1405 praetorem
1587 1351 1636 1390 ad
1650 1351 1778 1390 disce-

310 1417 526 1468 ptationem
548 1417 766 1468 Hagnianae
797 1417 1049 1462 haereditatis,
1069 1416 1156 1468 lege
1190 1416 1278 1454 freti
1297 1429 1385 1467 quae
1413 1416 1582 1467 juberet,
1603 1410 1692 1453 euin
1712 1415 1780 1466 qui

313 1478 473 1517 adiisset
488 1468 754 1517 haereditatem
770 1486 809 1517 et
826 1486 977 1517 teneret
991 1479 1113 1525 citari,
1127 1478 1158 1516 si
1173 1479 1258 1530 quis
1273 1479 1310 1516 in
1331 1478 1497 1531 eandem
1513 1490 1628 1529 agere
1648 1477 1780 1527 vellet.

306 1542 400 1584 ‚Hos
422 1543 485 1580 ubi
505 1550 646 1593 praetor
666 1542 703 1579 in
718 1541 907 1593 judicium
928 1541 1056 1597 duint,
1069 1550 1109 1579 et
1128 1554 1246 1579 causa
1265 1541 1421 1591 agenda
1434 1540 1519 1588 fuit,
1535 1547 1617 1579 tum
1633 1540 1709 1578 alia
1723 1539 1779 1578 eis

314 1604 679 1655 omnia'praeparata
707 1606 866 1642 fuerunt
893 1604 943 1642 ad
972 1604 1175 1655 judicium,
1196 1610 1279 1641 tum
1301 1616 1426 1653 aquae,
1447 1602 1497 1641 ad
1518 1615 1634 1654 quam
1654 1602 1781 1641 disce-

313 1666 504 1717 ptandum
535 1672 631 1712 erat,
665 1666 884 1717 quadruplo
912 1665 1000 1716 plus
1033 1665 1141 1704 nobis
1176 1671 1435 1717 acceperunt:
1469 1678 1632 1704 necesse
1664 1665 1781 1711 enim,

314 1728 336 1765 J
344 1728 493 1774 udices,
513 1727 684 1766 habebat
701 1734 844 1779 praetor
864 1727 1090 1779 amphoram
1118 1727 1327 1777 unicuique
1353 1734 1623 1765 accusatorum
1651 1726 1781 1765 infun-

316 1789 421 1834 dere,
437 1797 474 1827 et
504 1796 582 1827 tres
602 1789 721 1827 choas
741 1789 944 1840 posteriori
964 1789 1137 1828 orationi.
1195 1789 1362 1827 Proinde
1381 1789 1497 1827 fiebat
1516 1797 1560 1826 ut
1579 1802 1652 1840 ego
1673 1789 1783 1826 muli-

317 1851 389 1888 eris
410 1851 604 1896 defensor,
625 1864 703 1888 non
734 1851 849 1888 modo
870 1851 918 1888 de
940 1863 1096 1902 genere,
1116 1857 1156 1888 et
1182 1850 1334 1888 caeteris
1354 1863 1443 1901 quae
1468 1851 1637 1889 dicenda
1656 1859 1782 1898 erant,

310 1911 506 1963 judicibus
526 1925 612 1950 meo
633 1912 815 1950 arbitratu
844 1925 996 1950 narrare
1028 1925 1106 1949 non
1132 1925 1303 1963 possem,
1324 1912 1393 1950 sed
1413 1926 1460 1951 ne
1480 1913 1677 1951 minimam
1698 1914 1783 1965 qui-

318 1975 406 2012 dem
423 1974 727 2021 mendaciorum,
743 1987 829 2024 quae
846 1975 884 2012 in
900 1987 970 2012 nos
986 1981 1278 2025 congesserant,
1298 1980 1447 2025 partem
1466 1974 1650 2013 refutare:
1671 1975 1784 2026 quin-

318 2044 399 2074 tam
420 2036 520 2074 enirn
541 2049 653 2087 aquae
673 2043 820 2087 partem
841 2036 1045 2075 habebam.
1102 2037 1231 2087 Atque
1249 2036 1289 2074 id
1306 2036 1503 2075 artificium
1525 2036 1621 2075 illud.
1640 2037 1726 2086 fuit,
1740 2046 1784 2076 ut

318 2098 391 2149 ipsi
410 2098 508 2136 inter
527 2111 568 2136 se
590 2098 833 2137 colluderent
852 2111 896 2137 ac
918 2106 1073 2137 mutuas
1094 2100 1291 2138 traderent
1308 2112 1446 2151 operas
1464 2100 1672 2152 omniaque
1691 2114 1784 2139 con-

320 2160 531 2206 (iterentur,
565 2159 614 2198 de
647 2160 756 2198 nobis
788 2166 917 2198 autem
938 2174 984 2198 ea
1004 2161 1178 2200 dicerent
1203 2175 1290 2212 quae
1321 2175 1520 2212 nunquam
1546 2161 1654 2201 *facta
1679 2169 1784 2201 sunt.

322 2221 422 2259 Cum
442 2222 559 2272 igitur
579 2221 629 2259 ad
649 2235 736 2260 eum
757 2223 914 2260 modum
935 2222 1074 2261 insidia
1095 2223 1328 2262 struxissent
1346 2231 1385 2262 et
1404 2224 1624 2276 conjunctis
1639 2223 1784 2263 viribus

321 2296 393 2320 nos
423 2291 709 2334 oppugnarent,
734 2284 897 2322 cadiscis
928 2291 1091 2335 quatuor
1119 2298 1166 2323 ex
1194 2285 1281 2336 lege
1309 2285 1458 2337 positis,
1480 2285 1651 2338 judices,
1679 2286 1786 2337 quod

322 2343 502 2394 equidem
522 2357 598 2381 non
619 2344 747 2391 miror,
768 2345 920 2396 decepti
940 2345 1040 2383 inter
1061 2360 1146 2384 sese
1166 2346 1446 2392 dissenserunt,
1469 2353 1585 2398 atque
1603 2347 1678 2385 illis
1697 2347 1786 2385 arti-

322 2406 419 2443 ficiis
433 2406 584 2444 seducti
605 2406 643 2443 id
662 2407 983 2457 pronunciarunt‚
1004 2408 1110 2458 quod
1131 2408 1339 2459 unicuique
1358 2409 1398 2447 in
1415 2410 1580 2448 buccam
1599 2416 1760 2447 venerat
1776 2422 1786 2448 :

323 2466 539 2517 calculique
564 2466 699 2517 paucis
732 2467 888 2504 omnino
919 2468 1059 2519 plures,
1082 2469 1141 2506 vel
1171 2469 1292 2508 tribus
1319 2470 1379 2509 vel
1400 2478 1578 2522 quatuor,
1597 2471 1636 2508 in
1663 2470 1788 2509 Theo-

323 2528 455 2579 pompi
481 2528 649 2575 cadisco,
665 2542 782 2579 quarn
802 2530 841 2567 in
860 2530 1046 2576 mulieris,
1065 2537 1156 2568 sunt
1174 2531 1331 2570 inventi.
1624 2576 1626 2578 v

379 2593 418 2627 4.
448 2590 505 2628 Ac
541 2596 622 2628 turn
651 2590 736 2628 haec
766 2598 855 2629 acta
879 2592 1048 2638 fuerunt,
1076 2591 1259 2631 Judices:
1289 2600 1694 2645 posteaquamautem
1713 2595 1789 2634 hoc

325 2664 447 2702 puero
468 2658 560 2690 nato
581 2658 733 2703 tempus
753 2666 840 2691 esse
859 2653 1076 2701 videbatur,
1096 2667 1170 2705 ego
1199 2668 1276 2693 non
1308 2656 1428 2695 iratus
1448 2657 1498 2695 ob
1518 2669 1567 2695 ea
1583 2669 1671 2707 quae
1689 2657 1791 2695 acci-

327 2714 480 2761 derant,
500 2715 571 2752 sed
589 2713 799 2752 humanum
821 2715 1006 2766 quiddam
1028 2716 1216 2755 accidisse
1236 2724 1342 2758 ratus
1360 2719 1462 2757 illius
1487 2719 1671 2771 temporis
1683 2719 1790 2772 judi-

327 2775 450 2821 cibus,
470 2775 666 2814 introduxi
685 2776 736 2814 ad
757 2776 920 2816 curiales
943 2778 1109 2830 Hagniae
1131 2779 1364 2819 Eubulidem
1385 2793 1546 2833 puerum
1565 2780 1684 2828 hunc,
1703 2782 1790 2832 ejus

326 2836 406 2874 filia
435 2844 581 2885 natum,
603 2845 647 2876 ut
674 2852 724 2877 ne
755 2842 835 2887 ejus
866 2840 1010 2878 familia
1039 2840 1293 2881 desolaretur.
1354 2842 1395 2881 Is
1429 2842 1532 2881 enim
1559 2842 1790 2889 Eubulides,

327 2897 500 2944 Judices,
522 2899 689 2950 Hagniae
712 2913 853 2951 genere
883 2902 1094 2953 proximuS‚
1113 2903 1150 2940 in
1182 2903 1311 2954 primis
1343 2904 1501 2956 quidem
1531 2905 1740 2956 exoptabat
1768 2917 1791 2943 a

328 2958 401 2997 diis
434 2959 503 2998 sibi
525 2964 632 3000 nasei
652 2962 787 3008 filium,
810 2964 1139 3014 quemadmodum
1168 2965 1202 3004 ei
1228 2973 1266 3005 et
1291 2966 1370 3006 filia
1393 2967 1503 3019 pueri
1531 2967 1649 3017 hujus
1664 2973 1790 3005 mater
