1948 3306
358 187 436 225 656
648 183 707 223 IN
739 183 1011 223 EVERGUM
1040 184 1108 223 ET
1138 182 1521 222 MNESIBULUM.

357 287 554 340 telligatis‚
569 301 685 340 quarn
706 288 837 327 multis
858 295 897 327 et
914 300 987 340 ego
1006 287 1077 325 sim
1097 286 1259 327 affectus
1276 287 1434 339 injuriis,
1455 293 1496 325 et
1511 293 1554 324 ut
1566 285 1719 338 judices
1737 285 1805 324 de·

354 350 460 403 cepti
478 350 635 398 fuerint,
653 358 693 389 et
711 357 755 390 ut
772 351 835 389 isti
855 350 954 390 falsa
972 348 1164 389 testificati
1185 350 1274 389 sint.

408 413 448 450 2.
478 406 562 450 Etsi
592 419 722 451 autem
743 411 908 451 maxime
932 411 1071 449 vellem
1088 424 1167 449 non
1191 410 1331 450 secessi
1349 410 1441 449 mihi
1461 409 1678 462 negotium:
1707 416 1806 449 atta-

355 486 444 511 men
464 474 496 512 si
514 475 575 512 cui
595 475 725 526 quieto
745 486 831 512 esse
851 487 927 512 non
947 472 1050 519 licet,
1064 472 1157 511 illud
1171 473 1390 526 jucundum
1406 479 1478 519 est,
1494 486 1580 511 cum
1599 472 1644 510 iis
1657 472 1807 524 litigare

358 535 424 586 qui
442 535 548 574 vobis
570 536 690 588 ignoti
711 549 788 574 non
807 541 912 574 sunt.
968 535 1086 574 Nunc
1105 535 1255 587 longior
1274 549 1297 575 a
1315 549 1376 574 me
1395 542 1566 574 sumetur
1585 534 1704 573 oratio
1723 547 1808 575 mo-

356 597 463 637 ribus
495 611 625 637 eorum
660 597 932 648 ostendendis,
961 610 1076 649 quam
1115 598 1326 638 testimonii
1355 597 1525 637 falsitate
1560 595 1829 642 revincenda„

357 658 459 699 Nam
479 659 517 697 id
537 659 693 710 quidem
717 673 804 699 esse
831 659 988 707 falsum,
1012 659 1087 712 ipsi
1115 659 1209 698 mihi
1236 660 1443 700 ostendere
1470 659 1662 706 videntur,
1680 670 1808 711 neque

355 734 430 773 ego
450 732 610 759 necesse
630 721 759 760 habeo
779 728 898 761 testes
918 721 1028 770 alios,
1048 735 1164 774 quam
1182 721 1267 760 illos
1284 721 1404 774 ipsos,
1422 722 1648 776 producere.
1705 721 1809 760 Nam

355 795 435 834 qua
449 783 503 820 eis
522 781 669 821 ratione
694 782 827 821 liceret
844 782 997 822 liberari
1016 783 1178 836 negotiis
1198 796 1271 822 nec
1295 784 1335 822 in
1353 791 1482 823 vestro
1493 784 1642 837 judicio
1657 783 1809 836 pericli·

353 843 439 892 tari,
466 849 506 882 et
536 844 664 896 reIpsa
696 844 907 884 testimonii
938 844 1139 885 veritatem
1168 846 1408 894 confirmare,
1434 845 1628 885 mulierem
1655 844 1808 885 tradere

355 906 573 953 noluerunt,
593 919 710 958 quam
736 906 775 945 in
807 908 1065 958 quaestionem
1084 908 1175 947 dare
1193 908 1364 947 voluisse
1382 908 1674 960 Theophemum
1703 908 1809 961 apud

354 967 539 1006 arbitrum
557 967 825 1020 Pythodorum
853 969 1074 1008 Cedensem
1100 969 1297 1009 testificati
1324 977 1428 1018 sunt,
1447 976 1488 1009 et
1507 983 1622 1022 quam
1643 983 1719 1021 ego
1746 982 1808 1008 me

350 1036 596 1081 recepturum
616 1043 702 1069 sum
721 1031 932 1082 professus,
948 1038 992 1071 ut
1006 1039 1127 1071 testes
1145 1033 1308 1084 quitum
1324 1031 1469 1072 affuere
1486 1031 1594 1071 vobis
1609 1032 1647 1070 in
1658 1031 1808 1082 judicio

353 1092 550 1133 testificati
567 1100 670 1142 sunt,
699 1101 739 1132 et
767 1108 872 1134 nunc
898 1095 1014 1134 etiam
1042 1095 1378 1134 testificabuntur:
1407 1108 1504 1147 quos
1533 1094 1809 1147 Theophemus

352 1154 447 1206 ipse,
461 1162 505 1213 ut
522 1159 614 1196 vera
626 1156 873 1206 testificatos,
892 1171 1019 1210 neque
1036 1157 1248 1207 accusavit,
1262 1171 1387 1209 neque
1398 1157 1488 1198 falsi
1501 1156 1707 1197 testimonii
1723 1169 1807 1197 reos

353 1219 446 1270 egit.

408 1283 448 1319 3.
479 1283 611 1333 Atque
631 1282 730 1321 adeo
756 1281 828 1333 ipsi
857 1282 938 1320 fere
967 1282 1007 1321 in
1035 1283 1256 1322 testimonio
1283 1283 1533 1329 confitentur,
1554 1281 1722 1320 voluisse
1742 1293 1806 1319 me

348 1343 551 1382 admittere
570 1344 781 1390 mulierem,
801 1344 1090 1395 Theophemum
1114 1352 1242 1383 autem
1261 1344 1412 1383 differre
1419 1343 1596 1395 jussisse,
1615 1343 1731 1394 idque
1746 1355 1807 1380 me

351 1405 604 1444 detractasse.
662 1406 789 1448 Quam
809 1419 898 1445 vero
928 1413 966 1444 et
993 1419 1068 1458 ego
1102 1406 1305 1444 admittere
1332 1405 1452 1453 volui,
1477 1411 1516 1442 et
1535 1403 1806 1455 Theophemus

351 1467 589 1505 obtulit—ut
620 1466 682 1504 isti
712 1466 886 1514 aiunt——,
912 1467 1024 1518 cujus
1060 1473 1188 1504 tamen
1217 1479 1355 1518 eorpus
1384 1479 1498 1504 nemo
1534 1465 1670 1503 adesse
1699 1464 1807 1512 vidit,

352 1541 478 1580 neque
507 1535 599 1566 tunc
632 1528 735 1579 apud
756 1527 954 1573 arbitrum,
976 1541 1098 1580 neque
1127 1529 1166 1566 in
1187 1529 1334 1579 judicio
1361 1532 1463 1580 post,
1482 1540 1606 1578 neque
1632 1526 1722 1564 alibi
1741 1539 1807 1564 us-

350 1602 468 1641 quam
487 1589 684 1634 traditum,
706 1602 791 1626 eam
812 1589 1008 1628 testificati
1027 1590 1090 1628 isti
1111 1598 1215 1637 sunt,
1236 1591 1386 1629 tradere
1416 1589 1585 1628 voluisse
1604 1588 1808 1640 Theophe-

349 1664 455 1688 mum
474 1657 514 1689 et
528 1650 714 1688 obtulisse
730 1664 740 1689 :
770 1650 931 1689 Judices
952 1657 1082 1690 autem
1099 1653 1245 1704 opinati
1267 1659 1370 1699 sunt,
1386 1664 1517 1690 verum
1537 1664 1619 1689 esse
1638 1650 1678 1688 id
1698 1649 1808 1688 testi-

352 1712 523 1751 monium
544 1725 554 1756 ;
583 1725 643 1749 me
663 1724 753 1749 vero
784 1724 966 1750 recusare
993 1726 1070 1763 quo
1089 1713 1215 1752 minus
1236 1727 1257 1752 e
1276 1714 1434 1752 muliere
1458 1713 1737 1764 perquireretur
1757 1711 1807 1749 de

350 1774 634 1823 verberatione,
654 1780 741 1811 uter
766 1782 942 1812 nostrum
968 1776 1071 1826 prior
1090 1789 1158 1827 per
1175 1775 1354 1828 injuriam
1372 1775 1482 1814 alteri
1501 1788 1637 1813 manus
1657 1773 1806 1812 attulis-

352 1842 424 1873 set.
471 1835 559 1873 Hoc
572 1834 672 1872 enirn
691 1834 763 1872 sibi
776 1835 860 1873 vult
873 1836 1152 1874 verberationis
1166 1838 1339 1875 verbum.
1379 1836 1567 1888 Nunquid
1585 1848 1678 1886 ergo
1698 1835 1808 1873 aliter

351 1895 432 1933 fieri
452 1901 580 1946 potest
598 1893 690 1945 quin
708 1894 807 1933 falsa
835 1895 900 1934 isti
929 1897 1122 1935 testificati
1148 1897 1236 1945 sint,
1256 1898 1323 1949 qui
1351 1912 1399 1936 ne
1428 1911 1534 1936 nunc
1561 1897 1717 1948 quidem
1736 1908 1806 1934 au-

350 1956 443 1994 dent
476 1969 614 2008 corpus
650 1956 820 1995 mulieris
859 1957 1107 1997 tradere—id
1143 1959 1249 2010 quod
1284 1959 1473 1997 obtulisse
1511 1958 1807 2009 Theophemum

350 2017 543 2064 dixerunt,
571 2018 680 2069 eique
699 2018 894 2056 testificati
923 2027 1082 2067 sunt—,
1102 2027 1140 2058 et
1158 2021 1364 2059 testimonii
1382 2021 1581 2059 veritatem
1601 2019 1685 2071 ipso
1703 2019 1807 2058 facto

350 2080 590 2127 confirmare,
610 2087 650 2118 et
671 2086 792 2119 testes
819 2081 997 2119 molestia
1015 2083 1263 2134 periculoque
1292 2083 1470 2129 liberare,
1493 2082 1635 2121 tradito
1654 2081 1807 2120 ancillae

349 2154 523 2193 corpore,
543 2148 587 2179 ut
616 2142 838 2193 exquiratur
864 2155 887 2180 a
915 2144 1073 2181 muliere
1096 2144 1144 2182 de
1166 2145 1444 2192 verberatione,
1465 2157 1541 2196 quo
1560 2156 1634 2196 ego
1657 2143 1807 2196 judicio

350 2203 645 2256 Theophemum
665 2216 889 2255 persequor,
909 2205 1090 2256 quoniam
1110 2219 1194 2244 eam
1221 2213 1303 2244 tum
1330 2219 1409 2245 non
1428 2205 1614 2254 exhibuit,
1633 2212 1673 2244 et
1691 2218 1808 2256 argu-

352 2273 524 2304 mentum
546 2279 593 2304 ex
612 2266 669 2313 iis,
690 2267 829 2318 quibus
850 2273 933 2305 tum
963 2266 1240 2319 Theophemus
1261 2269 1438 2307 dicendis
1459 2267 1613 2320 decepit
1631 2263 1824 2314 Judices‚'

352 2334 525 2365 sumatur
539 2326 555 2363 ἲ

403 2390 441 2426 4.
465 2389 610 2426 Aiebat
637 2389 738 2428 enim
765 2390 803 2427 in
835 2402 956 2428 causa
973 2392 1267 2438 verberationis,
1299 2398 1418 2431 testes
1451 2392 1518 2443 qui
1547 2390 1737 2430 affuerant
1767 2397 1807 2430 et

346 2450 590 2488 testabantur
607 2463 653 2489 ea
672 2465 758 2503 quae
778 2452 879 2489 facta
897 2452 1050 2491 fuerant
1069 2453 1108 2490 in
1130 2455 1265 2492 tabula
1283 2468 1332 2493 ex
1351 2455 1452 2506 lege,
1473 2453 1592 2492 falsos
1612 2466 1699 2492 esse
1724 2460 1763 2491 et
1782 2465 1806 2491 a

346 2526 409 2550 me
437 2514 689 2553 subornatos:
719 2514 919 2552 mulierem
948 2528 1038 2553 vero
1069 2529 1156 2567 quae
1176 2516 1352 2555 affuisset
1378 2529 1470 2554 vera
1502 2516 1704 2563 dicturam,
1725 2528 1805 2554 non

344 2575 489 2614 tabella
506 2576 766 2622 testificando,
786 2579 855 2617 sed
871 2578 1089 2617 firmissimo
1108 2579 1342 2627 testimonio,
1359 2579 1571 2626 tormentis,
1590 2585 1677 2617 uter
1705 2579 1808 2630 prior

343 2651 412 2689 per
432 2637 609 2690 injuriam
635 2652 773 2679 manus
793 2639 903 2677 alteri
923 2639 1131 2679 intulisset.
1188 2642 1339 2686 Quibus
1356 2654 1446 2680 vero
1464 2648 1548 2680 tum
1566 2640 1689 2680 verbis
1708 2641 1806 2678 abu-

344 2699 464 2737 tendo
493 2705 535 2737 et
564 2706 684 2738 testes
717 2701 982 2752 producendo,
1002 2701 1161 2741 Judices
1189 2703 1358 2755 decepit,
1376 2716 1422 2742 ea
1452 2715 1557 2741 nunc
1589 2703 1689 2741 falsa
1717 2715 1806 2742 esse

343 2760 696 2812 deprehenduntur.
753 2763 907 2814 Corpus
944 2763 1046 2802 enim
1078 2764 1247 2803 mulieris
1281 2765 1429 2804 tradere
1460 2779 1539 2804 non
1570 2765 1702 2813 audet,
1733 2766 1804 2804 sed

342 2823 492 2862 mavult
508 2824 665 2864 fratrem
685 2832 724 2863 et
743 2825 898 2864 affinem
912 2825 1001 2864 falsi
1026 2827 1232 2865 testimonii
1245 2827 1397 2878 judicio
1416 2828 1641 2875 conflictari,
1656 2827 1804 2866 mavult

341 2885 513 2932 eosdem,
532 2886 640 2925 vobis
659 2887 934 2926 commentitiis
955 2888 1079 2927 verbis
1100 2895 1140 2927 et
1157 2889 1494 2941 deprecationibus
1515 2890 1545 2928 si
1563 2890 1719 2941 possint
1734 2889 1802 2927 de-

341 2947 477 2999 ceptis,
496 2948 659 2997 absolvi,
677 2962 793 3001 quam
822 2949 982 2989 muliere
1003 2950 1157 2999 tradita,
1184 2950 1238 2990 ita
1256 2957 1299 2990 ut
1316 2964 1470 3003 aequum
1492 2958 1566 3000 est,
1581 2951 1685 2990 omni
1703 2952 1803 3003 peri-
