1915 3356
600 177 656 214 IN
688 174 1143 215 CTESIPHONTEM.
1564 177 1613 212 79

148 280 256 318 vobis
287 280 493 330 impetrata
520 285 560 318 et
586 293 674 318 cum
694 279 912 331 plebiscito,
933 283 1139 328 postquam
1166 290 1347 330 magnam
1370 292 1392 316 a
1410 277 1521 315 vobis
1541 278 1610 315 ini-

147 342 270 380 verint
289 340 466 392 gratiam,
486 341 554 379 sed
569 342 642 393 ipsi
663 341 733 379 sibi
748 342 910 378 honorem
925 338 1188 390 praeripientes
1210 340 1355 390 absque
1377 339 1532 377 decreto
1548 352 1612 376 ve-

146 409 239 441 stro.
278 403 335 440 Ea
353 416 466 454 porro
487 403 634 441 ratione
654 403 785 448 fiebat,
800 408 843 438 ut
865 407 1104 451 spectatores
1125 407 1164 437 et
1182 400 1362 439 ludorum
1384 400 1560 452 praefecti
1577 408 1617 438 et

145 463 351 502 histriones
371 465 733 508 interturbarentur,
751 463 816 513 qui
832 469 962 500 autem
982 461 1020 499 in
1040 462 1190 500 theatro
1206 463 1521 513 praedicabantur
1533 476 1615 501 ma-

139 524 266 576 jorem
281 525 467 563 honorem
484 531 829 576 consequerentur,
849 536 965 574 quam
980 523 1005 561 ii
1020 524 1160 574 quibus
1173 536 1356 561 coronam
1372 524 1531 562 donavit
1545 537 1614 575 po-

144 588 274 638 pulus,
306 587 378 625 His
398 586 499 624 enim
513 586 624 624 locus
640 593 722 624 erat
736 593 865 624 certus
883 585 1132 629 constitutus,
1151 584 1288 623 concio
1301 585 1462 632 scilieet,
1483 586 1521 623 in
1539 599 1617 637 qua

146 655 276 687 essent
294 647 521 692 coronandi,
544 654 660 698 atque
680 647 929 686 interdictum
944 653 1026 685 erat
1048 659 1097 683 ne
1117 646 1270 697 uspiam
1290 646 1379 683 alibi
1398 646 1614 696 proclama-

146 717 303 753 rentur3
325 710 373 747 de
393 710 439 747 iis
460 722 551 747 vero
572 722 699 747 coram
721 709 907 747 universis
926 709 1078 747 Graecis
1095 714 1178 746 erat
1191 707 1470 759 praedicatum:
1503 721 1545 745 ae
1562 708 1616 745 illi

147 771 301 822 quidem
321 784 409 809 cum
432 772 604 818 decreto,
623 772 733 809 vobis
763 772 1036 817 annuentibus,
1055 770 1095 808 hi
1122 776 1251 808 autem
1277 770 1426 819 absque
1447 768 1617 807 decreto.

149 832 247 870 Haec
263 846 350 871 cum
370 833 572 884 legislator
592 833 749 884 quidam
771 833 1122 879 animadvertisset,
1143 830 1268 883 legem
1290 837 1402 881 rogat
1418 830 1513 868 nihil
1531 844 1620 869 cum

146 892 237 945 lege
251 895 305 932 ·de
325 895 370 933 iis
394 895 462 945 qui
491 908 515 933 a
532 895 677 945 populo
697 901 932 933 coronantur
953 907 1156 933 commune
1179 893 1401 937 habentem,
1428 906 1555 943 neque
1573 906 1620 931 ea

148 955 335 1006 abrogata
363 958 458 1004 (non
486 955 587 993 enim
609 955 746 993 concio
767 956 1007 1001 turbabatur,
1029 956 1099 993 sed
1119 955 1342 1000 theatrum),
1375 966 1502 1004 neque
1531 955 1619 1005 lege

148 1029 265 1054 suasa
283 1016 388 1067 prius
414 1016 582 1067 receptis
614 1017 769 1066 legibus
798 1016 962 1054 adversa
981 1020 1076 1065 (non
1097 1016 1200 1053 enim
1221 1015 1280 1052 fas
1303 1017 1391 1062 est),
1413 1015 1483 1052 sed
1504 1015 1552 1053 de
1573 1016 1619 1054 iis

146 1078 244 1115 illam
260 1079 358 1124 tulit,
375 1079 441 1129 qui
458 1078 541 1115 sine
562 1083 693 1115 vestro
709 1077 866 1115 decreto
878 1090 1022 1130 corona
1037 1078 1274 1115 donarentur
1295 1090 1317 1115 a
1330 1076 1536 1114 tribulibus
1555 1085 1622 1115 aut

147 1139 414 1191 popularibus,
437 1139 485 1177 de
501 1138 545 1176 iis
565 1138 631 1189 qui
651 1151 782 1176 servos
804 1151 895 1176 suos
916 1138 1246 1185 manumitterent,
1268 1138 1316 1176 de
1338 1139 1488 1176 coronis
1510 1139 1619 1177 deni-

148 1214 224 1252 que
239 1201 510 1253 hospitalibus.
543 1201 606 1238 Ac
621 1201 764 1238 diserte
780 1206 898 1246 vetat,
915 1214 964 1239 ne
984 1201 1066 1251 quis
1087 1201 1124 1238 in
1143 1201 1294 1239 theatro
1311 1213 1466 1239 servum
1481 1214 1618 1239 manu-

149 1263 290 1309 mittat,
305 1276 402 1301 neve
420 1262 468 1300 de
487 1263 532 1300 iis
553 1262 789 1313 praeconium
808 1263 888 1308 fiat,
910 1275 1007 1312 quos
1029 1262 1189 1300 tribules
1210 1269 1279 1300 aut
1296 1262 1518 1313 populares,
1542 1270 1622 1300 aut

149 1325 192 1363 al
205 1325 237 1363 ii
268 1324 441 1376 quivis
462 1336 608 1362 corona
622 1323 785 1369 donent,
800 1323 943 1374 alioqui
957 1323 1116 1362 infamia
1131 1324 1374 1374 notarijubet
1388 1336 1619 1374 praeconem.

207 1388 269 1424 18.
301 1386 400 1434 Cum
420 1385 537 1436 igitur
554 1385 611 1432 iis,
633 1386 699 1436 qui
730 1399 753 1423 a
781 1392 921 1424 senatu
952 1391 1201 1431 coronantur,
1234 1385 1377 1423 curiam
1409 1385 1623 1436 designarit

148 1449 188 1487 in
208 1461 284 1499 qua
297 1447 571 1498 praedicentur,
591 1446 636 1484 iis
658 1447 723 1497 qui
743 1460 766 1485 a
784 1446 931 1498 populo
954 1447 1196 1492 concionem,
1229 1447 1276 1484 de
1296 1447 1341 1485 iis
1362 1453 1492 1485 autem
1513 1449 1578 1497 qui
1598 1461 1621 1486 a

150 1509 355 1548 tribulibus
374 1515 441 1547 aut
459 1508 709 1560 popularibus
729 1509 964 1546 honestantur
976 1508 1216 1560 praeconium
1232 1508 1313 1545 fieri
1334 1508 1496 1546 vetuerit
1511 1509 1547 1545 in
1564 1509 1622 1546 lu-

151 1571 211 1609 dis
225 1570 394 1622 tragicis,
410 1584 458 1609 ne
479 1571 564 1621 quis
585 1577 751 1608 coronas
772 1571 811 1608 ‘et
828 1571 1027 1621 praeconia
1045 1577 1234 1622 tanquam
1256 1570 1393 1621 stipem
1410 1583 1620 1622 corrogans

148 1633 249 1671 falsa
267 1632 489 1671 meritorum
509 1632 613 1671 fama
627 1632 858 1684 perfruatur,
878 1632 1041 1670 vetuerit
1060 1632 1217 1684 insuper
1235 1631 1274 1669 in
1296 1631 1381 1682 lege
1402 1645 1450 1670 ne
1471 1633 1519 1670 ab
1540 1633 1620 1671 ullo

151 1695 228 1733 alio
253 1695 500 1746 praedicetur,
520 1695 688 1733 exclusis
711 1701 847 1733 senatu
868 1702 905 1733 et
924 1695 1074 1746 populo
1101 1701 1141 1732 et
1166 1694 1370 1732 tribulibus
1394 1702 1432 1732 et
1459 1696 1619 1746 popula-

150 1757 282 1795 ribus:
310 1756 394 1795 haec
414 1757 573 1808 inquam
592 1757 658 1794 ubi
686 1757 888 1802 demseris,
909 1757 1002 1807 quid
1027 1756 1217 1807 reIIquum
1237 1763 1298 1794 est
1322 1763 1464 1807 praeter
1489 1758 1620 1809 hospi-

153 1819 250 1857 tales
279 1818 471 1857 coronas?
502 1820 602 1862 Quae
632 1832 719 1857 vere
755 1832 779 1856 a
809 1832 869 1857 me
903 1819 993 1865 dici,
1014 1832 1159 1869 magno
1187 1818 1296 1856 vobiS
1319 1826 1548 1869 argumento
1575 1833 1623 1858 ex

149 1881 244 1931 ipsis
270 1880 502 1931 deprompto
528 1880 680 1932 legibus
699 1881 919 1919 ostendam.
968 1881 1101 1931 Ipsam
1122 1880 1222 1917 enim
1244 1893 1399 1918 auream
1420 1894 1619 1927 coronam,

150 1955 240 1993 quae
258 1941 297 1978 in
316 1942 467 1979 theatro
486 1942 526 1978 in
546 1942 640 1979 urbe
656 1942 937 1992 promulgetur,
953 1941 1142 1978 Minervae
1157 1953 1306 1978 sacram
1320 1941 1383 1979 lex
1397 1932 1621 1993 essejubet,

153 2003 376 2053 ademptam
396 2003 432 2039 ei
459 2001 525 2052 qui
545 2009 767 2040 coronatur.
816 2002 1022 2039 Enimvero
1049 2002 1136 2052 quis
1156 2008 1327 2039 vestrum
1349 2010 1470 2040 tantae
1500 2004 1623 2042 illibe-

150 2063 310 2102 ralitatis
337 2063 524 2100 damnare
554 2062 654 2100 ausit
683 2062 874 2113 populum
905 2062 1216 2100 Atheniensem?
1247 2063 1336 2101 Non
1369 2064 1487 2101 modo
1517 2064 1619 2103 enim

150 2126 302 2170 civitaS,
334 2124 403 2163 sed
422 2138 471 2163 ne
489 2124 658 2176 privatus
678 2124 838 2174 quidem
867 2124 1070 2174 quisquam
1097 2131 1175 2162 tam
1206 2136 1343 2174 parum
1369 2132 1474 2163 esset
1505 2139 1623 2176 gene-

152 2201 277 2234 rosus,
296 2193 353 2235 ut,
375 2199 488 2238 quam
511 2187 593 2238 ipse
613 2186 827 2225 donaverat
840 2198 1037 2231 coronam,
1060 2186 1195 2224 eodem
1213 2193 1386 2237 tempore
1402 2189 1623 2240 promulget

153 2250 378 2300 auferatque
397 2255 437 2287 et
455 2248 656 2286 devoveat.
687 2247 767 2285 Sed
788 2261 836 2286 eo
857 2247 1032 2285 nimirum
1049 2247 1154 2299 quod
1170 2248 1372 2299 hospitalis
1391 2255 1451 2287 est
1465 2261 1622 2297 corona,

153 2312 268 2350 etiam
295 2311 339 2349 fit
358 2311 613 2357 consecratio,
632 2318 676 2348 ut
695 2323 744 2348 ne
765 2310 874 2362 cujus
894 2310 1060 2356 animus,
1080 2309 1173 2347 dum
1199 2310 1363 2348 alienam
1386 2311 1620 2351 benevolen-

150 2373 244 2411 tiam
264 2372 384 2424 pluris
403 2385 521 2423 quam
540 2372 704 2423 patriam
724 2371 855 2418 faciat,
876 2378 1157 2422 corrumpatur.
1191 2371 1248 2409 At
1268 2384 1347 2409 non
1368 2385 1451 2410 eam
1472 2386 1559 2424 quae
1582 2375 1620 2412 in

152 2434 339 2473 concione
366 2434 599 2486 praedicatur
619 2445 802 2472 coronam
823 2432 1027 2484 quisquam
1048 2439 1264 2479 consecrat,
1285 2432 1355 2471 sed
1383 2433 1500 2471 libere
1528 2448 1620 2486 pos-

154 2497 280 2536 sidere
297 2497 402 2544 licet,
421 2503 465 2534 ut
484 2508 563 2534 non
584 2495 615 2533 is
631 2501 782 2534 tantum
799 2495 860 2545 qui
879 2496 1031 2545 accepit,
1051 2507 1185 2533 verum
1205 2495 1321 2532 etiam
1341 2495 1461 2546 ipsius
1477 2499 1621 2547 posteri

153 2560 436 2598 monimentum
464 2557 559 2595 illud
589 2558 693 2596 domi
724 2563 967 2596 asservantes
994 2570 1192 2607 nunquam
1222 2557 1371 2594 animos
1402 2557 1570 2596 habeant
1599 2572 1621 2597 a

152 2621 301 2673 populo
317 2620 480 2659 alienos.
512 2619 598 2658 Hac
621 2619 735 2658 etiam
754 2619 803 2657 de
823 2631 942 2657 causa
961 2618 1170 2670 adscripsit
1190 2618 1401 2669 legislator,
1422 2632 1470 2656 ne
1488 2628 1622 2660 extera

153 2694 299 2722 corona
326 2682 366 2720 in
386 2682 537 2721 theatro
557 2695 580 2720 a
598 2694 779 2733 praecone
798 2681 1077 2733 promulgetur,
1103 2681 1176 2718 nisi
1195 2681 1361 2732 populus
1387 2681 1554 2726 sciverit,
1578 2690 1621 2720 ut

155 2757 202 2784 ea
221 2743 370 2788 civitas,
390 2757 478 2795 quae
496 2750 667 2782 vestrum
687 2743 856 2794 aliquem
877 2755 1021 2781 corona
1040 2742 1185 2780 donare
1199 2743 1304 2788 velit,
1322 2742 1448 2780 missis
1469 2743 1623 2794 legatis,

155 2807 196 2845 id
216 2819 239 2845 a
258 2805 402 2857 populo
422 2812 544 2857 petat,
571 2806 748 2856 adeoque
770 2806 800 2843 is
820 2804 868 2842 de
892 2817 968 2855 quo
993 2803 1227 2855 praedicetur
1255 2804 1439 2855 majorem
1461 2806 1623 2855 gratiam

157 2867 267 2906 vobis
295 2867 451 2913 habeat,
470 2880 587 2917 quam
609 2867 654 2906 iis
675 2867 743 2918 qui
762 2878 942 2904 coronam
975 2865 1179 2912 dederunt,
1207 2865 1309 2915 quod
1342 2878 1425 2903 eam
1453 2867 1623 2916 promul-

159 2929 240 2980 gari
260 2927 522 2980 permiseritis.
553 2929 612 2967 Ac
631 2941 693 2967 me
712 2940 803 2967 vera
823 2926 964 2973 dicere,
986 2940 1033 2965 ex
1054 2927 1145 2977 ipsis
1166 2927 1318 2977 legibus
1338 2927 1515 2977 accipite,
