1965 3356
529 184 816 222 ADVERSUS
848 184 1186 223 CALLIPPUM.
1505 189 1581 227 709

128 300 189 325 me
207 286 467 325 testimonium
495 287 608 326 facile
627 287 796 325 dicturos
813 284 1042 336 producere,
1064 292 1146 324 tum
1172 300 1219 325 ex
1243 290 1478 339 argumentis
1499 298 1580 329 tum

126 361 175 388 ex
191 348 267 387 hoc
284 348 505 387 testimonio
524 348 633 387 facile
656 362 679 386 a
705 347 814 385 vobis
845 347 1092 398 intelligetur.
1122 347 1194 386 Me
1221 357 1348 388 autem
1378 364 1448 403 pro
1471 359 1581 405 patre

119 409 392 462 jusjurandum
415 411 450 449 ei
470 410 561 448 dare
581 410 762 456 voluisse,
784 409 1111 459 quemadmodum
1130 409 1192 448 lex
1211 410 1336 461 jubet,
1357 413 1388 450 si
1408 415 1494 465 quis
1514 415 1582 453 de-

125 471 301 510 functum
330 486 518 512 accusans
542 485 629 510 curn
644 471 796 509 haerede
816 479 920 522 agat,
941 484 1019 509 non
1033 471 1156 510 videri
1175 472 1266 510 mihi
1285 473 1346 511 vel
1365 477 1583 525 promisisse

125 540 273 584 patrem
289 548 331 573 se
346 535 408 573 isti
426 533 663 572 redditurum
679 533 884 584 pecuniam
899 546 922 571 a
935 533 1089 585 Lycone
1104 533 1292 581 relictam,
1306 535 1367 572 vel
1386 549 1583 577 commen-

125 595 260 634 datum
274 597 390 635 istum
406 595 505 647 patri
525 608 548 633 a
568 595 747 647 Lycone:
768 595 1040 634 Phormionem
1057 596 1148 634 item
1167 596 1380 635 affirmasse
1396 600 1584 639 rationem

124 659 372 709 semetipsum
400 670 488 696 cum
522 657 675 709 Lycone
706 657 941 696 subduxisse
968 664 1007 695 et
1031 657 1070 695 in
1094 657 1287 696 mandatis
1317 660 1513 711 accepisse
1542 669 1586 700 ut

126 719 371 770 Cephisiadae
389 719 593 771 pecuniam
614 719 792 758 redderet
812 719 884 758 sibi
904 720 952 757 ab
973 719 1216 758 Archebiade
1236 719 1516 767 demonstrato;
1547 731 1587 763 et

123 792 212 818 cum
239 780 442 833 Callippus
470 781 637 833 primum
669 781 719 819 ad
751 794 924 819 mensam
953 781 1145 833 Lyconem
1163 782 1313 820 'obiisse
1344 783 1516 831 dixisset,
1546 793 1586 824 et

123 841 204 892 ipse
223 841 353 882 literas
366 843 493 881 videre
505 843 632 889 vellet,
646 842 824 894 nunquid
842 856 1085 881 nummorum
1105 843 1248 895 hospes
1269 844 1503 896 reliquisset,
1518 861 1586 886 eas

122 904 342 943 ostendisse
368 918 422 952 se,
443 905 581 955 quibus
602 905 672 944 iste
691 905 891 956 inspectis,
913 918 1000 943 cum
1020 905 1182 944 vidisset
1210 906 1397 957 scriptum
1428 921 1515 946 esse
1544 915 1587 946 ut

125 965 372 1018 Cephisiadae
386 967 624 1013 redderetur,
636 968 798 1006 tacitum
812 967 969 1014 abiisse,
985 967 1132 1005 nullam
1146 981 1273 1020 neque
1288 971 1586 1009 controversiam

123 1038 356 1078 moventem,
375 1045 498 1083 neque
517 1031 724 1082 quicquam
744 1031 1042 1080 interdicentem
1061 1031 1110 1070 de
1131 1032 1314 1084 pecunia,
1331 1033 1388 1071 uti
1418 1041 1586 1080 constet,

122 1092 259 1131 harum
277 1106 405 1132 rerum
424 1094 647 1133 testimonia
663 1100 829 1146 utraque
848 1101 886 1132 et
905 1094 966 1132 lex
984 1093 1261 1133 recitabuntur.

560 1228 965 1268 TESTIMONIUM.
1021 1230 1146 1268 LEX.

173 1323 211 1361 6.
241 1321 362 1361 Vobis
389 1335 503 1376 porro
523 1323 742 1371 ostendam,
770 1323 943 1372 Judices,
965 1325 1160 1377 Lyconem
1180 1325 1361 1378 Callippo
1386 1340 1465 1365 non
1497 1341 1583 1367 esse

117 1396 245 1422 usum.
300 1377 475 1424 Arbitror
492 1384 593 1423 enim
613 1385 653 1424 id
669 1398 824 1437 quoque
846 1393 983 1425 contra
1000 1387 1108 1425 istius
1134 1387 1384 1426 insolentiam
1403 1388 1497 1426 mihi
1514 1389 1584 1428 ali-

120 1446 213 1498 quid
242 1447 592 1493 commodaturum,
613 1448 818 1499 pecuniam
849 1448 954 1487 illam
982 1462 1006 1486 a.
1038 1449 1192 1502 Lycone
1222 1449 1294 1488 sibi
1321 1449 1424 1489 dono
1452 1451 1584 1489 datam

120 1521 207 1547 esse
238 1509 458 1548 asserentis.
517 1509 556 1548 Is
585 1509 684 1548 enim
718 1510 976 1562 quadraginta
1007 1511 1121 1549 minis
1150 1512 1317 1550 nauticae
1342 1512 1518 1563 pecuniae
1547 1513 1586 1551 in

119 1568 324 1609 Thraciam
344 1570 556 1622 Megaclidi
576 1571 776 1610 Eleusinio
796 1579 835 1610 et
858 1572 1062 1626 Thrasyllo
1082 1573 1190 1613 fratri
1210 1574 1293 1626 ejus
1316 1583 1449 1615 mutuo
1470 1576 1586 1623 datis,

118 1645 208 1671 cum
227 1646 274 1671 eo
288 1633 499 1684 navigandi
519 1633 720 1672 consilium
739 1634 795 1673 illi
814 1642 1043 1684 mutassent,
1063 1643 1102 1674 et
1120 1636 1335 1687 periculum
1367 1637 1472 1676 adire
1500 1638 1584 1676 nol·

118 1694 213 1740 lent,
234 1702 473 1746 conquestus
501 1695 550 1734 de
582 1695 803 1747 Megaclide
834 1697 965 1736 nescio
989 1698 1084 1749 quid
1102 1706 1260 1750 propter
1278 1712 1431 1746 usuras,
1446 1708 1489 1738 ut
1517 1700 1586 1739 de-

117 1763 271 1809 ceptus,
288 1757 539 1796 discordabat
560 1770 649 1796 cum
677 1771 724 1797 eo
743 1764 783 1796 et
798 1758 988 1810 litigabat,
1009 1767 1185 1798 mutuum
1205 1768 1440 1812 recepturus.
1485 1762 1585 1801 Cum

117 1826 247 1858 autem
281 1819 332 1858 de
363 1826 472 1858 tanta
499 1819 667 1871 pecunia
693 1820 859 1858 multum
884 1828 925 1859 et
950 1835 1055 1874 saepe
1084 1822 1338 1870 laboraretur,
1362 1824 1585 1876 Callippum

119 1880 190 1920 sibi
210 1880 341 1934 Lycon
361 1894 563 1933 nunquam
582 1895 748 1934 usquam
762 1883 979 1930 advocavit,
999 1884 1069 1923 sed
1084 1884 1367 1924 Archebiadem
1383 1894 1423 1924 et
1439 1887 1587 1927 Arche-

115 1943 243 1982 biadae
263 1943 432 1982 amicos:
462 1950 502 1982 et
519 1944 585 1995 qui
612 1957 680 1982 eos
711 1944 750 1982 in
769 1946 1019 1984 concordiam
1038 1946 1189 1998 redegit
1208 1947 1476 1987 Archebiades
1496 1949 1582 1989 suit.

115 2005 175 2044 Ac
195 2018 256 2044 me
275 2018 366 2044 vera
384 2004 512 2044 dIcere
531 2012 575 2044 ut
593 2011 761 2054 constet,
779 2007 888 2046 vobis
909 2008 1036 2059 ipsum
1056 2008 1318 2059 Megaclidem
1333 2017 1474 2049 testem
1492 2025 1581 2064 pro-

117 2067 270 2107 ducam.

655 2180 1065 2220 TESTIMONIUM.

118 2275 228 2315 Adeo
248 2276 495 2323 familiariter,
509 2275 683 2323 Judices,
704 2277 836 2330 Lycon
860 2278 1040 2330 Callippo
1060 2287 1122 2318 est
1149 2292 1257 2326 usus,
1279 2288 1323 2319 ut
1346 2295 1433 2320 eum
1455 2297 1581 2335 neque

117 2338 168 2377 ad
186 2351 247 2378 res
261 2352 353 2378 suas
374 2345 602 2384 accerseret,
622 2352 765 2390 neque,
781 2341 885 2392 apud
904 2354 992 2379 eum
1013 2356 1185 2393 unquam
1206 2343 1435 2384 diverteret:
1466 2353 1580 2398 atque

116 2400 219 2439 istud
238 2401 365 2440 solum
383 2400 588 2439 familiares
608 2401 718 2439 istius
739 2403 936 2441 testificari
956 2404 1039 2442 ausi
1059 2417 1136 2443 non
1157 2404 1328 2453 fuerunt,
1345 2407 1579 2447 diversatum

117 2463 222 2514 apud
240 2463 357 2502 istum
370 2475 456 2501 esse
472 2462 594 2509 illum,
612 2463 706 2501 satis
719 2464 829 2515 gnari
844 2478 885 2503 se
899 2465 1028 2503 statim
1044 2479 1112 2518 per
1131 2480 1328 2506 servorum
1342 2471 1580 2521 quaestiones

117 2526 336 2565 convictum
354 2526 412 2580 iri,
430 2526 464 2564 si
486 2525 579 2577 quid
599 2525 677 2564 tale
695 2527 964 2566 mentirentur.

169 2590 207 2626 7.
236 2588 377 2627 Dicam
394 2594 522 2627 autem
540 2588 649 2627 vobis
669 2588 785 2627 etiam
806 2596 1078 2641 argumentum
1097 2598 1264 2638 tantum,
1286 2600 1331 2631 ut
1350 2607 1396 2631 ex
1426 2607 1473 2632 eo
1491 2607 1579 2633 mea

115 2650 271 2701 quidem
290 2649 470 2702 opinione
489 2651 728 2703 perspecturi
746 2651 841 2697 sitis,
862 2652 977 2690 istum
1000 2654 1204 2692 mentitum
1223 2668 1309 2694 esse
1331 2656 1470 2693 omnia.
1506 2657 1579 2709 Ly-

116 2712 217 2759 coni,
237 2712 412 2759 Judices,
444 2713 594 2751 etiamsi
631 2712 746 2751 istum
773 2726 929 2764 quoque
961 2715 1284 2768 complecteretur
1311 2724 1350 2755 et
1382 2717 1578 2759 familiaris

117 2774 199 2825 ejus
213 2780 332 2821 esset,
346 2780 392 2813 ut
404 2774 476 2814 iste
496 2775 646 2822 asserit,
660 2774 788 2827 eique,
807 2775 932 2827 siquid
952 2777 1023 2815 sibi
1041 2778 1259 2825 accidisset,
1276 2792 1455 2818 nummos
1475 2780 1580 2821 dono

115 2835 208 2874 dare
239 2836 367 2883 vellet,
386 2835 561 2888 nunquid
585 2849 653 2875 eos
679 2837 921 2877 commodius
947 2838 1086 2878 suisset
1105 2847 1210 2878 recta
1229 2840 1333 2892 apud
1354 2841 1576 2895 Callippum

116 2897 343 2949 relinquere,
374 2911 470 2949 quos
488 2898 692 2938 incolumis
719 2912 898 2939 reversus
918 2908 1021 2939 recte
1051 2908 1089 2939 et
1109 2902 1214 2952 juste
1234 2910 1454 2953 recepturus
1473 2915 1579 2945 esset

117 2961 164 2998 ab
184 2973 242 3006 en,
262 2968 304 2998 ut
325 2966 364 2998 et
383 2961 506 3000 amico
531 2967 571 3000 et
589 2969 838 3012 procuratore
861 2976 942 3008 suo,
964 2963 1021 3000 sin
1043 2963 1134 3012 quid
1155 2963 1226 3014 ipsi
1256 2965 1475 3013 accidisset,
1501 2975 1577 3006 sta-
