1915 3356
0 3196 19 3356 mune..
11 3132 15 3139 .

544 184 799 221 EXORDIA
830 185 1187 224 CONCIONUM.
1511 187 1588 223 813

131 288 262 329 odium
292 294 466 326 vestrum
497 287 536 325 in
572 287 801 339 impostores
826 287 1055 325 vertendum
1087 295 1182 334 erat,
1202 287 1242 326 id
1273 287 1467 340 suscipere
1498 300 1592 326 con-

131 351 269 400 tingat.
325 349 449 387 Video
469 349 569 387 enim
591 362 658 387 vos
679 361 782 400 saepe
810 361 889 386 non
920 355 1095 388 auctores
1122 362 1249 386 rerum
1268 349 1412 397 odisse,
1433 349 1505 388 sed
1524 363 1591 388 eos

129 411 197 462 qui
217 411 267 449 de
286 410 331 449 iis
350 411 533 462 postremi
554 410 735 448 dixerunt
758 410 904 461 aliquid
935 410 1039 462 apud
1068 423 1149 448 vos.
1208 411 1438 462 Quanquam
1459 419 1591 450 autem

129 471 216 510 haec
235 472 367 511 omnia
385 480 461 511 tam
486 478 666 511 accurate
691 472 836 523 cogit0,
857 479 988 511 tamen
1008 473 1144 524 opinor
1163 485 1239 517 me,
1259 474 1410 511 caeteris
1437 474 1590 513 omissis

129 534 324 581 omnibus,
338 534 387 573 de
402 533 495 587 ipsis
513 533 574 571 his
589 533 705 571 rebus
720 546 808 583 quae
822 533 968 585 optima
985 547 1070 572 esse
1086 533 1272 584 judicem,
1285 534 1477 572 dicturum
1493 548 1592 575 esse.

818 638 906 675 XV.

184 715 340 756 Vellem
357 728 441 760 vos,
460 716 736 762 Athenienses,
752 729 830 767 qua
844 728 938 768 erga
958 728 1092 754 omnes
1113 716 1210 754 alios
1230 716 1286 754 uti
1305 715 1437 754 soletis
1455 715 1593 769 huma-

127 777 264 825 nitate,
281 777 448 816 eandem
467 777 583 816 etiam
598 791 693 829 erga
703 777 959 830 vosmetipsos
980 777 1162 816 adhibere
1179 790 1188 816 :
1210 791 1313 816 nunc
1329 778 1450 830 major
1464 785 1597 817 vestra

128 845 190 878 est
209 839 418 878 dexteritas
438 839 478 877 in
506 840 618 878 malis
646 840 808 879 aliorum
828 839 1081 891 corrigendis,
1100 853 1216 891 quam
1236 840 1276 877 in
1300 839 1346 878 iis
1379 853 1468 891 quae
1486 840 1596 879 vobis

128 901 224 953 ipsis
248 901 432 941 eveniunt
450 902 715 954 providendis.
772 902 968 940 Fortassis
1005 908 1134 940 autem
1165 902 1303 953 aliquis
1324 902 1475 949 dixerit,
1493 902 1597 941 hanc

130 976 322 1003 summam
345 977 431 1003 esse
461 963 616 1002 laudem
645 971 789 1003 nostrae
821 963 1001 1011 civitatis,
1034 964 1140 1015 quod
1173 963 1318 1002 nullius
1350 964 1601 1003 emolumenti

130 1025 270 1078 privati
289 1026 413 1078 gratia
430 1025 555 1065 multa
573 1026 747 1079 pericula
774 1032 933 1078 propter
952 1027 1074 1078 ipsam
1088 1026 1282 1076 justitiam
1307 1027 1408 1065 ultro
1435 1026 1597 1066 adierit:

131 1098 207 1138 ego
234 1100 326 1126 vero
356 1093 397 1126 et
421 1094 569 1126 rectam
602 1100 689 1126 esse
712 1100 797 1126 eam
825 1087 875 1125 de
899 1087 1056 1126 civitate
1089 1087 1309 1140 opinionem
1340 1089 1518 1127 existimo
1551 1100 1599 1126 ac

129 1149 267 1200 probo,
286 1155 327 1188 et
355 1147 451 1187 illud
480 1149 596 1187 etiam
622 1148 873 1200 prudentium
897 1149 1096 1188 hominum
1121 1150 1292 1188 officium
1314 1163 1401 1189 esse
1428 1157 1536 1202 puto,
1554 1157 1598 1189 ut

130 1209 270 1248 eadem
289 1209 532 1249 solicitudine
551 1223 612 1248 res
635 1218 785 1249 vestras
804 1211 989 1262 privatas,
1009 1225 1089 1262 qua
1108 1211 1269 1259 alienas,
1284 1212 1441 1258 curetis,
1461 1220 1505 1251 ut
1518 1226 1596 1252 non

128 1269 288 1310 humani
307 1271 446 1318 solum,
468 1271 537 1310 sed
559 1271 706 1310 cordati
731 1271 847 1310 etiam
866 1272 1085 1311 videamini.

806 1383 913 1421 XVI.

184 1461 388 1510 Fortassis,
407 1461 681 1511 Athenienses,
700 1475 790 1501 eum
817 1463 945 1509 decet,
971 1464 1037 1515 qui
1064 1477 1133 1503 vos
1160 1464 1290 1517 aliqua
1309 1465 1359 1504 de
1379 1479 1418 1504 re
1438 1479 1594 1505 monere

130 1522 236 1571 velit,
257 1524 315 1562 sic
333 1524 461 1563 dicere
479 1525 624 1571 conari,
637 1532 682 1563 ut
697 1532 737 1563 et
750 1538 820 1564 vos
836 1525 1003 1577 perferre
1022 1527 1178 1578 possitis
1193 1541 1204 1571 ;
1225 1534 1294 1566 aut
1310 1535 1426 1574 certe,
1442 1529 1593 1568 omissis

131 1584 216 1625 aliis
231 1587 358 1625 verbis
378 1587 573 1634 omnibus,
586 1587 654 1626 illa
671 1587 720 1626 de
739 1588 881 1639 quibus
903 1586 1125 1627 deliberatis
1144 1589 1330 1628 suadere:
1359 1591 1476 1641 idque
1495 1605 1594 1642 pau-

130 1649 297 1689 cissimis
325 1650 488 1690 verbis..
527 1652 612 1689 Nec
645 1651 748 1689 enim
773 1651 991 1689 orationum
1017 1651 1178 1703 penuria
1202 1665 1263 1690 res
1283 1659 1428 1691 vestras
1462 1666 1596 1692 omnes

130 1712 285 1765 cepisse
305 1713 537 1752 detrimenta
556 1727 709 1752 cernere
729 1713 925 1761 videmini,
945 1714 1014 1752 sed
1045 1715 1095 1752 ob
1125 1714 1201 1753 hoc
1231 1715 1337 1766 quod
1363 1715 1427 1753 alii
1454 1722 1595 1768 suapte

131 1786 254 1814 causa
270 1775 550 1814 concionantur
582 1782 621 1814 et
647 1775 888 1826 Reipublicae
908 1784 1097 1828 praesunt,
1117 1776 1194 1824 alii,
1215 1777 1279 1828 qui
1300 1777 1488 1815 -nondum
1521 1778 1596 1816 hoc

131 1835 182 1875 de
215 1849 256 1875 se
289 1838 485 1892 specimen
516 1837 780 1889 praebuerunt,
802 1838 924 1888 magis
957 1838 1189 1889 eloquentiae
1226 1839 1383 1877 laudem
1422 1846 1596 1891 captant,

131 1913 251 1952 quam
274 1899 315 1939 in
346 1900 387 1939 id
417 1900 591 1947 student,
609 1906 654 1938 ut
685 1900 766 1938 suis
802 1900 1041 1940 orationibus
1074 1900 1317 1952 Reipublicae
1346 1902 1598 1940 consulatur:

132 1975 209 2015 ego
233 1976 339 2011 vero,
361 1976 409 2002 ne
427 1963 533 2014 quod
552 1962 636 2001 aliis
656 1962 878 2001 faciendum
898 1976 984 2002 esse
1012 1963 1113 2009 dico,
1146 1962 1185 2000 id
1213 1963 1295 2015 ipse
1314 1963 1512 2015 negligere
1541 1964 1599 2002 vi-

133 2024 241 2073 dear,
259 2038 307 2065 ac
325 2024 376 2064 de
404 2025 501 2073 aliis,
519 2037 636 2077 quam
662 2024 712 2064 de
731 2025 792 2063 his
817 2026 867 2064 ob
885 2039 972 2077 quae
992 2026 1150 2072 surrexi,
1170 2026 1290 2065 verba
1319 2027 1472 2074 faciam,
1500 2040 1599 2078 prae-

134 2086 257 2126 teritis
276 2086 434 2139 reliquis
453 2087 644 2133 omnibus,
665 2100 753 2139 quae
770 2087 931 2139 probem
960 2088 1176 2139 explicabo.

797 2190 929 2229 XVII.

187 2269 360 2320 AEquum
391 2269 486 2309 mihi
511 2282 600 2309 esse
625 2270 792 2317 videtur,
814 2270 1087 2318 Athenienses,
1107 2278 1149 2309 ut
1174 2276 1319 2310 attente
1351 2271 1532 2311 audiatur
1551 2273 1597 2320 is,

133 2331 200 2384 qui
230 2345 272 2370 se
305 2331 415 2371 vobis
445 2338 486 2371 et
512 2345 626 2385 aequa
650 2339 690 2371 et
721 2332 830 2371 utilia
857 2346 945 2371 esse
977 2345 1037 2380 ea,
1067 2332 1118 2371 de
1149 2334 1290 2385 quibus
1327 2333 1598 2382 deliberemus,

134 2400 380 2433 ostensurum
397 2394 643 2446 polliceatur.
700 2395 786 2446 Ego
805 2394 923 2447 igitur
942 2408 1004 2433 me
1037 2395 1078 2433 id
1109 2395 1302 2433 facturum
1329 2396 1465 2447 opinor
1491 2397 1597 2435 haud

135 2455 358 2505 difficulter,
383 2457 416 2496 si
442 2457 553 2496 vobis
577 2456 831 2509 perexiguum
858 2457 1045 2509 quiddam
1073 2458 1296 2509 persuaderi
1330 2459 1475 2498 sinatis.
1537 2460 1598 2498 Ne

135 2518 401 2571 unusquisque
420 2526 606 2567 vestrum,
626 2533 714 2571 quae
738 2520 800 2559 his
821 2520 871 2559 de
892 2521 1007 2559 rebus
1035 2521 1165 2568 sentit,
1185 2534 1231 2560 ea
1261 2522 1391 2560 omnia
1423 2535 1464 2560 se
1494 2530 1598 2562 recte

133 2584 276 2623 sentire
304 2597 533 2636 persuasum
559 2583 716 2631 habeat,
736 2583 821 2632 sed,
841 2584 874 2622 si
906 2591 1094 2636 praeterea
1113 2584 1190 2623 dici
1210 2584 1356 2636 aliquid
1377 2585 1597 2637 contigerit,

133 2653 180 2685 ut
207 2646 431 2686 consideret
462 2653 579 2698 atque
617 2646 752 2685 audire
784 2647 916 2685 omnia
943 2659 994 2684 ne
1027 2653 1232 2698 gravetur:
1263 2646 1416 2690 deinde,
1442 2648 1474 2685 si
1507 2648 1600 2699 quid

133 2715 241 2748 recte
269 2709 416 2749 dictum
445 2709 651 2758 videbitur,
677 2715 821 2749 utatur.
877 2709 1073 2760 Quicquid
1102 2709 1203 2748 enim
1236 2709 1446 2761 prudenter
1479 2711 1601 2763 expli-

135 2777 268 2810 catum
296 2771 413 2811 fuerit
429 2784 509 2810 non
529 2771 654 2810 minus
676 2778 848 2811 vestrum
867 2772 932 2823 qui
951 2771 1058 2810 usuri
1077 2771 1168 2810 estis
1189 2772 1261 2810 erit
1280 2785 1396 2823 quam
1415 2772 1515 2811 illius
1534 2774 1601 2824 qui

135 2833 177 2872 id
204 2833 355 2872 dixerit.
412 2833 729 2873 Fundamentum
766 2834 923 2886 quidem
960 2841 1062 2873 certe
1099 2834 1283 2885 legitimae
1313 2834 1600 2875 deliberationis

136 2893 212 2934 hoc
229 2901 303 2942 est,
321 2902 366 2934 ut
379 2909 428 2935 ne
445 2895 691 2944 decernatur,
711 2897 934 2949 priusquam
962 2910 1009 2935 ca
1027 2910 1074 2935 cx
1094 2897 1234 2948 quibus
1255 2897 1411 2935 decreta
1430 2899 1602 2949 pendent

139 2956 271 2996 audita
288 2956 446 2997 fuerint.
503 2959 646 3011 Neque
662 2959 764 2999 enim
780 2966 933 3011 tempus
955 2959 1072 3007 idem,
1091 2972 1215 3011 neque
1232 2959 1327 2998 ratio
1346 2967 1420 3007 est,
1437 2969 1475 3000 et
1495 2976 1601 3002 com-
