1915 3356
593 197 818 237 CONTRA
848 194 1108 235 NEAERAM.
1531 194 1606 230 777

209 301 272 339 16.
304 300 388 352 Age
422 314 512 341 vero
540 303 647 341 vobis
678 303 794 341 etiam
815 300 977 340 alterum
1003 298 1265 336 testimonium
1291 297 1554 341 exhibeamus,
1573 300 1611 332 et

150 361 368 401 Phrastoris
392 369 431 401 et
450 364 646 402 tribulium
667 364 765 415 ejus,
786 368 824 401 et
843 361 1057 413 gentilium,
1076 359 1179 397 unde
1199 366 1354 397 constet
1372 357 1610 411 peregrinam

148 435 234 462 esse
268 424 462 464 Neaeram.
520 426 610 463 Non
636 425 759 463 multo
788 424 890 462 enim
919 428 1127 474 postquam
1155 434 1204 459 ex
1234 421 1382 458 aedibus
1411 421 1613 470 ablegaret

150 484 336 525 Phrastor
357 486 509 525 Neaerae
542 486 673 530 filiam,
706 486 745 524 in
776 486 952 523 morbum
980 483 1125 529 incidit,
1145 482 1386 534 pessimeque
1406 481 1553 528 habuit,
1574 486 1613 518 et

75 581 83 587 .
147 547 327 586 omnibus
346 548 640 587 difficultatibus
665 554 726 585 est
746 547 1006 586 conflictatus.
1062 545 1165 588 Quia
1197 557 1286 582 vero
1317 557 1405 581 cum
1436 542 1612 594 cognatis

149 608 233 647 suis
260 609 296 648 ei
320 616 430 648 vetus
457 609 632 647 simultas
652 615 747 655 erat,
766 617 806 647 et
837 609 908 659 ira,
938 615 978 646 et
998 607 1142 654 odium,
1163 618 1354 657 superque
1382 605 1464 656 ipse
1485 603 1614 641 liberis

147 671 280 717 orbus,
299 670 484 709 delinitus*
508 677 568 709 est
601 671 640 708 in
668 671 812 717 morbo,
833 682 927 709 cura
956 677 995 708 et
1020 668 1204 720 obsequio
1224 674 1306 706 tum
1337 667 1502 711 Neaerae,
1530 672 1614 702 tum

148 731 232 784 ejus
251 731 367 776 filiae;
396 732 548 771 itabant
566 732 669 771 enim
689 732 738 771 ad
751 745 839 771 eum
860 745 950 770 cum
971 737 1189 782 aegrotaret,
1209 729 1481 778 neminemque
1495 727 1614 764 habe-

148 800 206 832 ret
224 807 248 832 a
265 794 400 845 quo-in
420 795 555 834 morbo
582 801 796 842 curaretur,
817 801 1037 846 opportuna
1061 794 1096 832 ei
1119 793 1222 831 m'alo
1241 791 1414 830 remedia
1433 790 1616 835 ferentes,

147 863 189 895 et
213 848 439 896 revisentes.
482 858 621 909 Neque
640 871 731 896 vero
750 857 824 910 ipsi
841 857 1044 909 ignoratis,
1064 855 1200 908 quanti
1215 853 1325 907 pretii
1346 853 1397 892 sit
1413 853 1454 890 in
1471 850 1613 889 morbis

147 918 286 958 mulier
313 919 473 958 assidua
499 920 602 972 apud
630 920 827 958 hominem
845 926 1113 971 aegrotantem.
1171 917 1351 968 Denique
1383 926 1614 967 persuasum

148 980 184 1019 ei
201 987 276 1028 est,
295 982 502 1033 puerulum
522 995 637 1033 quem
657 988 862 1034 pepererat
881 982 960 1020 filia
980 982 1146 1027 Neaerae,
1167 993 1256 1018 cum
1279 979 1461 1029 ablegata
1480 977 1619 1014 fuisset

149 1055 174 1081 a
187 1042 398 1082 Phrastore
418 1057 640 1096 praegnans,
656 1044 763 1096 quod
783 1044 1044 1095 cognovisset,
1063 1056 1142 1081 non
1159 1041 1348 1094 Stephani
1367 1052 1457 1079 esse
1485 1039 1617 1083 filiam,

149 1106 225 1144 sed?
254 1106 419 1153 Neaerae,
437 1106 654 1158 fucumque
686 1107 757 1145 sibi
782 1106 936 1150 factum*
958 1094 1062 1158 aegre
1095 1106 1225 1151 ferret,
1255 1117 1387 1143 rursus
1421 1102 1620 1154 adoptare,

149 1167 315 1218 locoque
346 1168 488 1207 habere
515 1169 595 1215 filii,
615 1170 800 1216 humano,
819 1182 890 1207 nec
919 1168 1089 1207 absurdo
1115 1167 1290 1211 consilio,
1320 1178 1440 1218 quum
1467 1172 1507 1203 et
1536 1164 1620 1215 ipse

152 1229 254 1266 male
276 1228 441 1268 affectus
461 1237 580 1275 esset,
611 1243 685 1268 nec
713 1242 902 1282 magnam·
927 1230 1014 1267 vitae
1045 1242 1153 1279 spem
1183 1228 1365 1270 haberet;
1396 1234 1448 1273 et,
1475 1240 1524 1264 ne
1553 1238 1624 1262 sua

147 1290 367 1329 hereditate
389 1291 550 1342 cognati
568 1291 797 1343 potirentur,
817 1305 914 1330 neve
933 1292 1015 1343 ipse
1039 1291 1156 1328 orbus
1176 1290 1364 1335 interiret,
1387 1300 1525 1326 cavere
1544 1287 1623 1324 vel-

149 1353 217 1392 let.
274 1352 494 1405 Adoptavit
512 1353 629 1404 igitur
647 1367 826 1405 puerum,
847 1360 887 1391 et
907 1353 958 1392 ad
979 1366 1020 1391 se
1047 1352 1206 1404 recepit.
1263 1351 1368 1404 Nam
1395 1350 1435 1388 id
1465 1348 1623 1401 quidem

151 1415 189 1454 si*-
204 1407 404 1462 valuisset,
423 1428 621 1466 nunquam
642 1416 849 1462 facturum,
869 1428 1012 1466 magno
1031 1427 1106 1466 ego
1126 1421 1166 1453 et
1185 1413 1357 1452 evidenti
1377 1412 1487 1450 vobis
1507 1424 1622 1463 argu-

151 1482 284 1516 mento
308 1477 528 1515 ostendam.
585 1478 685 1515 Cum
713 1478 880 1529 primum
912 1477 1015 1515 enim
1044 1479 1092 1516 ab
1113 1477 1179 1515 illa
1205 1475 1426 1513 infirmitate
1456 1474 1624 1512 surrexit

154 1532 413 1584 Phrastor,=et=
428 1543 626 1577 recreatus
657 1546 733 1584 est,
755 1538 1095 1589 valetudinemque
1115 1537 1368 1584 confirmavit,
1387 1537 1510 1576 civem
1529 1549 1624 1574 uxo-

152 1612 247 1647 rem,
286 1606 331 1638 ut
361 1599 505 1648 jubent
539 1599 663 1651 leges,
689 1599 811 1647 ducit,
839 1600 967 1652 Satyri
999 1599 1217 1638 Melitensis
1248 1598 1462 1650 legitimam
1491 1598 1623 1644 filiam,

155 1661 317 1714 Diiphili
338 1674 522 1700 sororem.
580 1662 748 1701 Proinde
780 1676 853 1701 nec
874 1663 1069 1701 volentem
1100 1675 1189 1700 eum
1216 1661 1411 1713 recepisse
1445 1673 1623 1712 puerum,

156 1723 228 1762 sed
246 1729 287 1762 et
305 1723 455 1768 morbo,
476 1730 514 1761 et
539 1722 717 1769 orbitate,
733 1731 773 1762 et
795 1723 999 1762 mulierum
1031 1722 1229 1774 obsequiis
1258 1730 1453 1768 coactum,
1474 1728 1513 1759 et
1532 1734 1626 1772 cog-

155 1790 332 1824 natorum
352 1785 456 1832 odio,
470 1798 520 1823 ne
538 1798 608 1824 sua
632 1784 686 1822 illi
716 1785 930 1824 hereditate
947 1785 1174 1837 potirentur,
1190 1785 1221 1823 si
1237 1784 1332 1836 quid
1351 1783 1386 1822 ei
1405 1782 1628 1831 accidisset,

155 1847 243 1886 haec
262 1847 371 1886 vobis
391 1855 621 1899 argumenta
635 1854 764 1886 sunto.
823 1847 1053 1898 Eademque
1072 1848 1172 1893 haec,
1199 1860 1245 1886 ea
1264 1860 1352 1898 quae
1372 1852 1506 1884 secuta
1523 1852 1627 1892 sunt,

156 1910 282 1962 magis
298 1909 571 1950 declarabunt.
626 1910 729 1949 Nam
748 1917 837 1949 cum
857 1923 1021 1962 puerum
1042 1910 1229 1949 Phrastor
1248 1910 1299 1948 ad
1318 1909 1480 1948 tribules
1507 1909 1629 1947 intro-

157 1972 319 2012 duceret
337 1972 377 2010 in
397 1974 546 2020 morbo,
575 1985 664 2011 eum
683 1984 799 2024 quem
820 1985 842 2010 e
863 1973 1014 2011 Neaerae
1033 1973 1112 2011 filia
1132 1977 1373 2023 susceperat,
1395 1977 1435 2009 et
1463 1970 1510 2009 ad
1531 1971 1630 2023 Bry-

157 2035 285 2074 tiadas
306 2035 485 2086 gentileS,
505 2047 667 2086 quorum
691 2041 730 2073 et
750 2035 833 2086 ipse
854 2035 1040 2074 Phrastor
1062 2042 1136 2081 est,
1156 2034 1264 2086 quod
1290 2040 1453 2073 nossent
1481 2033 1632 2072 scilieet

160 2097 341 2148 gentiles,
355 2096 492 2134 mulier
510 2110 557 2135 ea
575 2109 758 2148 quaenam
778 2103 895 2144 esset,
915 2110 1031 2148 quam
1050 2097 1238 2135 Phrastor
1256 2096 1423 2148 primurn
1450 2095 1629 2143 duxerat,

162 2158 312 2198 Neaerae
337 2158 457 2197 filiam
488 2164 529 2197 et
547 2159 751 2211 repudium
777 2158 964 2205 mulieris,
995 2171 1164 2211 eumque
1183 2159 1320 2197 morbo
1346 2157 1561 2197 adductum
1581 2156 1633 2196 ad

160 2232 322 2273 puerum
343 2221 607 2272 recipiendum
626 2234 706 2260 non
731 2221 967 2272 ignorarent,
987 2221 1167 2274 rejiciunt
1187 2233 1360 2273 puerum,
1380 2220 1499 2271 inque
1518 2232 1634 2258 suum

163 2282 295 2321 album
314 2295 395 2322 non
413 2282 641 2321 inscribunt.
675 2283 776 2321 Cum
795 2295 886 2322 vero
908 2283 1096 2321 Phrastor
1115 2283 1170 2322 eis
1191 2283 1292 2322 diem
1313 2282 1474 2321 dixisset
1487 2281 1537 2320 ob
1555 2294 1634 2319 non

163 2345 390 2398 inscriptum
418 2357 531 2383 suum
561 2344 696 2391 filium,
730 2345 894 2397 gentiles
925 2358 1014 2383 eum
1047 2345 1098 2383 ad
1127 2345 1314 2383 arbitrum
1342 2349 1567 2396 provocant,
1594 2351 1637 2382 ut

164 2417 235 2460 per
251 2406 403 2458 integra
422 2419 532 2445 saera
546 2407 709 2457 juraret,
729 2406 888 2446 omnino
915 2414 1053 2459 putare
1075 2420 1128 2453 se,
1149 2420 1238 2446 eum
1262 2418 1375 2446 suum
1396 2419 1482 2445 esse
1500 2406 1636 2449 filium,

166 2483 187 2508 e
205 2468 290 2508 cive
307 2468 468 2507 muliere
487 2475 527 2507 et
542 2469 695 2519 legibus
716 2469 915 2522 desponsa
944 2477 1184 2521 susceptum.
1243 2469 1332 2508 Hac
1363 2468 1636 2520 provocatione

167 2530 368 2582 gentilium
387 2530 494 2582 apud
516 2526 698 2570 arbitrum
718 2531 836 2578 facta,
856 2531 1029 2570 deseruit
1051 2531 1339 2584 jusjurandum·
1345 2530 1546 2577 Phrastor,
1566 2543 1638 2568 nec

165 2591 321 2644 juravit.
380 2591 478 2633 Haec
497 2604 587 2630 vere
620 2605 643 2630 a
673 2605 737 2631 me
765 2593 843 2632 dici
874 2599 919 2632 ut
942 2593 1182 2646 intelligatis,
1200 2594 1338 2632 horum
1368 2594 1476 2632 vobis
1503 2600 1639 2637 testes,

171 2653 236 2705 qui
251 2654 525 2707 Brytiadarum
546 2654 819 2703 interfuerunt,
836 2655 1041 2695 exhibebo.

793 2809 1014 2865 TESTES.

183 2919 188 2927 ’
219 2901 422 2944 Timostintus
450 2913 668 2953 Cephalensis»,
683 2912 881 2960 Xan'tbippus
901 2909 1080 2950 Euroeades,
1098 2914 1233 2944 Eulabes
1251 2915 1432 2951 Phalereus,
1449 2915 1568 2954 Anytus
1588 2916 1645 2945 La-

179 2961 298 2998 choen.
313 2963 494 3004 Euphranor
509 2965 700 3005 AEgiliensis,
716 2965 873 3005 Nioippus
890 2965 1103 3005 Cephalensis.
1116 2969 1280 2999 testamur.
1294 2972 1323 2996 et
1340 2977 1374 2995 se
1395 2969 1424 2996 et
1448 2966 1643 2996 Phrnsiorem

879 3027 950 3062 50,
