1915 3356
774 206 1067 246 EPISTOLAE.
1577 201 1651 238 129

184 312 332 354 lirhoen
355 313 619 351 Scamander:
664 318 703 349 et
724 312 844 349 multa
867 312 903 348 in
926 316 962 347 te
983 308 1176 346 conferam
1198 306 1398 344 beneficia.
1442 305 1539 342 Haec
1562 317 1649 341 cum

183 373 345 420 diceret,
368 374 558 424 simulque
588 372 822 424 abripuisset
839 370 1022 423 puellam,
1052 381 1092 406 se
1113 368 1306 405 occultat:
1338 380 1414 405 non
1437 373 1568 404 tamen
1589 378 1650 402 res

183 434 300 473 etiam
323 436 556 474 occultatur.
606 435 685 473 Sed
711 446 798 472 cum
829 431 1037 482 quatriduo
1057 436 1145 481 post
1173 442 1313 480 pompa
1339 436 1445 467 esset
1474 427 1650 472 Veneris,

183 506 223 534 et
249 510 386 535 recens
419 503 552 548 nuptae
578 496 610 534 ei
641 508 795 546 pompae
815 494 1063 537 interessent,
1085 504 1157 529 nos
1185 504 1338 541 quoque
1368 491 1473 528 illam
1494 497 1649 540 specta-

183 559 335 596 bamus.
385 559 538 609 Sponsa
562 564 693 594 autem
721 556 924 593 Cimonem
957 553 1198 604 conspicata,
1219 559 1263 588 ut
1287 552 1427 589 nullius
1457 551 1548 589 mali
1580 551 1651 588 sibi

183 620 399 666 conscium,
429 632 508 657 una
537 630 690 656 mecum
718 624 976 668 spectantem,
1010 616 1198 653 honorem
1230 612 1264 650 ei
1297 614 1483 663 praebuit:
1516 620 1553 650 et
1577 626 1648 650 nu-

182 682 317 719 tricem
337 681 490 726 intuita‚
515 680 638 724 vides,
668 679 806 729 inquit,
826 691 914 717 mea
939 677 1081 721 nutrix,
1119 673 1416 720 Scamandrum,
1443 674 1504 711 cui
1535 674 1650 725 virgi-

183 741 344 780 nitatem
374 741 481 779 dedi.
518 741 606 785 Quo
639 739 706 778 illa
726 740 859 778 audito
880 739 1098 778 exclamat:
1130 737 1260 787 itaque
1289 735 1442 774 facinus
1475 734 1650 785 divulga-

182 809 258 840 tur.
304 802 362 841 Ut
381 815 470 840 vero
490 802 647 840 domum
668 802 877 853 ingredior,
897 801 1097 853 prehendo
1118 800 1333 844 Cimonem,
1361 805 1400 835 et
1417 798 1470 835 ita
1497 810 1583 834 cum
1604 810 1651 834 eo

185 876 275 915 ago,
295 865 352 902 uti
383 878 452 916 par
479 871 553 911 est,
573 876 716 902 vocans
739 863 941 910 nefarium,
962 871 1001 901 et
1029 862 1164 900 dicens
1190 872 1363 913 pereum
1386 858 1544 910 periisse
1565 872 1652 896 nos.

182 926 220 963 Is
237 939 328 964 vero
342 926 438 964 nihil
453 940 500 965 ea
515 940 554 964 re
567 925 804 978 perterritus,
821 938 949 977 neque
961 923 1247 963 verecundatus
1265 922 1314 959 ob
1330 935 1375 959 ea
1389 935 1476 972 quae
1492 920 1650 966 fecerat,

181 987 334 1026 fabulas
354 1001 510 1027 narrare
529 988 650 1040 coepit
669 988 852 1039 prolian,
872 987 1044 1038 undique
1073 999 1139 1026 eos
1159 996 1459 1028 connumerans,
1478 984 1545 1034 qui
1565 997 1651 1022 cru-

184 1048 288 1087 ciatu
310 1050 430 1101 digna
451 1051 740 1089 commiserant.
771 1050 872 1089 Nam
896 1056 936 1089 et
961 1051 1000 1088 in
1024 1048 1230 1101 Magnesia
1248 1047 1351 1085 idem
1380 1046 1483 1084 circa
1503 1046 1655 1084 Maean-

183 1109 297 1147 drum
313 1111 472 1148 fluvium
500 1112 629 1149 aiebat
648 1124 733 1150 esse
752 1112 901 1150 factum
922 1124 955 1149 a*
970 1111 1140 1163 quodam
1170 1109 1357 1161 indigena
1387 1108 1652 1147 adolescente.

186 1170 244 1207 Ex
263 1184 341 1220 quo
368 1171 484 1209 etiarn
510 1173 627 1211 hodie
646 1173 823 1210 Attalum
843 1174 1017 1222 pugilem
1036 1179 1160 1222 pater,
1179 1172 1316 1222 inquit,
1335 1183 1413 1210 non
1435 1184 1562 1215 suum,
1586 1171 1654 1208 sed

186 1231 380 1282 Maeandri
394 1245 482 1270 esse
498 1233 635 1275 filium,
657 1243 886 1281 persuasum
904 1231 1046 1269 habet:
1077 1243 1200 1280 eaque
1221 1233 1271 1267 de
1290 1245 1410 1268 causa
1427 1232 1537 1268 illum
1557 1233 1655 1270 adeo

183 1306 348 1332 carnoso
367 1299 407 1331 et
432 1294 593 1330 robusto
614 1305 703 1330 esse
729 1304 902 1343 corpore.
948 1293 1049 1330 Cum
1066 1303 1155 1330 vero
1175 1291 1306 1329 multis
1326 1292 1497 1343 acceptis
1516 1294 1659 1344 plagis,

182 1355 328 1393 viribus
350 1354 562 1392 destitutus
579 1354 672 1400 abit,
692 1353 850 1391 fluvium
871 1354 905 1391 ei
924 1353 1169 1404 indignatum
1191 1353 1258 1398 ait,
1277 1354 1383 1404 quod
1402 1367 1491 1391 eum
1511 1362 1656 1405 patrem

184 1429 262 1454 non
282 1416 577 1467 proclamasset.
621 1416 722 1452 Cum
742 1415 858 1466 igitur
887 1415 1121 1461 succumbit,
1141 1428 1219 1452 non
1246 1414 1281 1452 ei
1308 1415 1421 1453 deest
1440 1417 1654 1455 excusatio.

187 1477 238 1515 Et
253 1477 355 1516 circa
371 1477 636 1529 Epidamnum
649 1490 783 1515 rursus
797 1477 936 1516 eodem
953 1477 1071 1515 modo
1087 1476 1293 1515 Carionem
1310 1477 1438 1515 aiebat
1455 1477 1656 1517 Musieum

185 1553 267 1590 prae
284 1539 448 1578 stultitia
466 1537 690 1585 credidisse,
709 1552 871 1589 puerum
893 1552 940 1577 ex
956 1538 1132 1577 adultero
1153 1545 1286 1576 natum
1308 1551 1395 1576 esse
1415 1539 1537 1577 filium
1553 1541 1653 1578 Her-

187 1601 302 1638 culis.
340 1601 428 1653 Ego
448 1614 554 1649 vere,
583 1614 659 1639 non
681 1601 881 1651 procreavi
900 1613 1079 1651 puerum,
1099 1600 1238 1650 inquit,
1268 1600 1338 1638 sed
1355 1599 1573 1639 collocutus
1595 1615 1656 1640 se·

186 1662 265 1700 mel
283 1676 370 1701 sum
400 1676 490 1701 cum
519 1662 652 1713 puella
665 1662 749 1713 jam
767 1662 935 1707 exoleta,
957 1662 1151 1700 lavantem
1171 1674 1258 1699 curn
1278 1674 1357 1699 una
1385 1662 1539 1700 anicula
1563 1676 1657 1702 con-

188 1725 373 1775 spieatus.
431 1723 630 1766 Praeterea
662 1724 755 1761 mihi
782 1724 946 1771 videtur,
976 1723 1114 1774 inquit,
1146 1731 1189 1761 ut
1218 1737 1279 1761 res
1310 1723 1469 1762 Ilienses
1497 1738 1655 1775 prorsus

188 1785 378 1824 terribiles
405 1792 444 1824 et
473 1786 631 1836 tragicae
663 1791 766 1830 sunt,
797 1786 909 1823 nobis
938 1785 1056 1824 etiam
1083 1785 1229 1836 aliquid
1257 1798 1343 1823 esse
1368 1786 1655 1836 perferendum,

188 1854 240 1893 et,
267 1855 470 1899 tanquam,
493 1848 532 1885 in
552 1847 780 1895 Comoediis,
800 1848 904 1886 circa
934 1847 1218 1886 Scamandrum
1241 1848 1477 1898 patrandum
1497 1848 1657 1899 aliquid.

188 1909 286 1947 Tum
315 1923 391 1960 ego
412 1909 507 1948 nihil
538 1909 645 1947 aliud
664 1909 753 1954 nisi,
787 1922 866 1960 quo
893 1909 1052 1947 tandem
1074 1909 1257 1947 evaderet
1285 1917 1395 1947 tanta
1421 1909 1661 1960 impudentia

188 1977 436 2021 exspectans,
457 1970 556 2020 lapis
578 1983 676 2021 pene
703 1970 830 2008 factus
853 1983 952 2016 sum,
972 1970 1073 2008 adeo
1094 1970 1187 2008 mihi
1207 1983 1267 2008 res
1294 1971 1533 2008 incredibilis
1555 1971 1662 2009 vide-

187 2032 316 2070 batur.
347 2031 419 2069 Ille
438 2044 530 2070 vero
550 2030 707 2069 tertium
728 2031 844 2069 etiam
867 2030 1059 2082 Apollinis
1079 2038 1119 2069 et
1144 2031 1288 2069 Bacchi
1319 2031 1552 2068 adulterium
1580 2040 1661 2069 ten-

188 2100 341 2132 taturus
361 2100 445 2132 erat
465 2093 626 2140 scilicet,
646 2093 775 2131 donec
790 2106 865 2145 ego
882 2093 959 2132 vidi
978 2095 1132 2132 turbam
1153 2094 1202 2132 ad
1212 2095 1375 2145 januam
1391 2094 1659 2133 accedentem.

191 2155 305 2201 Tum,
324 2154 399 2193 hoc
418 2155 515 2193 illud
539 2161 610 2201 est,
638 2155 811 2205 inquam,
839 2156 1086 2193 combustum
1114 2168 1186 2193 nos
1214 2154 1440 2200 adveniunt,
1463 2162 1501 2192 et
1530 2157 1661 2193 statim

190 2229 260 2267 per
279 2217 472 2268 posticum
493 2217 544 2254 ad
565 2216 874 2265 Melanippidem
895 2217 1070 2263 confugi,
1090 2214 1180 2250 inde
1200 2215 1349 2263 vesperi
1371 2216 1418 2250 ad
1438 2229 1542 2252 mare
1558 2230 1664 2266 pror-

192 2291 279 2316 sum
297 2290 467 2322 versum,
487 2277 630 2314 deinde
650 2276 699 2312 ad
720 2276 934 2325 hospitium
955 2286 1001 2311 eo
1021 2281 1137 2311 vento
1153 2274 1386 2324 appulimus,
1405 2287 1518 2325 quem
1548 2290 1662 2315 nemo

192 2337 382 2389 navigans
401 2338 553 2384 toleret,
581 2336 655 2374 nisi
683 2336 749 2386 qui
783 2335 1002 2373 Cimonium
1030 2334 1225 2386 piaculum
1259 2335 1394 2386 fugiat.
1437 2337 1544 2375 Talia
1575 2352 1663 2376 cum

192 2412 401 2455 perpessus
422 2398 507 2442 sim,
538 2411 585 2435 ea
613 2397 679 2434 tibi
714 2396 920 2435 scribenda
948 2410 1035 2435 esse
1069 2396 1175 2443 duxi,
1196 2403 1240 2434 ut
1270 2397 1334 2447 qui
1367 2399 1518 2449 gravius
1548 2401 1661 2440 etiam

195 2473 311 2513 quam
333 2472 406 2511 ego
425 2459 508 2510 ipse
528 2459 675 2498 laturus
695 2471 800 2498 esses
816 2472 825 2497 ι
857 2466 897 2498 tu
919 2471 1024 2505 vero,
1041 2465 1082 2498 ut
1101 2458 1273 2505 arbitror,
1290 2459 1433 2497 affatim
1452 2460 1605 2499 ridebis.

386 2600 455 2639 XI.
489 2601 721 2639 SENATUI
754 2600 1089 2644 POPULOQUE
1115 2599 1474 2637 ATHENIENSI.

250 2703 347 2740 Aliis
364 2702 413 2741 de
427 2704 542 2741 rebus
557 2705 772 2755 quibusvis,
789 2705 893 2756 prius
911 2704 1040 2752 etiam,
1059 2703 1108 2740 ad
1126 2716 1193 2741 vos
1211 2703 1301 2740 milii
1318 2703 1565 2740 scribendum
1581 2717 1665 2742 esse

197 2766 567 2816 putabam—neque
583 2767 682 2804 enim
698 2767 736 2804 id
751 2779 922 2818 quoque,
943 2766 989 2810 ci,
1011 2766 1070 2802 cui
1093 2772 1257 2804 vestram
1273 2765 1547 2816 rempublicam
1563 2765 1667 2803 cala-

197 2826 312 2864 mitas
332 2826 553 2872 ademisset,
573 2835 748 2880 ereptum
776 2828 1056 2871 arbitrabar—,
1082 2827 1150 2864 sed
1173 2827 1264 2864 dare
1288 2826 1462 2871 consilia,
1485 2835 1520 2864 et
1548 2839 1665 2877 nego-

200 2887 262 2925 tiis
280 2887 417 2928 alienis
431 2889 632 2940 implicari,
651 2904 728 2929 non
745 2902 875 2941 parvae
897 2888 1185 2927 incontinentiae
1202 2888 1290 2925 mihi
1306 2901 1391 2926 esse
1415 2887 1616 2925 videbatur
1631 2888 1666 2925 in

198 2962 259 2998 eo,
279 2950 342 3001 qui
357 2950 634 2994 administratae
654 2951 873 3003 reipublicae
889 2957 967 2988 tam
985 2963 1124 3002 graves
1140 2949 1315 2988 dedisset
1327 2962 1477 3001 poenas,
1495 2949 1567 2987 nisi
1580 2962 1667 2988 cum

874 3021 896 3045 ἕ
925 3034 941 3057 s
