1948 3306
638 329 1033 384 AESCHINIS
1077 327 1476 383 ORATORIS

548 482 931 531 CONTRA
987 481 1570 529 TIMARCHUM

922 620 1185 663 ORATIO.

384 747 418 783 Ι.
453 745 556 790 EGo,
574 743 745 795 judices,
772 743 869 781 nulli
897 744 1036 782 civium
1067 756 1240 794 unquam
1264 744 1326 782 vel
1351 744 1389 781 in
1406 744 1555 795 judicio
1574 744 1793 795 periculum

326 807 466 854 creavi,
496 806 558 844 vel
579 806 615 844 in
643 806 855 844 referendis
885 806 1101 844 rationibus
1121 806 1309 844 molestus
1338 806 1407 853 fui,
1428 806 1511 853 sed,
1531 813 1576 844 ut
1594 807 1685 845 mihi
1706 821 1795 859 per-

325 869 486 914 suadeo,
508 867 710 905 moderate
731 880 794 905 me
815 869 851 905 in
865 868 980 906 rebus
994 868 1219 920 hujusmodi
1235 870 1362 919 gessi:
1393 881 1525 907 verum
1540 882 1627 906 cum
1644 876 1683 906 et
1696 882 1796 906 rem-

324 930 522 980 publicam
546 929 713 980 graviter
733 942 756 967 a
770 929 976 967 Timarcho
989 929 1093 976 laedi,
1109 936 1246 968 contra
1261 930 1369 981 leges
1384 931 1556 968 habente
1573 930 1796 976 conciones,

324 991 508 1038 viderem,
529 998 569 1029 et
587 991 763 1042 privatim
783 992 832 1028 ab
852 1004 899 1029 eo
915 991 1118 1030 calumniis
1139 993 1441 1043 agitarer—quo
1460 998 1589 1030 autem
1605 999 1738 1043 pacto,
1758 992 1798 1029 in

326 1053 509 1091 orationis
525 1066 731 1104 progressu
746 1054 1275 1105 ostendam-turpissimum
1290 1053 1442 1092 facinus
1459 1054 1540 1091 fore
1556 1053 1664 1100 duxi,
1681 1054 1712 1092 si
1728 1066 1798 1091 nec

326 1115 517 1154 universae
537 1115 697 1161 civitati,
725 1129 799 1154 nec
830 1116 996 1167 legibus,
1018 1129 1089 1154 nec
1114 1116 1241 1162 vobis,
1261 1130 1334 1154 nec
1364 1116 1454 1153 mihi
1481 1116 1553 1167 ipsi
1574 1115 1798 1167 opitularer.

330 1177 428 1215 Cum
450 1173 579 1215 autem
597 1177 642 1215 iis
663 1191 752 1215 eum
773 1178 896 1216 teneri
917 1177 1142 1215 criminibus
1161 1178 1314 1223 scirem,
1329 1191 1417 1228 quae
1437 1177 1555 1228 paulo
1567 1184 1657 1215 ante
1672 1177 1801 1215 scriba

326 1239 515 1278 recitante
536 1239 752 1285 audivistis,
784 1239 858 1277 hoc
878 1252 967 1276 eum
987 1238 1328 1290 censoriojudicio
1350 1251 1458 1276 reum
1488 1239 1576 1276 feci.
1628 1238 1801 1276 Omnino

328 1301 444 1347 enim,
461 1301 736 1346 Athenienses,
758 1314 806 1339 ea
825 1314 912 1352 quae
932 1302 971 1337 in
990 1300 1156 1352 publicis
1176 1300 1300 1338 causis
1322 1299 1395 1338 dici
1424 1300 1552 1338 solent
1571 1300 1619 1337 de
1638 1299 1798 1350 privatis

327 1363 549 1409 inimicitiis,
568 1376 638 1414 per
657 1361 724 1400 eas
744 1362 867 1399 multa
887 1361 1112 1412 reipublicae
1131 1362 1379 1400 incommoda
1397 1361 1556 1413 depelli,
1582 1374 1674 1399 vera
1694 1369 1800 1400 sunt.

328 1423 469 1475 Neque
490 1437 581 1462 vero
610 1424 730 1462 totius
757 1424 872 1475 hujus
894 1424 1059 1462 actionis
1079 1423 1235 1474 culpam
1258 1423 1318 1461 vel
1347 1423 1508 1471 civitati,
1540 1424 1602 1462 vel
1629 1424 1797 1475 legibus,

328 1485 391 1523 vel
411 1485 534 1532 vobis,
552 1485 612 1523 vel
642 1485 734 1522 mihi
765 1484 993 1523 Timarchus
1015 1484 1237 1522 adscribere
1259 1491 1414 1536 potest:
1446 1485 1514 1523 sed
1543 1484 1698 1523 sibimet
1727 1485 1802 1537 ipsi

331 1554 497 1586 tantum.
564 1546 697 1598 Leges
735 1547 837 1585 enim
873 1546 908 1584 ei
940 1546 1239 1591 denunciarunt,
1277 1560 1365 1585 cum
1397 1546 1591 1597 flagitiose
1625 1546 1799 1591 vixisset,

331 1623 379 1648 ne
399 1610 610 1648 conciones
625 1609 809 1651 haberet;
842 1615 957 1658 atque
977 1608 1017 1646 id
1034 1609 1067 1646 ei
1083 1608 1288 1646 edixerunt
1308 1608 1414 1659 quod
1434 1621 1521 1647 meo
1534 1608 1682 1660 judicio
1701 1609 1801 1646 ferre

332 1672 500 1722 graviter
519 1685 598 1709 non
613 1678 758 1722 potest,
779 1671 849 1709 sed
870 1671 909 1708 id
932 1670 1037 1721 quod
1057 1671 1237 1708 omnibus
1258 1670 1370 1709 facile
1390 1678 1472 1709 est:
1503 1671 1611 1709 licuit
1629 1671 1744 1709 etiam
1767 1671 1803 1708 ei

331 1747 411 1772 non
429 1734 623 1772 lacessere
644 1746 706 1771 me
725 1746 793 1785 per
815 1732 1064 1779 calumniam,
1084 1733 1116 1771 si
1136 1733 1343 1784 sapuisset.

387 1798 425 1833 2.
460 1797 523 1834 Ac
543 1794 593 1833 de
609 1795 668 1834 his
691 1797 783 1833 satis
800 1809 862 1833 me
877 1795 1082 1846 praefatum
1097 1808 1182 1834 esse
1198 1795 1384 1834 arbitror:
1414 1808 1493 1833 non
1509 1801 1639 1833 autem
1653 1795 1803 1847 ignoro,

335 1858 611 1902 Athenienses,
635 1870 681 1895 ea
701 1871 786 1908 quae
808 1857 997 1908 principio
1014 1857 1185 1895 dicturus
1201 1871 1301 1903 sum,
1321 1870 1372 1894 ex
1389 1857 1472 1895 aliis
1489 1857 1604 1895 etiam
1626 1863 1716 1895 ante
1734 1870 1802 1895 vos

335 1919 517 1958 audisse:
549 1919 619 1957 sed
638 1926 769 1956 tamen
789 1932 850 1956 res
880 1918 1074 1969 postulare
1107 1919 1269 1964 videtur,
1301 1925 1346 1956 ut
1374 1919 1512 1956 eadem
1538 1926 1578 1956 et
1605 1919 1688 1969 ipse
1717 1925 1803 1957 utar

334 1982 519 2019 oratione.
552 1981 719 2018 Constat
739 1979 838 2017 inter
860 1992 1008 2025 omnes,
1029 1986 1105 2017 tres
1132 1993 1216 2017 esse
1240 1980 1381 2017 formas
1408 1980 1801 2031 rerumpublicarum,

333 2043 592 2093 principatum
607 2042 737 2085 unius,
756 2047 988 2091 potestatem
1002 2054 1229 2092 paucorum,
1243 2047 1282 2078 et
1295 2040 1482 2092 populare
1497 2041 1714 2093 imperium.
1745 2044 1804 2080 Ac

336 2105 413 2143 duo
435 2104 563 2156 priora
583 2116 727 2155 genera
745 2116 879 2141 eorum
900 2104 1085 2141 arbitratu
1106 2109 1309 2154 reguntur,
1341 2103 1409 2154 qui
1430 2116 1556 2140 rerum
1579 2104 1802 2155 potiuntur:

334 2167 467 2205 liberae
489 2172 617 2204 autem
638 2165 828 2208 civitates,
860 2165 1014 2203 usitatis
1042 2164 1208 2216 legibus.
1253 2164 1357 2203 Satis
1380 2171 1507 2203 autem
1537 2165 1658 2211 scitis,
1681 2164 1804 2204 Athe-

336 2228 507 2274 nienses,
527 2226 658 2279 populi
679 2227 798 2264 vitam
818 2232 857 2264 et
875 2227 1093 2264 libertatem
1109 2226 1334 2264 conservari
1349 2225 1514 2278 legibus,
1529 2226 1747 2279 principum
1768 2234 1808 2266 et

336 2302 566 2341 paucorum,
586 2287 799 2326 diffidentia
830 2294 869 2326 et
888 2301 1081 2326 armorum
1109 2287 1316 2340 praesidiis.
1364 2287 1657 2340 Paucis'igitur,
1687 2296 1804 2340 atque

336 2351 382 2389 iis
402 2351 468 2401 qui
488 2349 688 2401 republica
706 2349 888 2400 inaequali
913 2356 1090 2396 utuntur,
1114 2350 1139 2388 ii
1159 2356 1252 2388 sunt
1276 2349 1454 2396 cavendi,
1481 2351 1548 2401 qui
1574 2363 1690 2388 manu
1710 2357 1749 2388 et
1770 2350 1807 2388 vi

338 2412 578 2464 respublicas
606 2417 808 2449 evertunt:
840 2424 912 2449 nos
934 2418 1065 2449 autem
1086 2411 1213 2458 decet,
1231 2411 1298 2462 qui
1325 2411 1517 2462 aequalem
1536 2418 1576 2450 et
1594 2412 1806 2462 legitimam

337 2473 614 2524 rempublicam
630 2472 833 2517 habemus,
853 2472 891 2509 in
912 2485 977 2510 eos
995 2473 1060 2522 qui
1076 2480 1211 2511 contra
1232 2485 1347 2524 quam
1367 2472 1474 2523 leges
1488 2472 1645 2524 jubent,
1664 2480 1731 2510 aut
1750 2473 1807 2510 di-

338 2536 478 2581 xerint,
498 2541 564 2572 aut
583 2533 759 2577 vixerint,
781 2533 1097 2571 animadvertere.
1128 2533 1231 2570 Nam
1252 2533 1350 2571 vires
1370 2534 1409 2570 in
1428 2547 1474 2571 eo
1493 2540 1633 2571 vestrae
1652 2541 1754 2581 sunt,
1775 2534 1807 2572 si

339 2597 447 2648 leges
462 2594 659 2639 tueamini,
680 2606 808 2644 neque
821 2594 1004 2645 cuiquam
1024 2595 1218 2632 licentiam
1241 2594 1343 2632 detis
1355 2594 1473 2632 vitam
1486 2595 1638 2645 legibus
1655 2603 1809 2634 contra-

339 2660 434 2697 riam
467 2665 506 2696 et
540 2657 782 2708 petulantem
811 2657 1053 2695 instituendi.
1101 2656 1291 2707 Equidem
1312 2656 1407 2693 illud
1435 2657 1631 2703 existimo,
1659 2658 1696 2695 in
1718 2671 1808 2696 san-

340 2720 490 2759 ciendis
520 2719 673 2769 legibus
695 2718 953 2769 spectandum
980 2731 1065 2756 esse
1086 2718 1209 2762 nohis,
1230 2724 1274 2754 ut
1294 2730 1351 2754 eae
1366 2721 1484 2765 Justae
1512 2724 1630 2768 atque
1650 2732 1670 2756 e
1691 2732 1806 2769 repu-

339 2782 442 2820 blica
465 2782 566 2819 sint:
597 2780 663 2817 ubi
684 2787 810 2817 autem
833 2793 896 2817 eas
917 2780 1155 2824 sciverimus,
1175 2779 1327 2829 legibus
1349 2778 1506 2816 sancitis
1528 2786 1571 2816 ut
1586 2793 1809 2830 pareamus,

341 2849 380 2880 et
404 2850 655 2880 contumaces
684 2841 902 2891 puniamus,
925 2841 955 2878 si
976 2842 1091 2878 modo
1114 2840 1391 2890 rempublicam
1413 2840 1645 2878 incolumem
1672 2847 1712 2878 et
1737 2842 1807 2878 flo-

340 2910 488 2942 rentem
523 2916 610 2941 esse
634 2903 827 2940 volumus.
874 2902 1129 2940 Considerate
1162 2901 1436 2948 Athenienses,
1458 2908 1642 2952 quantam
1675 2902 1808 2940 mode-
