1998 3306
350 219 427 256 574
457 214 747 255 ADVERSUS
784 208 1208 252 NAUSJMACHUM
1240 208 1305 247 ET
1336 200 1725 248 ΧΕΝΟΡΙΤΗΕΜ.

405 324 443 359 5.
474 321 530 359 Ut
558 326 688 357 autern
708 317 950 369 intelligatis,
977 316 1248 363 Athenienses,
1269 317 1324 355 eis
1352 328 1428 354 non
1455 314 1574 353 modo
1592 327 1697 353 nunc
1718 313 1816 366 inju-

352 383 446 422 riam
467 395 544 420 non
566 381 658 427 fieri,
679 381 749 420 sed
769 388 809 419 et
827 380 914 418 illos
935 380 1041 430 ipsos
1061 379 1172 417 nobis
1192 386 1328 417 contra
1347 390 1481 417 omnes
1499 376 1609 428 leges
1625 377 1818 415 facessere

352 444 565 496 negotium,
595 456 682 481 eam
713 456 868 494 quoque
901 442 1028 492 legem
1060 441 1170 479 vobis
1207 440 1390 486 recitabo,
1423 451 1511 490 quae
1545 444 1678 490 aperte
1710 438 1819 483 dicit,

351 506 397 545 si
449 505 879 558 quinquennium
918 502 1279 554 praeterierit,
1325 501 1508 539 necin
1555 499 1822 552 judicium

352 568 619 615 venerint,
665 580 772 605 cum
817 565 1050 618 pupillis
1087 577 1246 617 agere
1288 577 1387 602 non
1427 563 1599 601 licere
1637 570 1822 600 earum

354 643 531 668 rerum
569 643 679 681 quae
729 628 790 667 ad
838 627 1063 666 tutelam
1111 627 1409 666 attineant.
1477 624 1607 663 Etiam
1643 623 1729 662 haec
1758 623 1823 661 lex
1873 633 1878 643 “

354 693 464 731 vobis
499 691 733 730 recitabitur.

1030 820 1156 859 LEX.

359 926 528 973 Auditis,
562 927 833 974 Athenienses,
869 928 995 978 legem
1029 927 1158 978 palam
1198 925 1339 969 dicere,
1376 924 1477 962 nisi
1511 923 1559 960 in
1575 929 1652 961 tra
1680 921 1826 972 quin—

358 988 647 1038 quennium
676 989 904 1039 egerint,
923 994 1045 1039 post
1071 1001 1171 1026 non
1202 987 1374 1025 licere
1403 985 1588 1037 agere?
1610 985 1725 1036 Atqui
1746 984 1829 1036 egi-

359 1061 461 1094 mus,
477 1048 669 1099 inquient.
697 1049 777 1086 Sed
795 1049 912 1087 iidem
929 1055 970 1087 et
983 1048 1248 1099 transegistis:
1270 1047 1430 1099 proinde
1445 1047 1554 1086 vobis
1573 1059 1708 1084 rursus
1728 1045 1829 1084 actio

360 1109 494 1147 danda
520 1123 597 1148 non
625 1117 698 1148 est.
756 1109 939 1161 Alioquin
965 1110 1140 1161 iniquum
1162 1110 1290 1156 fuerit,
1310 1122 1398 1148 cum
1429 1108 1491 1146 lex
1511 1107 1668 1160 pupillis
1687 1106 1831 1158 prima—

361 1183 447 1208 rum
478 1171 599 1210 etiam*
623 1172 848 1223 injuriarum
885 1178 995 1210 extra
1028 1171 1332 1222 quinquennium
1366 1170 1558 1209 actionem
1590 1182 1667 1207 non
1695 1169 1762 1207 det
1792 1169 1831 1206 in

361 1239 506 1271 tutores
526 1233 592 1284 qui
620 1246 700 1271 non
727 1233 896 1271 absoluti
925 1240 1030 1280 sunt,
1044 1246 1114 1271 vos
1136 1239 1272 1271 contra
1298 1246 1369 1270 nos
1398 1232 1552 1270 illorum
1582 1231 1696 1278 filios,
1716 1230 1761 1268 iis
1783 1229 1831 1268 de

362 1296 475 1333 rebus
495 1308 591 1346 quas
611 1294 686 1346 ipsi
704 1295 965 1346 transegistis,
985 1295 1171 1346 vigesimo
1193 1307 1298 1332 nunc
1319 1306 1422 1332 anno
1435 1293 1501 1345 jus
1523 1292 1715 1344 persequi.

416 1357 456 1394 6.
486 1356 614 1395 Audio
634 1363 766 1394 autem
785 1370 852 1394 eos
873 1369 1000 1394 rerum
1026 1357 1196 1407 ipsarum
1217 1364 1256 1394 et
1276 1356 1406 1407 legum
1429 1355 1520 1405 jura
1546 1353 1833 1392 declinaturos:

364 1416 536 1456 dicturos
558 1425 700 1465 autem,
714 1431 896 1469 magnam
914 1417 985 1456 sibi
1001 1418 1207 1469 pecuniam
1228 1418 1416 1463 relictam,
1438 1429 1562 1467 eaque
1578 1428 1619 1454 se
1634 1415 1837 1453 frau'datos

363 1491 467 1525 esse,
497 1486 536 1517 et
564 1486 795 1530 argumento
826 1493 977 1526 usuros,
1008 1479 1275 1530 magnitudine
1305 1477 1468 1517 actionis
1497 1490 1613 1528 quam
1649 1476 1698 1514 ab
1727 1475 1836 1514 initio

364 1540 618 1586 instituerint,
650 1548 689 1580 et
717 1541 924 1580 orbitatem
958 1540 1244 1591 deploraturos‚
1277 1547 1316 1578 et
1348 1540 1453 1578 illam
1482 1538 1616 1577 tutelae
1646 1537 1836 1576 rationem

364 1609 600 1649 narraturos,
630 1616 753 1654 eaque
783 1616 870 1641 esse
897 1602 1093 1654 praesidia,
1115 1603 1253 1653 quibus
1282 1602 1467 1649 nitantur,
1487 1601 1706 1652 quibusque
1726 1613 1794 1638 vos
1814 1613 1838 1638 a

367 1677 410 1703 se
430 1677 547 1716 posse
568 1665 693 1716 decipi
722 1671 892 1716 sperent.
951 1665 1037 1715 Ego
1057 1677 1147 1702 vero
1168 1677 1216 1701 ex
1229 1663 1367 1715 judicii
1387 1670 1469 1700 tum
1490 1662 1624 1701 dictati
1644 1662 1840 1713 magnitu-

366 1726 458 1764 dine
488 1727 613 1778 majus
646 1727 756 1764 nobis
792 1732 1065 1777 argumentum
1098 1724 1337 1776 suppeditari
1363 1731 1470 1776 puto,
1500 1730 1647 1775 patrem
1673 1730 1756 1762 tum
1775 1736 1840 1761 ea·

367 1789 515 1827 lumnia
534 1788 698 1840 petitum
718 1802 820 1833 esse,
843 1801 960 1839 quam
988 1788 1071 1826 istis
1103 1788 1233 1826 multis
1266 1800 1332 1826 eos
1358 1787 1560 1825 fraudatos
1590 1799 1691 1824 esse.
1739 1786 1840 1823 Nam

369 1851 435 1902 qui
457 1851 659 1901 octoginta
690 1850 761 1889 sibi
796 1850 927 1888 deberi
955 1849 1105 1887 talenta
1130 1849 1335 1887 ostendere
1362 1848 1499 1900 possit,
1526 1848 1649 1886 tribus
1668 1846 1842 1898 acceptis

371 1924 487 1950 nemo
509 1924 598 1949 cum
619 1924 684 1949 reo
708 1911 963 1962 transegerit:
994 1917 1114 1949 tantae
1134 1917 1263 1949 autem
1286 1910 1461 1962 pecuniae
1481 1916 1689 1948 aecusatus
1709 1908 1841 1947 tutelae

373 1973 544 2018 nomine,
567 1985 681 2011 nemo
701 1980 773 2019 est,
796 1973 889 2023 quin
924 1972 1047 2010 tribus
1073 1972 1228 2011 talentis
1252 1972 1366 2020 datis,
1385 1971 1600 2023 periculum
1635 1971 1844 2009 redimeret

373 2042 533 2087 propter
553 2049 618 2074 eas
639 2035 916 2086 praerogativas
937 2047 1034 2085 quas
1054 2042 1137 2072 tum
1156 2035 1220 2073 isti
1247 2042 1386 2072 natura
1404 2034 1615 2072 habebant.
1674 2034 1775 2071 Nam
1805 2039 1846 2070 et

373 2096 522 2148 pupilli,
543 2104 583 2134 et
602 2097 888 2144 adolescentes,
909 2104 948 2135 et
968 2096 1103 2147 quales
1123 2104 1268 2143 essent,
1295 2097 1417 2147 ignoti
1439 2102 1568 2134 erant:
1599 2108 1687 2146 quae
1707 2107 1843 2134 omnes

378 2158 488 2196 alunt
507 2158 612 2209 apud
632 2171 700 2196 vos
720 2158 874 2210 optimis
896 2158 1115 2210 quibusque
1136 2158 1263 2197 causis
1283 2158 1371 2209 plus
1392 2158 1535 2196 valere.

430 2221 468 2256 7.
488 2220 616 2270 Atque
636 2219 732 2257 illud
755 2219 870 2258 etiam
892 2233 952 2257 me
973 2219 1081 2257 vobis
1098 2227 1346 2258 ostensurum
1364 2226 1474 2271 puto,
1489 2232 1559 2258 vos
1580 2219 1634 2258 eis
1654 2219 1704 2257 de
1723 2216 1846 2257 tutela

378 2281 600 2320 dicentibus
629 2281 776 2332 aliquid
809 2295 921 2320 aures
950 2283 1123 2333 praebere
1153 2295 1231 2320 non
1261 2289 1451 2333 oportere.
1503 2280 1652 2332 Siquis
1671 2280 1769 2318 enim
1791 2280 1845 2318 eis

377 2343 564 2394 largiatur
583 2343 743 2382 affectos
764 2356 830 2382 eos
851 2357 938 2382 esse
959 2343 1103 2393 injuriis
1124 2357 1241 2395 quam
1261 2343 1342 2381 fieri
1361 2350 1492 2394 potest
1514 2342 1692 2381 maximis
1721 2342 1846 2392 deque

378 2404 438 2442 his
459 2418 563 2443 nunc
579 2405 708 2443 omnia
722 2418 810 2443 vere
830 2405 1016 2452 dicturos,
1037 2405 1132 2443 illud
1151 2419 1218 2443 vos
1238 2405 1375 2455 opinor
1395 2418 1529 2443 omnes
1545 2393 1756 2448 fateamini,
1774 2416 1846 2441 usu

379 2466 532 2522 venisse
556 2470 637 2515 jam
657 2466 889 2517 quibusdam
919 2474 962 2504 ut
993 2467 1200 2518 majoribus
1227 2466 1375 2519 injuriis
1397 2479 1513 2517 quam
1539 2465 1772 2518 pecuniariae
1789 2477 1848 2502 ra-

381 2528 507 2566 tiones
524 2541 610 2566 esse
630 2534 775 2578 queant
793 2528 1050 2566 afficerentur.
1110 2528 1211 2566 Nam
1231 2535 1270 2566 et
1287 2527 1456 2566 fortuitae
1471 2527 1600 2565 caedes
1617 2527 1728 2572 fiunt,
1744 2532 1785 2563 et
1801 2538 1850 2563 ea

381 2589 574 2628 violantur
592 2603 680 2640 quae
701 2603 777 2627 non
807 2597 984 2641 oportet:
1016 2596 1054 2628 et
1086 2590 1208 2627 multa
1240 2591 1324 2640 ejus
1357 2589 1509 2640 generis
1541 2587 1715 2627 facinora
1743 2600 1849 2625 com-

383 2652 613 2690 mittuntur:
643 2651 715 2689 sed
736 2657 863 2688 tamen
881 2651 1020 2689 horum
1041 2651 1211 2689 omnium
1231 2651 1417 2689 terminus
1444 2657 1482 2689 et
1512 2648 1726 2688 satisfactio
1746 2648 1849 2686 laesis

382 2713 573 2763 praefinita
609 2719 670 2751 est
698 2712 798 2758 haec,
819 2712 998 2750 sicum
1036 2713 1354 2751 adversario
1385 2719 1500 2751 tran
1517 2726 1567 2750 se
1584 2711 1775 2762 gerint,
1812 2717 1852 2750 et

383 2775 458 2812 hoc
473 2775 538 2826 jus
556 2781 710 2813 tantum
731 2774 769 2812 in
787 2773 965 2812 omnibus
986 2774 1104 2821 valet,
1123 2781 1180 2819 ut,
1198 2775 1229 2812 si
1249 2775 1336 2825 quis
1357 2774 1521 2825 aliquem
1542 2774 1713 2812 fortuitae
1733 2772 1851 2810 caedis

382 2836 594 2875 convicerit
613 2843 653 2874 et
671 2836 874 2888 perspicue
895 2835 1167 2875 demonstrarit
1185 2849 1271 2875 esse
1291 2836 1497 2888 pollutum,
1514 2842 1554 2874 et
1571 2842 1705 2887 postea
1720 2843 1852 2874 tamen

385 2898 565 2949 placatus
585 2911 674 2936 cum
695 2898 855 2936 missum
875 2897 1023 2944 fecerit,
1045 2897 1221 2949 ejusdem
1249 2896 1429 2949 ejiciendi
1456 2903 1688 2949 potestatem
1716 2902 1853 2948 postea

387 2974 464 2999 non
484 2960 635 3000 habeat.
695 2960 794 2999 Cum
816 2959 930 3012 igitur
951 2960 1110 3010 quando
1137 2960 1185 2998 de
1217 2959 1295 2998 vita
1324 2958 1560 3010 summisque
1588 2959 1700 2998 rebus
1726 2958 1854 3009 agitur
