1948 3306
374 163 450 200 688
746 165 1037 206 ADVERSUS
1066 166 1425 209 TIMOTHEUM.

372 265 666 306 estAlcisthene
681 277 844 321 praetore
857 283 904 309 ea
916 271 966 309 de
981 284 1113 318 causa,
1126 271 1231 322 quod
1244 273 1391 311 interea
1408 273 1617 313 relaturum
1631 284 1718 313 eum
1735 282 1832 327 quas

372 332 535 381 petierat
550 333 701 383 putavit
718 342 828 385 pater
846 349 854 372 :
885 343 1088 386 postquam
1108 342 1235 374 autern
1256 337 1326 375 iste
1341 337 1584 386 discesserat,
1602 339 1740 391 phialis
1753 349 1831 378 non

372 392 515 439 relatis,
535 406 661 444 neque
698 395 837 446 phialae
867 396 1126 435 Timosthenis
1161 397 1266 448 apud
1298 397 1572 438 PhormIOnem
1600 401 1684 438 sitae
1711 407 1832 446 erant,

371 460 488 504 atque
504 455 535 492 is
557 455 765 494 adveniens
786 470 850 494 eas
869 459 1082 508 repetebat,
1108 465 1188 496 tum,
1208 466 1245 497 et
1275 460 1439 510 pretium
1459 460 1675 512 phialarum
1703 461 1832 501 Timo-

371 515 498 554 stheni
527 518 722 568 persolvit,
748 524 787 557 et
816 518 1026 556 debitorem
1052 519 1167 557 istum
1199 521 1247 558 ad
1281 521 1466 572 reliquum
1491 535 1546 561 aes
1575 523 1744 562 alienum
1775 524 1832 562 in-

374 577 541 628 scripsit.
611 579 754 623 Quare,
783 579 813 616 si
846 579 917 616 hac
948 580 1174 619 defensione
1206 582 1400 632 abutetur,
1424 596 1464 621 se
1488 597 1564 621 non
1584 579 1702 623 fuisse
1729 585 1834 636 domi

372 642 610 691 temporibus
640 642 728 687 illis,
747 655 835 679 cum
869 642 940 680 sibi
967 644 1131 693 pretium
1158 644 1368 695 phialarum
1391 660 1606 698 expensum
1626 648 1748 687 latum
1770 649 1833 696 sit,

372 702 427 740 sic
446 703 488 739 eir
501 703 747 754 respondete,
781 704 976 755 Accepisti
1009 718 1075 743 eas
1095 719 1183 744 cum
1209 707 1385 747 adesses:
1415 716 1619 761 postquam
1640 724 1730 749 vero
1755 723 1833 749 non

369 766 780 817 referebas—peregre
801 768 900 805 enim
922 769 1124 814 aberas——,
1144 768 1284 820 phialae
1303 777 1445 817 autem,
1465 784 1562 822 quas
1586 771 1753 810 creditor
1774 782 1834 810 re-

372 830 544 880 petebat,
571 842 649 867 non
679 829 853 876 aderant,
884 829 1090 881 inscriptus
1123 843 1164 868 es
1196 831 1278 882 ejus
1308 831 1419 882 pretii
1448 832 1612 880 debitor,
1634 833 1739 884 quod
1763 846 1833 885 pro

370 890 509 941 phialis
529 897 589 928 est
608 890 792 929 solutum.

431 954 492 989 14.
524 953 576 990 At
606 953 763 991 hercule
794 952 958 991 fortasse
992 952 1109 999 dicat,
1142 953 1322 992 debuisse
1352 961 1501 1006 patrem
1533 969 1555 994 a
1587 969 1628 994 se
1662 963 1834 1008 repetere

370 1013 543 1064 phialas?
578 1015 658 1052 Sed
673 1021 710 1053 te
726 1015 882 1053 videbat
896 1015 1027 1066 inopia
1045 1015 1179 1066 premi.
1226 1016 1277 1053 Et
1296 1029 1382 1054 cum
1398 1017 1446 1055 de
1462 1023 1602 1056 caetero
1617 1032 1693 1056 aere
1708 1018 1838 1056 alieno

372 1074 488 1112 fidem
525 1075 593 1113 tibi
618 1076 792 1122 haberet,
810 1083 850 1114 et
869 1084 1023 1128 putaret
1042 1089 1082 1114 se
1108 1077 1147 1114 id
1167 1090 1190 1114 a
1208 1082 1246 1114 te
1267 1090 1421 1116 reverso
1441 1084 1480 1116 et
1510 1078 1641 1130 locupl
1665 1086 1770 1118 etato
1785 1092 1843 1117 re-

372 1144 590 1188 cepturum,
611 1138 660 1176 de
674 1138 813 1189 phialis
833 1138 900 1175 tibi
921 1138 1071 1175 diffisus
1093 1145 1196 1176 esset
1217 1138 1389 1177 scilicet?
1419 1141 1564 1185 Quum,
1579 1147 1761 1191 precante
1782 1148 1836 1187 te,

369 1211 460 1236 cum
491 1199 540 1237 ad
565 1212 697 1250 regem
715 1200 1029 1252 proficiscereris,
1048 1212 1088 1237 se
1110 1199 1268 1237 naulum
1287 1199 1479 1250 lignorum
1511 1201 1723 1239 soluturum
1753 1201 1838 1253 pol-

370 1259 575 1298 liceretur:
607 1262 655 1299 dc
675 1261 814 1313 phialis
843 1261 993 1299 duabus
1024 1261 1140 1298 fidem
1171 1261 1239 1298 tibi
1263 1274 1341 1299 non
1360 1261 1589 1301 habuisset?
1615 1277 1732 1314 quum
1753 1264 1839 1301 reli-

369 1335 488 1372 quum
510 1323 682 1361 debitum
712 1337 734 1362 a
764 1331 802 1361 te
833 1336 911 1362 non
937 1329 1174 1374 reposceret,
1195 1331 1371 1374 respectu
1400 1324 1540 1375 inopiae
1573 1331 1665 1376 tuae,
1688 1325 1838 1377 phialas

366 1386 683 1436 repoposcisset?

429 1450 491 1485 15.
522 1449 611 1486 Jam
633 1462 723 1486 vero
750 1450 859 1487 vobis
881 1449 995 1486 etiam
1020 1447 1068 1485 de
1083 1447 1213 1485 delato
1227 1446 1482 1499 jurejurando
1510 1447 1651 1495 dicam,
1670 1450 1774 1500 quod
1801 1458 1840 1489 et

372 1509 433 1547 isti
467 1523 540 1560 ego
574 1510 771 1561 pollicitus
804 1524 902 1556 sum,
931 1517 969 1548 et
1003 1510 1074 1547 iste
1097 1509 1202 1547 mihi.
1259 1509 1326 1547 Me
1363 1509 1464 1547 enim
1488 1509 1767 1562 jusjurandum
1799 1511 1837 1549 iu

369 1572 549 1610 echinum
571 1573 813 1624 conjiciente,
834 1572 1058 1624 postulabat
1076 1578 1115 1609 et
1133 1571 1217 1622 ipse
1233 1570 1327 1609 dato
1339 1570 1592 1623 jurejurando
1613 1585 1653 1610 se
1673 1571 1840 1611 liberari.

372 1635 461 1686 Ego
491 1649 594 1682 vero,
614 1636 688 1674 nisi
718 1643 824 1674 certo
851 1636 1011 1674 scissem
1041 1647 1129 1672 eum
1152 1640 1191 1672 et
1219 1633 1436 1672 civitatibus
1456 1641 1496 1672 et
1514 1634 1734 1688 hominibus
1763 1635 1840 1686 pri-

368 1697 468 1734 vatis
488 1704 527 1735 et
547 1711 649 1748 saepe
671 1705 709 1735 et
731 1698 881 1749 magnis
901 1698 940 1734 in
961 1697 1076 1735 rebus
1096 1696 1226 1734 datam
1246 1695 1431 1734 fefellisse
1456 1696 1587 1744 fidem,
1614 1697 1836 1736 detulissem

369 1759 405 1796 ei
425 1772 516 1796 sane
535 1759 574 1796 id
589 1759 862 1810 jusjurandum
880 1772 889 1797 ε
931 1772 1046 1804 nunc,
1068 1770 1155 1796 cum
1175 1764 1295 1796 testes
1315 1757 1407 1795 mihi
1437 1757 1529 1805 sint,
1558 1759 1758 1810 accepisse
1780 1773 1838 1798 ar-

370 1829 530 1872 gentum
569 1836 591 1860 a
625 1836 760 1860 mensa
791 1836 875 1867 eos,
907 1822 1047 1872 quibus
1079 1821 1149 1858 iste
1180 1820 1218 1857 id
1251 1819 1334 1857 dari
1360 1820 1542 1871 jusserat,
1573 1827 1838 1872 praetereaque

368 1882 532 1920 illustria
558 1891 801 1934 argumenta,
822 1896 898 1920 non
927 1881 1247 1921 committendum
1267 1881 1480 1927 videbatur,
1507 1888 1552 1920 ut
1581 1882 1614 1920 ei
1638 1881 1836 1934 jusjuran-

371 1944 464 1981 dum
498 1945 702 1989 deferrem,
738 1944 803 1995 qui
831 1944 1085 1996 jurisjurandi
1117 1943 1303 1993 religione
1335 1943 1430 1994 quid
1462 1950 1695 1990 moveretur,
1716 1957 1834 1995 quum

370 2019 443 2044 nec
463 2007 511 2044 ab
537 2007 612 2043 aris
631 2007 721 2057 ipsis
742 2020 820 2057 prae
839 2006 998 2044 avaritia
1025 2019 1159 2043 manus
1187 2005 1444 2043 abstinuerit?
1484 2006 1542 2043 Ac
1562 2005 1683 2043 multa
1704 2005 1837 2056 singu·

369 2067 477 2106 latim
499 2068 629 2106 referri
650 2074 823 2119 possent,
845 2068 985 2118 quibus
1012 2067 1050 2105 in
1079 2068 1194 2105 rebus
1227 2074 1373 2106 temere
1403 2067 1606 2119 pejerarit:
1637 2081 1726 2119 quae
1746 2078 1836 2107 vero

371 2131 457 2179 ejus
490 2129 659 2182 perjuria
692 2136 730 2167 et
755 2130 1043 2168 evidentissima
1072 2135 1112 2167 et
1132 2130 1241 2168 vobis
1267 2130 1381 2168 etiam
1409 2142 1488 2167 non
1513 2129 1648 2181 ignota
1667 2137 1771 2177 sunt,
1792 2143 1837 2169 ea

369 2191 478 2229 vobis
499 2192 537 2229 in
557 2192 780 2230 memoriam
800 2192 987 2242 redigam.
1045 2191 1281 2229 Meministis
1312 2191 1429 2230 istum
1460 2203 1531 2243 pro
1561 2191 1751 2230 concione
1771 2196 1836 2242 ju-

369 2266 476 2291 rasse
496 2260 534 2291 et
553 2253 805 2305 imprecatum
834 2254 905 2291 sibi
925 2253 1243 2299 internecionem,
1265 2253 1338 2291 nisi
1367 2253 1600 2304 Iphicratem
1629 2255 1837 2305 peregrini-

368 2316 459 2353 tatis
481 2324 694 2361 accusaret‚
716 2322 754 2353 et
773 2328 862 2354 suas
890 2316 1099 2353 facultates
1119 2327 1372 2353 consecrasse
1391 2329 1401 2353 ι
1439 2329 1527 2367 quae
1559 2328 1648 2353 cum
1669 2316 1842 2367 jurasset·

369 2383 409 2414 et
429 2389 496 2428 pro
511 2378 695 2414 concione
715 2377 965 2428 promisisset,
980 2380 1068 2415 non
1094 2376 1214 2427 longo
1234 2383 1410 2428 tempore
1435 2383 1536 2427 post,
1557 2377 1716 2428 privatae
1736 2377 1837 2415 utili-

367 2439 458 2476 tatis
479 2451 611 2482 causa,
633 2452 742 2476 suam
762 2439 880 2476 filiam
898 2438 999 2477 illius
1019 2439 1100 2477 filio
1119 2439 1338 2492 despondit.
1396 2439 1471 2483 Qui
1491 2438 1608 2490 igitur
1621 2449 1750 2491 nequ‘e
1768 2451 1837 2477 vos

367 2500 512 2538 veritus
539 2506 600 2538 est
630 2500 883 2551 pollicitando
900 2501 1094 2552 decipere,
1114 2515 1202 2540 cum
1221 2502 1331 2552 leges
1352 2514 1440 2539 eum
1462 2501 1527 2552 qui
1547 2500 1742 2539 id'fecerit
1765 2514 1841 2552 pu-·

367 2561 468 2600 bl-ice
488 2561 624 2613 capitis
646 2563 820 2600 accusari
835 2563 1017 2613 jubeant,
1036 2577 1161 2614 neque
1192 2564 1286 2602 deos
1317 2562 1567 2609 immortales,
1586 2574 1749 2613 quorum
1778 2563 1837 2601 in-

366 2630 506 2662 vocato
540 2623 698 2661 numine
727 2624 820 2662 diris
850 2632 967 2676 caput
994 2639 1107 2663 suum
1133 2625 1289 2664 devovit
1308 2637 1386 2675 quo
1406 2624 1533 2663 minus
1553 2624 1756 2676 pejeraret,
1775 2637 1836 2662 re-

368 2684 600 2730 formidavit,
632 2685 666 2722 ei
684 2698 746 2722 me
766 2686 937 2724 noluisse
964 2687 1113 2725 deferre
1138 2687 1416 2739 jusjurandum
1441 2694 1552 2725 estne
1570 2687 1663 2725 vitio
1683 2694 1837 2726 verten-

368 2745 490 2783 dum?
519 2745 659 2797 Neque
679 2746 796 2785 etiam
820 2748 886 2785 diu
916 2756 989 2794 est,
1012 2761 1099 2787 cum
1120 2763 1254 2787 rursus
1281 2762 1349 2801 pro
1369 2749 1559 2788 concione
1571 2751 1732 2798 juravit,
1765 2750 1837 2789 sibi

369 2819 447 2845 non
468 2808 561 2846 satis
582 2821 667 2847 esse
688 2808 918 2848 facultatum
940 2811 989 2849 ad
1009 2812 1334 2850 sustentationem
1355 2806 1688 2858 senectutis‚eum
1708 2819 1835 2852 tantas

368 2882 463 2920 opes
483 2870 696 2920 possideat.
752 2871 864 2910 Adeo
882 2872 1105 2924 inexplebili
1128 2880 1167 2912 et
1186 2873 1345 2912 sordido
1365 2880 1428 2912 est
1444 2874 1614 2926 ingenio.

428 2932 489 2969 16.
520 2931 605 2982 Ego
632 2945 722 2971 vero
748 2947 769 2972 e
795 2934 903 2973 vobis
928 2947 1098 2985 quaerere
1126 2934 1257 2983 velim,
1277 2935 1465 2987 numquid
1484 2936 1701 2976 irascamini
1727 2948 1839 2976 mens
