1948 3306
378 186 457 223 696
779 183 1071 225 ADVERSUS
1104 183 1423 225 POLYCLEM.

378 292 467 338 ptus
488 285 623 337 reliqui
645 288 826 338 temporis
848 288 939 325 mihi
965 286 1173 339 persolvat,
1192 287 1317 338 deque
1342 287 1587 327 armamentis
1612 289 1837 330 eum’inter-

377 361 489 399 rogo,
521 354 648 387 utrum
677 361 724 388 ea
760 357 1008 401 suscepturus
1041 356 1156 396 esset,
1186 362 1233 387 an
1268 349 1432 401 propriis
1465 362 1598 388 secum
1629 352 1756 391 allatis
1786 353 1838 391 ad

376 422 515 448 navem
533 411 695 449 veniret.
753 412 852 455 Quae
872 424 961 449 cum
981 411 1029 448 ab
1049 423 1095 449 eo
1114 411 1363 462 postularem,
1392 413 1555 463 rogabat
1577 425 1639 451 me
1669 426 1738 452 cur
1762 427 1838 466 ego

377 471 484 509 solus
504 486 524 510 e
539 472 755 511 trierarchis
777 473 924 523 privata
945 478 1179 510 armamenta
1198 473 1395 519 haberem,
1415 480 1454 512 et
1477 479 1604 511 utrum
1622 473 1758 513 civitas
1779 476 1838 526 ig-

377 540 533 572 noraret
561 547 675 586 posse
709 535 898 585 quosdam
926 541 1163 572 armamenta
1194 536 1367 585 praebere
1400 535 1578 581 navibus,
1599 548 1648 573 ne
1680 535 1764 587 ipsa
1791 549 1840 575 ea

373 596 576 646 praeberet,
597 609 646 633 an
674 596 756 641 tibi,
780 595 914 646 inquit,
933 604 1073 646 praeter
1105 602 1267 635 caeteros
1296 597 1349 635 ita
1376 597 1470 635 libet
1503 597 1736 648 profundere
1769 611 1838 654 per

376 657 584 695 ludibrium
604 657 770 702 divitias,
789 664 831 694 ut
847 665 886 695 et
907 664 1144 696 armamenta
1162 658 1311 709 privata
1329 659 1490 705 habeas,
1510 665 1550 697 et
1569 664 1705 697 aurata
1724 672 1838 697 orna-

377 726 509 757 menta
530 719 636 757 solus
658 733 678 757 e
701 719 946 758 trierarchis?
989 719 1087 763 Quis
1110 720 1240 770 igitur,
1269 720 1407 771 inquit,
1436 727 1572 772 posset
1601 727 1707 759 tuam
1733 721 1839 759 insa-

376 780 479 818 niam
496 786 661 831 tuasque
680 781 925 832 profusiones
945 781 1140 820 tolerare?
1170 782 1396 821 comitatum
1416 790 1653 835 corruptum,
1681 789 1721 822 et
1738 784 1838 822 mul-

376 849 458 881 tum
477 844 652 894 pecuniae
683 850 771 882 ante
800 850 951 895 tempus
982 857 1136 896 capere,
1165 851 1204 883 et
1226 845 1436 883 immunem
1456 859 1479 883 a
1495 846 1661 898 receptis
1681 846 1837 884 navium

375 905 610 951 muner-ibuS,
627 912 666 943 et
682 906 809 944 lavare
830 906 868 943 in
888 905 1037 944 balneis
1053 905 1236 943 solitum?
1267 912 1306 944 et
1320 919 1409 944 cum
1423 905 1564 944 milites
1578 913 1662 944 tum
1674 907 1837 958 remiges

374 968 424 1005 ob
445 979 628 1018 magnum
662 974 702 1006 et
727 967 918 1019 integrum
949 967 1185 1018 stipendium
1216 968 1309 1005 luxu
1343 967 1588 1006 diffluentes?
1629 968 1836 1016 Malorum,

374 1030 512 1082 inquit,
532 1031 667 1069 doctor
687 1030 866 1069 exstitisti
902 1030 940 1068 in
970 1030 1151 1076 exercitu,
1173 1036 1212 1068 et
1231 1037 1367 1068 auctor
1385 1042 1426 1068 es
1446 1043 1494 1068 ex
1519 1029 1648 1080 aliqua
1665 1036 1774 1081 parte
1793 1037 1837 1068 ut

372 1100 413 1132 et
431 1092 567 1144 reliqui
587 1093 783 1132 trierarchi
803 1093 987 1131 militibus
1007 1092 1298 1144 improbioribus
1318 1098 1489 1139 utantur,
1501 1091 1639 1130 eadem
1658 1105 1747 1143 quae
1761 1091 1837 1130 tuis

373 1162 416 1195 tu
452 1155 603 1206 largiris
634 1156 928 1206 requirentibus.
999 1155 1207 1194 Decuisset
1235 1162 1275 1194 te
1310 1161 1538 1194 caeterorum
1574 1154 1836 1205 frugalitatem

371 1218 524 1256 imitari.
582 1219 681 1255 Haec
701 1231 746 1255 eo
767 1218 933 1263 dicente,
963 1231 1036 1268 ego
1057 1223 1273 1269 propterea,
1292 1217 1463 1268 inquam,
1482 1230 1503 1255 e
1523 1216 1650 1255 navali
1674 1230 1752 1255 non
1771 1230 1836 1255 ac-

369 1280 454 1332 cepi
472 1284 721 1324 armamenta,
745 1278 848 1329 quod
870 1279 952 1330 ipse
970 1291 1018 1317 ea
1038 1278 1251 1330 perdidisti.
1297 1278 1390 1325 Sed,
1408 1279 1440 1316 si
1459 1278 1530 1325 vis,
1549 1278 1633 1316 haec
1648 1278 1833 1329 accipito:

371 1342 431 1380 sin
450 1340 590 1387 minus,
612 1347 851 1378 armamenta
872 1340 953 1392 ipse
972 1341 1041 1379 tibi
1061 1353 1256 1392 compara.
1316 1339 1435 1384 Quod
1469 1346 1600 1378 autem
1622 1340 1673 1378 ad
1696 1346 1834 1378 nautas

371 1403 511 1441 attinet
534 1408 573 1440 et
592 1401 732 1439 milites
749 1415 796 1439 ac
816 1402 997 1453 remiges,
1022 1403 1054 1440 si
1074 1415 1142 1440 eos
1162 1415 1185 1440 a
1205 1414 1267 1440 me
1297 1407 1500 1453 corruptos
1527 1414 1614 1439 esse
1639 1401 1750 1447 dicis,
1770 1414 1834 1439 ac-

369 1471 485 1516 cepta
502 1462 645 1501 triremi
664 1462 745 1514 ipse
760 1463 829 1501 tibi
850 1470 889 1501 et
906 1470 1046 1502 nautas
1061 1470 1101 1502 et
1114 1463 1251 1501 milites
1266 1469 1305 1501 et
1321 1463 1488 1514 remiges
1507 1475 1616 1510 cura,
1636 1463 1701 1514 qui
1716 1463 1835 1514 gratis

369 1533 408 1564 te
429 1526 676 1564 comitentur:
707 1537 844 1563 navem
860 1532 987 1564 autem
1003 1525 1147 1577 accipe,
1164 1538 1289 1576 neque
1309 1525 1411 1563 enim
1427 1538 1489 1564 me
1505 1524 1648 1563 triremi
1666 1538 1834 1576 praeesse

369 1588 487 1626 decet
505 1587 684 1638 amplius.
743 1587 844 1625 Nam
864 1594 904 1626 et
921 1588 1164 1639 praefecturoe
1187 1599 1284 1625 meae
1310 1594 1466 1638 tempus
1487 1586 1680 1638 praeteriit,
1702 1593 1741 1625 et
1758 1600 1833 1638 ego

360 1651 444 1703 jam
463 1655 629 1700 quatuor
647 1661 800 1687 menses
819 1649 922 1687 ultra
940 1649 980 1687 id
1000 1662 1098 1688 onus
1122 1648 1298 1688 sustinui.
1355 1649 1454 1686 Haec
1474 1662 1535 1686 me
1551 1648 1722 1697 dicente,
1738 1649 1831 1687 mihi

366 1712 533 1763 collega,
552 1710 690 1761 inquit,
709 1723 820 1748 meus
841 1724 918 1749 non
937 1711 1042 1750 venit
1067 1711 1117 1749 ad
1145 1724 1308 1750 navem:
1338 1724 1417 1750 non
1447 1711 1562 1763 igitur
1589 1711 1693 1749 solus
1723 1710 1832 1749 trire-

367 1788 471 1813 mem
492 1773 690 1824 accipiam.
728 1773 825 1810 Haec
845 1786 934 1811 vere
953 1786 977 1811 a
994 1786 1055 1811 me
1075 1773 1152 1811 dici
1173 1773 1277 1825 apud
1296 1787 1378 1820 vos,
1397 1780 1437 1812 et
1455 1786 1544 1812 eum
1564 1773 1603 1811 in
1623 1773 1706 1811 soro
1726 1773 1831 1824 prius

368 1837 462 1875 mihi
480 1834 742 1887 respondisse,
761 1848 803 1873 se
821 1847 907 1873 mea
935 1836 1053 1873 verba
1071 1835 1166 1873 nihil
1186 1848 1338 1879 curare;
1370 1841 1410 1874 et
1432 1834 1472 1873 in
1492 1834 1657 1882 aedibus,
1676 1835 1744 1873 ubi
1769 1835 1832 1872 Ti-

368 1898 596 1937 momachus
617 1897 894 1944 diversabatur,
915 1910 956 1936 se
976 1898 1101 1936 solum
1121 1911 1258 1936 navem
1277 1910 1356 1935 non
1381 1910 1468 1936 esse
1492 1902 1756 1949 accepturum,
1774 1897 1830 1935 uti

367 1965 534 2007 constet,
552 1960 687 1998 harum
709 1972 834 1997 rerum
854 1959 964 1998 vobis
984 1959 1207 1998 testimonia
1221 1959 1410 2011 legentur.

917 2114 1272 2154 TESTIMONIA.

426 2213 488 2250 10.
518 2211 617 2250 Post
648 2211 746 2258 haec,
767 2210 942 2256 judices,
961 2224 1050 2249 cum
1081 2224 1154 2249 nec
1179 2211 1217 2249 in
1238 2223 1335 2249 nave
1354 2209 1448 2248 mihi
1469 2208 1678 2248 succedere
1697 2209 1828 2253 vellet,

366 2287 493 2326 neque
514 2280 690 2325 sumptus
711 2273 847 2324 reliqui
875 2274 1059 2325 temporis
1087 2273 1279 2321 redderet,
1300 2280 1339 2311 et
1365 2286 1428 2312 me
1450 2272 1533 2311 dux
1552 2273 1701 2311 solvere
1713 2272 1829 2324 jube-

366 2343 437 2382 ret,
459 2348 667 2387 aggressus
688 2349 774 2374 eum
797 2336 915 2375 Thasi
935 2335 973 2373 in
994 2342 1122 2387 portu,
1141 2349 1270 2374 coram
1291 2335 1407 2387 duce,
1426 2334 1545 2387 plena
1566 2337 1647 2384 jam
1671 2334 1827 2380 triremi,

368 2398 423 2437 sic
445 2411 535 2436 cum
555 2411 601 2436 eo
622 2411 709 2449 ago,
726 2411 802 2436 non
824 2397 930 2449 quod
950 2411 1104 2448 aequum
1121 2404 1226 2436 esset
1241 2401 1341 2447 (erat
1358 2396 1459 2435 enim
1477 2397 1548 2435 iste
1562 2395 1719 2435 meliore
1737 2408 1829 2434 con-

368 2460 542 2509 ditione),
573 2459 642 2498 sed
674 2460 763 2510 quia
791 2473 860 2511 pro
890 2473 929 2498 re
956 2465 1048 2498 nata
1068 2460 1122 2497 sic
1147 2472 1262 2511 agere
1287 2472 1448 2499 necesse
1474 2458 1568 2496 mihi
1585 2464 1691 2497 erat:
1721 2464 1829 2509 post-

365 2535 481 2574 quam
501 2528 544 2559 tu
564 2521 634 2568 ais,
655 2520 851 2573 Polycles,
871 2521 1063 2572 collegam
1084 2527 1193 2559 tuum
1214 2535 1293 2560 non
1314 2521 1457 2567 venire,
1476 2521 1671 2572 impensas
1693 2518 1828 2570 reliqui

367 2583 565 2635 temporis,
585 2589 750 2634 quatuor
768 2582 975 2630 mensium,
990 2583 1022 2621 si
1041 2590 1189 2634 potero,
1207 2584 1255 2622 ab
1277 2595 1323 2621 eo
1343 2583 1509 2634 exigam.
1567 2581 1630 2620 Tu
1646 2594 1738 2619 vero
1764 2594 1829 2619 ac-

364 2652 481 2698 cepta
513 2645 616 2692 navi,
636 2645 800 2697 primum
827 2651 936 2683 tuum
964 2651 1134 2697 tempus,
1156 2658 1225 2683 sex
1253 2657 1424 2693 menses,
1455 2644 1588 2683 obito:
1617 2642 1772 2690 deinde,
1794 2642 1828 2681 si

364 2709 512 2747 interea
530 2707 675 2745 venerit
693 2707 845 2757 collega
863 2714 968 2753 tuus,
989 2720 1076 2745 eam
1096 2707 1202 2746 obito
1227 2712 1296 2744 tuo
1328 2719 1486 2744 munere
1509 2705 1565 2743 illi
1589 2704 1746 2752 tradito,
1767 2704 1826 2743 sin

365 2770 509 2816 minus,
529 2768 624 2808 nihil
654 2768 898 2807 intolerabile
931 2768 1001 2807 tibi
1033 2768 1198 2816 accidet,
1225 2767 1298 2806 etsi
1327 2768 1427 2806 duos
1455 2779 1607 2806 menses
1624 2766 1826 2818 adjeceris.

368 2832 442 2876 An,
463 2844 552 2869 cum
586 2844 659 2882 ego
691 2837 730 2870 et
756 2844 885 2869 meum
915 2838 1068 2883 tempus
1089 2838 1129 2869 et
1159 2831 1324 2882 collegae
1353 2830 1528 2879 obierim,
1547 2837 1587 2869 et
1614 2842 1684 2882 pro
1715 2829 1824 2868 vobis

365 2893 483 2931 etiam
504 2899 641 2931 exacto
663 2899 835 2946 tempore
854 2894 1054 2946 publicum
1076 2906 1218 2931 munus
1253 2892 1513 2939 sustinuerim,
1533 2899 1588 2940 tu,
1607 2892 1672 2944 qui
1698 2891 1825 2930 nullos
1880 2919 1881 2922 =

362 2954 488 2995 fecisti
504 2961 702 3006 sumptus,
722 2955 904 3007 gravariS‚
925 2961 1109 3008 suscepta
1127 2955 1228 3005 navi,
1248 2955 1310 2997 vel
1329 2962 1439 2994 tuum
1454 2953 1558 2994 obire
1575 2960 1742 3008 tempus,
1758 2959 1824 2992 aut

1937 3118 1945 3160 ,ιω
1939 3077 1945 3091 .-
1939 3024 1948 3048 4,
