1998 3306
379 217 457 253 576
488 213 785 253 ADVERSUS
818 214 1233 253 NAUSIMACHUM
1267 213 1332 252 ΕΤ
1362 213 1744 254 ΧΕΝΟΡΙΤΗΕΜ.

381 317 480 356 Haec
500 316 601 355 enim
623 323 717 356 sunt
735 317 785 356 de
804 317 946 370 quibus
961 316 1000 356 hi
1014 317 1208 369 judicant.
1266 317 1307 355 Si
1326 329 1415 356 vero
1433 316 1519 356 haec
1537 317 1747 357 ostendere
1768 330 1847 356 non

375 385 572 430 poterunt,
599 379 700 418 sicut
720 393 797 419 non
818 386 1016 431 poterunt,
1036 393 1107 418 nos
1127 392 1262 418 omnes
1283 392 1353 418 vos
1381 379 1638 431 precabimur,
1666 381 1689 418 J
1695 379 1842 426 udices,

376 455 425 480 ne
445 455 514 480 nos
543 442 626 481 istis
655 442 898 489 condonetis,
918 456 1015 481 neve
1033 451 1210 493 quartum
1243 443 1298 480 eis
1330 442 1605 494 patrimonium
1624 442 1736 490 detis,
1756 442 1844 482 cum

375 503 452 542 alia
481 505 554 542 tria
578 504 680 542 male
715 503 1034 551 administrarint,
1055 517 1174 542 unum
1201 504 1307 556 quod
1339 517 1362 542 a
1393 504 1586 543 tutoribus
1619 517 1708 542 cum
1739 506 1843 543 bona

374 566 500 617 gratia
517 573 766 618 acceperunt,
789 567 953 605 alterum
974 566 1080 618 quod
1100 575 1256 618 propter
1277 566 1468 605 actionem
1489 572 1746 611 extorserunt,
1765 572 1842 604 ter-

373 629 469 666 tium
488 629 594 679 quod
615 642 738 680 nuper
753 630 978 681 eripuerunt
993 629 1100 667 AEsio
1114 629 1264 681 judicio
1280 628 1381 667 victo
1400 642 1409 667 ι
1442 629 1512 667 sed
1529 641 1615 675 nos,
1631 634 1673 666 ut
1684 640 1842 678 aequum
1891 656 1896 666 ,

373 697 446 737 est,
465 697 599 728 nostra
630 697 760 729 tenere
794 691 1004 742 patiamini.
1064 691 1163 735 Quae
1195 690 1304 729 vobis
1337 690 1453 729 etiam
1486 691 1580 728 dum
1615 703 1735 742 penes
1768 702 1840 729 nos

372 752 516 790 fuerint
534 751 687 790 utiliora
705 758 819 790 erunt
836 766 954 804 quam
984 753 1016 791 si
1045 765 1165 804 penes
1186 752 1281 791 istos
1312 752 1412 796 sint;
1443 758 1483 791 et
1501 752 1646 804 justius
1667 752 1843 805 profecto

374 821 436 853 est
455 826 527 851 nos
548 820 682 851 nostra
702 820 847 860 tenere,
867 827 985 865 quam
1006 814 1115 853 istos.

429 875 521 913 Non
552 874 679 922 video,
708 876 820 926 plura
852 876 981 915 dicere
1015 889 1199 927 quorsum
1234 876 1420 915 attineat:
1455 876 1616 917 arbitror
1647 877 1749 916 enim
1768 888 1838 916 vos

374 937 468 977 nihil
487 950 619 976 eorum
639 937 817 989 ignorare
839 951 927 989 quae
949 938 1130 977 diximus.
1191 937 1327 977 Exime
1347 951 1501 990 aquam.
