1948 3306
337 193 416 228 (576
784 192 843 229 IN
875 192 1345 231 OLYMPIODORUM.

340 295 465 332 solum
497 295 665 341 dicebat,
691 295 760 334 sed
791 296 836 333 iis
865 296 914 334 de
947 296 1058 334 rebus
1091 296 1310 334 testimonia
1339 294 1570 347 proferebat.
1627 295 1802 340 Quorum

339 370 413 407 ego
432 356 526 394 nihil
546 357 670 396 refelli
688 371 696 395 :
728 371 851 409 neque
871 371 916 395 ex
937 371 998 395 me
1020 358 1223 408 quisquam
1250 358 1468 396 mortalium
1489 371 1621 397 vocem
1642 358 1804 408 audivit,

338 419 413 456 isto
434 432 590 457 causam
611 428 764 471 agente,
784 420 843 457 vel
864 433 1022 471 parvam
1051 420 1110 457 vel
1133 433 1328 471 magnam,
1349 420 1419 458 sed
1446 433 1536 458 vera
1556 433 1642 458 esse
1661 419 1804 465 omnia,

336 493 578 531 quaecunque
612 481 673 518 isti
703 481 834 518 dicere
862 480 1014 517 libitum
1046 479 1186 526 fuerat,
1217 495 1302 519 sum
1334 482 1475 519 fassus.
1544 481 1802 531 Conjunctam

338 541 440 578 enim
479 549 608 580 tecum
639 555 796 580 causam
832 542 1037 588 habebam,
1068 550 1184 593 prout
1216 543 1308 580 mihi
1341 550 1379 580 et
1412 542 1478 580 tibi
1510 543 1633 580 visum
1662 543 1802 580 fuerat.

340 602 457 644 Quod
479 603 510 641 si
539 617 596 649 ea,
617 617 704 654 quae
737 603 837 648 dico,
858 616 948 641 vera
975 616 1052 641 non
1083 611 1185 650 sunt,
1206 617 1274 641 cur
1294 617 1367 655 ego
1400 611 1518 642 testes
1547 604 1613 654 qui
1637 610 1718 641 turn
1739 603 1828 642 illa.

338 664 518 702 dixerant
550 678 624 702 non
645 665 832 716 coargui?
862 678 930 703 cur
959 678 1021 702 me
1048 678 1126 703 non
1146 666 1363 704 commovi?
1392 672 1460 704 aut
1476 666 1725 717 quamobrem
1746 673 1802 710 tu,

340 726 635 778 Olympiodoro,
655 739 855 777 nunquam
875 741 935 765 me
956 728 991 765 in
1009 728 1073 778 jus
1094 727 1242 765 vocasti
1263 727 1311 765 de
1331 741 1452 766 censu
1471 728 1627 773 aedium,
1647 741 1746 778 quas
1766 734 1804 764 te

337 788 442 835 mihi,
465 795 508 826 ut
528 797 627 834 tuaS‚
647 788 801 826 locasse
820 788 1088 840 profitebaris?
1119 796 1186 826 aut
1211 788 1259 826 de
1287 790 1466 835 nummis,
1489 803 1588 840 quos
1609 789 1714 841 apud
1741 789 1804 840 ju-

337 850 443 888 dices
477 857 514 888 te
544 850 636 888 mihi
668 850 823 889 dedisse
851 859 988 889 mutuo
1019 849 1204 888 dicebas?
1235 850 1385 888 Horum
1405 850 1529 888 fecisti
1550 851 1656 888 nihil.
1715 851 1804 894 Quo

336 919 452 963 pacto
473 912 587 963 igitur
607 912 811 963 quisquam
830 913 1047 951 evidentius
1074 911 1267 950 mendacii
1286 912 1553 958 convincetur,
1573 919 1613 950 et
1631 913 1713 963 ipse
1733 926 1804 963 pu-

337 987 458 1024 gnare
477 987 621 1021 secum,
641 981 679 1011 et
698 987 744 1012 ea
763 974 914 1012 causari
930 988 1018 1025 quae
1039 987 1238 1024 nunquam
1259 973 1368 1024 facta·
1384 980 1488 1020 sunt,
1508 973 1764 1011 ostendetur?

396 1037 456 1073 10.
487 1035 606 1079 Quod
625 1048 715 1074 vero
748 1043 808 1074 est
832 1036 1004 1074 onmium
1037 1035 1264 1080 maximum,
1292 1034 1466 1087 Judices,
1485 1048 1640 1086 quoque
1659 1048 1804 1085 cogno-

338 1097 454 1135 scetis
477 1111 592 1149 quam
625 1098 788 1147 injustus
821 1107 861 1136 et
890 1111 1025 1136 avarus
1058 1097 1184 1147 homo,
1202 1097 1262 1134 sit.
1321 1096 1478 1142 Decuit‚
1501 1096 1533 1133 si
1561 1096 1652 1147 quid
1674 1109 1805 1133 eorum

337 1172 424 1210 quae
444 1154 539 1198 dicit
555 1173 686 1198 verum
706 1166 822 1206 esset,
842 1160 948 1210 prius
968 1159 1077 1196 illum
1089 1159 1172 1204 ¹ista
1192 1157 1336 1196 dixisse
1363 1164 1402 1195 et
1429 1165 1518 1195 ante
1540 1158 1682 1195 facturn
1697 1158 1806 1209 judi-

336 1221 438 1259 cium
471 1222 703 1268 ostendisse,
728 1221 905 1271 judicum
936 1220 1086 1259 animos
1117 1220 1400 1272 periclitantem
1429 1219 1611 1270 quidnam
1633 1233 1805 1270 pronun-

334 1282 471 1321 ciaturi
490 1290 643 1327 essent;
675 1283 888 1333 multisque
913 1283 1079 1320 testibus
1109 1282 1306 1328 adhibitis,
1326 1288 1455 1332 petere
1474 1287 1517 1318 ut
1543 1282 1672 1332 pactio
1700 1282 1805 1333 apud

335 1344 611 1383 Androclidem
631 1342 704 1382 sita
724 1344 936 1390 tolleretur,
957 1350 1001 1381 ut
1019 1357 1133 1394 quam
1164 1357 1238 1395 ego
1269 1342 1451 1380 violarem
1472 1342 1538 1392 qui
1569 1343 1603 1380 ei
1624 1342 1804 1382 adversa-

334 1419 416 1450 rer;
448 1413 487 1444 et
505 1413 685 1456 tanquam
706 1405 887 1456 pactione
908 1406 1007 1442 inter
1028 1419 1088 1443 me
1107 1411 1146 1443 et
1166 1418 1207 1442 se
1230 1404 1396 1449 sublata,
1414 1403 1664 1441 Androclidae
1684 1417 1707 1442 a
1726 1419 1807 1455 quo

335 1481 382 1506 ea
409 1475 625 1506 asservatur
655 1467 903 1513 denunciare,
926 1467 997 1505 sibi
1022 1470 1103 1515 jam
1133 1466 1227 1503 nihil
1258 1478 1343 1503 esse
1371 1465 1424 1502 rei
1452 1478 1538 1503 cum
1567 1466 1647 1504 illa.
1706 1466 1804 1505 Haec

335 1531 442 1568 facta
464 1543 549 1567 esse
570 1529 755 1580 oportuit,
775 1528 950 1574 Judices,
972 1529 1003 1566 si
1032 1528 1126 1579 quid
1146 1541 1278 1565 eorum
1297 1540 1385 1577 quae
1406 1526 1500 1564 dicit
1518 1540 1648 1565 verum
1676 1536 1804 1572 esset;

336 1592 508 1643 oportuit
529 1598 567 1629 et
587 1591 711 1631 solum
734 1590 949 1629 accessisse
968 1590 1019 1628 ad
1043 1588 1318 1627 Androclidem
1345 1601 1391 1626 ac
1425 1589 1636 1635 testificari,
1658 1596 1698 1628 et
1716 1604 1804 1628 cum

334 1654 500 1691 testibus
520 1652 665 1697 multis,
680 1658 724 1689 ut
742 1646 1061 1700 multosvhaberet
1079 1649 1257 1689 conscios
1274 1662 1283 1687 z
1317 1662 1404 1687 eum
1419 1662 1509 1688 vero
1524 1650 1618 1687 nihil
1635 1663 1805 1701 unquam

333 1714 470 1751 horum
492 1713 645 1759 secisse,
664 1712 787 1764 ipsius
805 1709 1070 1758 Andr-deliciae,
1091 1711 1196 1762 apud
1217 1723 1332 1762 quem
1358 1710 1489 1761 pactio
1510 1711 1584 1749 sita
1603 1718 1677 1758 est,
1697 1712 1804 1750 testi-

333 1775 464 1817 monio
484 1774 721 1825 intelligetis.
779 1774 890 1825 Lege
908 1774 1187 1813 testimonium.
1589 1771 1594 1775 ’

869 1929 1274 1968 TESTIMONIUM.

393 2027 455 2063 11.
486 2025 575 2063 Jam
611 2024 715 2062 aliud
746 2024 827 2076 ejus
857 2024 1023 2072 facinus,
1056 2025 1232 2072 Judices,
1261 2025 1516 2066 considerate.
1575 2025 1660 2077 Ego
1686 2025 1803 2065 istum

332 2088 539 2141 provocavi
573 2094 613 2125 et
641 2086 734 2138 petii
762 2093 807 2124 ut
834 2100 894 2125 me
921 2087 970 2124 ad
999 2087 1276 2126 Androclidem
1309 2094 1546 2138 sequeretur,
1565 2087 1669 2138 apud
1689 2101 1804 2138 quem

332 2151 460 2203 pactio
480 2150 555 2188 sita
573 2156 688 2194 esset,
710 2162 786 2201 quo
807 2162 892 2187 eam
911 2149 1167 2188 communiter
1186 2149 1418 2201 exscriptam
1435 2149 1566 2188 denuo
1580 2140 1806 2200 obsignare-

332 2226 434 2257 mus,
459 2218 498 2249 et
526 2210 703 2262 exempla
725 2211 760 2248 in
780 2211 959 2250 echinum
980 2211 1287 2259 conjiceremus3
1318 2218 1362 2249 ut
1383 2224 1431 2249 ne
1454 2211 1536 2249 ulla
1555 2217 1654 2249 esset
1678 2211 1804 2262 suspi-

332 2275 407 2321 cio,
428 2274 498 2312 sed
518 2279 562 2310 ut
580 2285 648 2310 vos
670 2273 784 2310 rebus
805 2272 983 2310 omnibus
1003 2273 1056 2311 ita
1075 2280 1117 2311 ut
1137 2279 1286 2311 rectum
1310 2279 1348 2311 et
1379 2285 1534 2323 aequum
1561 2280 1620 2311 est
1647 2272 1804 2319 auditis,

332 2336 374 2374 id
401 2334 673 2379 decerneretis,
695 2335 802 2385 quod
834 2334 942 2372 vobis
969 2334 1230 2383 justissimum
1250 2334 1455 2373 videretur.
1513 2334 1602 2372 Hoc
1631 2348 1694 2373 me
1713 2348 1803 2386 pro-

332 2404 511 2442 vocante,
533 2396 627 2433 nihil
646 2396 783 2433 horum
804 2397 936 2434 facere
958 2396 1099 2434 voluit:
1126 2397 1192 2435 sed
1216 2397 1253 2434 in
1274 2396 1370 2434 illud
1392 2395 1554 2443 studuit,
1570 2402 1614 2434 ut
1630 2410 1679 2434 ne
1697 2409 1767 2435 vos
1783 2411 1804 2435 e

332 2458 603 2502 communibus
637 2457 756 2495 literis
787 2457 1005 2507 pactionem
1034 2458 1168 2496 audire
1188 2458 1366 2509 possetis.
1424 2458 1540 2497 Hanc
1560 2458 1804 2509 provocatio-

331 2534 420 2560 nem
438 2534 524 2559 esse
545 2534 567 2558 a
586 2533 646 2557 me
664 2519 808 2557 ‘factam
831 2518 884 2557 uti
906 2526 1073 2566 constet,
1094 2534 1230 2558 eorum
1251 2520 1516 2559 testimonium
1535 2520 1644 2558 vobis
1666 2520 1804 2559 recita-

331 2584 450 2631 bitur,
468 2596 598 2622 coram
617 2582 759 2633 quibus
778 2581 862 2633 ipsa
880 2582 1105 2633 provocatio
1125 2582 1230 2621 facta
1247 2588 1319 2621 est.
1378 2581 1481 2633 Lege
1501 2581 1776 2620 testimonium.

855 2727 1260 2766 TESTIMONIUM.

333 2827 421 2868 Qua
450 2823 598 2863 ratione
632 2822 753 2874 magis
785 2822 938 2860 ostendi
964 2830 1111 2873 posset,
1138 2822 1335 2861 hominem
1364 2821 1458 2860 nihil
1490 2822 1592 2874 aequi
1618 2829 1802 2875 praestare

331 2886 425 2925 mihi
444 2887 586 2924 habere
606 2887 644 2924 in
664 2885 816 2930 anim03
846 2885 916 2922 sed
949 2892 1086 2937 putare
1113 2898 1154 2923 se
1174 2885 1218 2923 iis
1247 2898 1309 2923 me
1337 2885 1605 2924 fraudaturum
1626 2898 1712 2936 quae
1740 2898 1802 2923 me

332 2947 522 3000 recepisse
552 2948 740 3000 oportuit:
772 2945 837 2998 qui
859 2946 1014 2998 quidem
1044 2952 1254 2998 praetextus
1286 2945 1423 2985 afferat
1442 2952 1481 2985 et
1512 2945 1801 2985 criminationes
