1915 3356
542 209 768 250 CONTRA
798 208 1193 247 THEOCRINEM.
1520 208 1597 245 755

140 320 267 358 vante,
300 314 472 353 facinora
503 315 614 353 istius
648 321 782 365 potero
810 312 1090 350 demonstrare.
1148 310 1294 348 Praeter
1317 310 1403 348 haec
1433 309 1483 347 ob
1503 308 1599 346 illud

139 376 268 422 etiam,
280 376 304 414 J
310 376 454 422 udices,
475 376 581 428 quod
599 375 776 428 proditus
796 385 1029 413 sum—vera
1044 371 1146 410 enim
1168 371 1271 422 apud
1286 384 1353 408 vos
1371 370 1600 409 dicentur-

138 438 187 476 ab
208 437 436 485 hominibus,
456 439 533 489 qui,
568 450 657 476 cum
688 436 737 473 ob
772 434 999 482 inimicitias,
1020 446 1117 485 quas
1144 445 1232 470 cum
1261 432 1334 470 isto
1354 433 1600 479 exercebant,

136 498 253 537 fidem
273 499 377 550 apud
405 512 474 538 nos
494 497 745 541 invenissent,
767 495 972 546 auditaque
993 508 1047 541 re,
1079 493 1402 545 subscriptionem
1435 502 1475 532 et
1506 500 1600 532 stre-

139 574 257 598 nuam
287 574 442 612 operam
475 559 759 611 promisissent,
782 572 840 596 me
867 571 971 595 nunc
1004 556 1206 602 destituto,
1226 569 1314 594 cum
1341 555 1415 593 isto
1445 556 1484 592 in
1515 567 1601 593 meo

140 622 358 661 discrimine
377 622 415 660 in
444 622 606 673 gratiam
637 618 846 659 redieruut.
902 621 1032 662 Quare
1058 631 1173 657 nemo
1200 625 1260 656 est
1279 618 1344 669 qui
1365 617 1455 655 mihi
1474 624 1602 668 patro-

140 685 304 730 cinetur,
324 683 397 722 nisi
418 697 477 722 me
494 684 592 722 sorte
611 682 915 722 necessariorum
937 680 1075 732 aliquis
1097 679 1297 732 adjuverit.
1415 728 1418 730 v

194 748 232 784 2.
254 747 316 784 Ac
336 745 466 783 multis
492 745 648 796 quidem
677 746 748 783 iste
779 744 1039 783 delationibus
1068 741 1259 799 obnoxius
1281 741 1366 788 fuit,
1385 753 1601 792 omnesque

139 809 263 859 leges,
284 821 372 859 quae
402 820 449 845 ea
481 807 530 845 de
558 821 598 845 re
629 815 781 854 cavent,
801 806 983 850 violavit3
1014 804 1323 844 recentissimum
1354 810 1483 842 autem
1515 804 1602 853 ejus

138 870 368 917 facinorum,
388 869 529 921 navigii
556 870 832 908 indicationem
860 882 947 908 esse
971 867 1195 920 reperimus.
1252 868 1501 917 Quapropter
1520 865 1604 904 haec

138 931 179 971 in
200 931 393 971 delatione
413 932 624 984 perscripta
644 932 737 970 mihi
757 940 866 984 pater
885 931 1005 970 dedit.
1064 931 1122 968 Ac
1148 930 1313 982 primum
1332 929 1396 967 lex
1415 929 1524 967 vobis
1544 941 1603 966 re-

139 993 320 1033 citabitur
349 993 415 1033 illa
439 995 488 1033 de
517 995 778 1034 indicantibus
812 1002 852 1034 et
879 994 1234 1046 praevaricantibus,
1257 1000 1296 1031 et
1329 999 1466 1031 contra
1494 992 1605 1042 leges

139 1070 228 1096 cum
249 1057 478 1096 adversariis
499 1058 823 1109 transigentibus;
855 1057 945 1096 hinc
964 1056 1082 1097 ,enim
1102 1054 1384 1107 auspicandam
1403 1067 1489 1092 esse
1511 1052 1605 1091 mihi

139 1118 353 1158 orationem
372 1131 515 1157 censeo
533 1131 543 1157 ε
574 1119 716 1158 deinde
736 1118 919 1158 indicatio
936 1117 1035 1170 ipsa,
1055 1130 1133 1169 qua
1153 1117 1227 1156 iste
1243 1115 1391 1155 Miconi
1404 1115 1604 1168 negotium

142 1181 316 1220 facessit.
374 1179 526 1220 Recita.

627 1320 747 1359 LEX.
806 1319 1118 1358 INDICATIO.

142 1405 361 1463 Lex'haec,
381 1415 556 1463 Judices‚
588 1415 880 1454 instituentibus
910 1423 978 1454 aut
1009 1414 1165 1467 publice
1194 1426 1395 1459 accusare,
1414 1421 1482 1451 aut
1509 1413 1606 1451 indi-

143 1490 246 1523 care,
266 1486 335 1516 aut
366 1477 563 1530 quippiam
595 1477 700 1517 aliud
730 1492 864 1517 eorum
891 1478 1020 1516 facere
1047 1491 1135 1529 quae
1161 1477 1201 1515 in
1231 1477 1320 1528 lege
1340 1476 1483 1528 scripta
1503 1484 1610 1522 sunt,

141 1539 349 1592 perspicue
376 1540 598 1587 denunciat,
631 1541 789 1593 quibus‘
803 1540 1091 1580 conditionibus
1125 1539 1264 1578 horum
1298 1539 1483 1591 quaelibet
1515 1530 1608 1578 fici..

142 1602 247 1640 enda
266 1602 357 1641 sint.
416 1603 489 1641 Hae
510 1610 639 1642 autem
659 1612 762 1649 sunt,
785 1611 827 1641 ut
847 1617 894 1642 ex
911 1603 996 1655 ipsa
1015 1603 1103 1654 lege
1123 1601 1340 1647 audivistis,
1360 1601 1391 1639 si
1412 1601 1495 1653 quis
1516 1602 1611 1639 acti·

144 1677 259 1702 onem
279 1673 507 1716 persecutus
528 1665 700 1717 quintam
722 1664 993 1717 suffragiorum
1010 1671 1161 1716 partem
1182 1677 1259 1702 non
1279 1663 1422 1709 tulerit,
1444 1671 1486 1700 ut
1506 1662 1610 1701 mille

144 1727 350 1766 drachmas
372 1728 511 1774 solvat,
531 1727 638 1779 quod
658 1727 689 1765 si
708 1741 783 1766 non
815 1735 1085 1779 persequatur,
1106 1726 1337 1772 Theocrine,
1366 1725 1462 1764 alias
1481 1724 1609 1763 mille:

143 1795 189 1827 ut
218 1779 345 1840 neque
378 1789 698 1828 calumniatorem
733 1797 826 1840 agat
857 1789 1073 1841 quisquam,
1107 1802 1236 1840 neque
1267 1788 1492 1839 impunitate
1523 1799 1611 1839 pro-

143 1851 271 1902 posita
289 1852 576 1903 praevaricetur,
597 1859 665 1890 aut
683 1852 880 1891 condonet
902 1852 1059 1903 publica
1079 1851 1250 1903 negotia.
1310 1851 1477 1888 Affirmo
1497 1849 1613 1900 igitur

142 1910 218 1950 hac
251 1912 444 1951 delatione
474 1913 595 1951 teneri
619 1913 885 1960 Theocrineni,
906 1913 1012 1964 quod
1042 1912 1242 1951 Miconem
1273 1911 1493 1950 Chollidem
1513 1911 1613 1949 indi-

143 1973 253 2020 carit,
273 1987 344 2013 nec
363 1974 413 2013 sit
439 1982 680 2027 persecutus,
700 1975 771 2014 sed
791 1983 954 2027 accepta
979 1975 1144 2027 pecunia
1163 1975 1360 2027 negotium
1381 1974 1611 2013 vendiderit.

146 2034 198 2073 Et
225 2035 303 2075 hoc
331 2044 463 2088 aperte
497 2037 784 2083 demonstrabo,
817 2044 862 2074 ut
893 2050 967 2089 ego
1006 2037 1181 2076 arbitror.
1240 2038 1474 2087 Quanquam
1510 2036 1611 2074 enirn

145 2096 395 2144 Theocrines,
414 2112 436 2136 o
456 2097 632 2143 Judices,
663 2098 799 2149 suique
821 2099 1015 2150 gregales,
1035 2098 1130 2137 nibil
1164 2111 1242 2136 non
1272 2098 1451 2136 fecerunt
1479 2098 1613 2149 appel-

144 2160 273 2199 landis
294 2161 470 2208 testibus,
491 2161 546 2200 eis
572 2162 712 2213 partim
739 2161 975 2208 minitantes,
995 2163 1134 2214 partim
1152 2161 1394 2216 pollicentes,
1423 2174 1471 2199 ne
1503 2161 1612 2199 testi-

145 2221 320 2261 monium
340 2223 495 2267 dicant;
526 2230 657 2261 tamen
693 2223 725 2261 si
759 2236 828 2262 vos
860 2236 931 2275 pro
963 2224 1087 2262 officio
1114 2237 1176 2262 me
1209 2222 1444 2274 adjuveritis,
1470 2235 1614 2274 eosque

139 2284 348 2337 jusseritis,
367 2298 413 2324 ac
431 2285 560 2338 potius
581 2284 764 2336 adigente
784 2299 859 2331 me,
881 2299 951 2324 vos
972 2299 1049 2324 una
1067 2285 1276 2337 adegeritis
1291 2298 1357 2323 eos
1378 2292 1446 2323 aut
1464 2285 1613 2332 testari,

145 2353 214 2385 aut
231 2346 393 2399 ejurare,
413 2360 539 2398 neque
558 2347 728 2386 cavillari
745 2360 810 2386 eos
833 2347 1010 2395 siveritis,
1036 2362 1169 2386 verum
1187 2347 1416 2386 invenietur.
1473 2347 1613 2386 Recita

145 2409 262 2461 igitur
280 2408 448 2462 primum
466 2408 753 2457 indicationem,
775 2409 916 2449 deinde
938 2410 1173 2449 testimonia.

729 2566 1038 2605 INDICATIO.

150 2670 270 2711 Hanc
300 2672 574 2712 indicationem
601 2672 777 2711 exhibuit
808 2672 895 2718 iste,
917 2671 1090 2717 Judices,
1112 2670 1268 2708 Micone
1286 2676 1486 2712 accusatO,
1510 2679 1613 2704 eam-

152 2745 228 2784 que
246 2734 374 2774 scriba
390 2742 585 2774 mercatus
604 2742 826 2774 curatorum
848 2733 1142 2786 Euthyphenius
1163 2731 1328 2783 accepit,
1350 2731 1494 2779 diuque
1526 2736 1615 2766 aute

151 2795 356 2835 concilium
387 2797 571 2836 indicatio
605 2796 806 2849 proposita
836 2795 972 2848 jacuit,
992 2795 1122 2846 quoad
1153 2794 1224 2831 iste
1260 2799 1422 2843 accepta
1451 2790 1618 2842 pecunia

153 2856 311 2897 missam
341 2872 427 2898 eam
455 2859 560 2907 fecit,
580 2859 875 2897 recensentibus
901 2857 1145 2909 praetoribus,
1167 2864 1206 2894 et
1235 2868 1324 2893 cuni
1354 2853 1401 2891 ad
1433 2853 1617 2904 quaestio-

155 2932 247 2958 nem
264 2920 505 2960 vocantibus.
550 2921 649 2960 Haec
666 2929 712 2960 ut
730 2934 753 2960 a
771 2934 833 2959 me
850 2934 940 2958 vere
962 2919 1038 2957 dici
1059 2926 1222 2963 constet,
1237 2917 1401 2968 primum
1423 2927 1532 2960 voca,
1554 2915 1619 2965 qui

156 2983 450 3034 magistratuum
469 2983 595 3024 scriba
614 2991 695 3022 tum
716 2984 802 3030 fuit,
825 2981 1152 3034 Euthyphemum.
