1948 3306
314 189 393 229 772
785 183 1009 224 CONTRA
1039 182 1310 222 NEAERAM.

312 300 392 330 tem
418 290 529 329 vobis
560 291 688 342 ipsum
723 296 834 337 voco,
857 297 895 329 et
924 301 1064 341 cogam
1095 289 1245 335 testari,
1273 293 1342 326 aut
1376 288 1524 338 ejurare
1558 288 1777 328 secundum

311 354 454 404 legem,
476 359 543 391 aut
559 353 687 392 citabo
706 364 807 392 eum.
864 353 950 403 Age
968 362 1066 389 voca
1084 350 1176 388 mihi
1197 350 1482 402 Hipparchum.

853 463 1263 502 TESTIMONIUM.

357 550 556 592 Hipparchus
575 550 789 583 Athmonensis
806 556 936 581 testatur
960 552 1170 583 Xenoclidem
1186 557 1218 583 et
1234 562 1267 583 se
1291 552 1480 584 conduxisse
1502 553 1645 584 Neaeram
1669 544 1778 585 Corin-

307 602 366 639 thi,
393 613 461 634 eam
485 614 553 643 quae
576 609 656 633 nunc
673 613 725 633 rea
749 603 800 638 sit,
817 607 960 642 tanquam
983 605 1179 635 meretricem
1204 606 1377 646 prostitutae
1398 604 1572 646 pudicitiae,
1595 609 1627 636 et
1642 603 1781 636 Corinthi

310 665 417 685 seeum
429 659 629 694 computasse
647 655 788 685 Neoeram
806 659 838 684 et
852 665 922 684 cum
939 655 1118 686 Xenoclide
1132 661 1233 696 poeta.

370 732 431 769 10.
460 732 555 770 Post
575 731 662 770 hacc
682 731 764 783 ejus
785 738 978 771 amatores
999 733 1098 771 fiunt
1118 732 1219 772 duo:
1249 731 1517 772 Timanorides
1538 730 1780 782 Corinthius,

309 801 350 832 et
370 794 562 832 Eucrates
583 793 816 832 Leucadius.
873 794 965 841 Qui,
996 795 1178 846 quoniam
1207 801 1436 846 sumptuosa
1466 802 1550 834 erat
1583 791 1780 842 Nicareta‚

307 862 347 894 et
372 856 590 908 imperiosa,
609 857 847 908 petebatque
868 856 1116 907 quotidianas
1140 857 1339 908 impensas
1363 870 1500 896 omnes
1531 857 1604 895 sibi
1634 857 1782 896 submi-

308 918 478 965 nistrari,
495 918 620 970 pretio
640 919 812 971 corporis
828 921 910 968 ejus
931 918 1092 971 triginta
1109 918 1224 957 minis
1240 925 1444 958 numerato
1464 918 1672 966 Nicaretae,
1694 932 1781 958 eam

308 980 359 1018 ab
377 979 456 1027 illa,
476 993 583 1019 more
603 981 726 1028 urbis,
752 989 941 1029 emerunt,
962 988 1004 1020 ut
1033 982 1192 1021 omnino
1214 981 1357 1020 ancilla
1388 994 1460 1020 sua
1480 988 1599 1029 esset,
1619 994 1782 1033 eamque

307 1041 543 1089 habuerunt,
564 1051 605 1081 et
622 1051 861 1096 usurparunt
880 1044 1068 1096 quamdiu
1087 1044 1309 1084 voluerunt.
1350 1043 1516 1083 Ducturi
1534 1049 1664 1082 autem
1684 1057 1783 1082 uxo-

307 1118 383 1151 res,
403 1105 439 1144 ei
459 1106 713 1153 denunciant,
735 1120 777 1145 se
808 1107 913 1145 nolle
932 1120 1032 1155 eam,
1061 1121 1151 1160 quae
1181 1121 1253 1146 sua
1284 1106 1411 1146 amica
1428 1106 1580 1154 fuisset,
1603 1105 1783 1145 Corinthi

306 1166 440 1206 videre
472 1173 666 1220 quaestum
697 1169 923 1215 facientem,
952 1177 1020 1208 aut
1050 1170 1181 1209 lenoni
1215 1169 1472 1208 servientem:
1501 1168 1618 1207 malle
1651 1168 1782 1208 minus

307 1230 459 1281 argenti
480 1231 528 1269 ab
549 1243 595 1270 ea
613 1231 787 1283 recipere
806 1244 923 1283 quam
944 1239 1231 1281 numerassent‚
1249 1239 1290 1270 et
1309 1231 1433 1283 ipsam
1452 1230 1685 1270 secundiore
1705 1230 1782 1269 for-

306 1298 402 1330 tuna
420 1292 550 1332 videre
569 1300 756 1332 utentem.
814 1293 1028 1333 Remittere
1043 1294 1162 1346 igitur
1180 1293 1214 1332 ei
1232 1305 1275 1332 se
1295 1292 1481 1332 dicebant
1494 1293 1544 1332 ad
1561 1293 1781 1332 libertatem

305 1353 413 1392 mille
431 1354 909 1406 drachmas‚'quingentas
930 1365 1137 1407 utrumque
1154 1368 1164 1393 ι
1193 1355 1484 1407 viginti'autem
1504 1354 1642 1402 minas,
1657 1355 1781 1407 ipsam

307 1428 546 1468 comparare,
568 1417 718 1469 sibique
737 1417 902 1457 reddere
916 1418 1122 1470 jubebant.
1160 1419 1276 1464 Quae,
1298 1416 1442 1455 auditis
1461 1416 1522 1455 his
1542 1417 1723 1456 Eucratis
1743 1423 1784 1455 et

305 1477 565 1517 Timanoridae
584 1480 725 1526 verbis,
744 1480 975 1519 Corinthum
996 1479 1161 1519 accersit
1178 1492 1268 1519 cum
1287 1479 1383 1518 alios
1398 1485 1550 1518 veteres
1564 1492 1655 1518 suos
1675 1491 1781 1518 ama—

306 1546 425 1585 tores,
446 1548 531 1579 tum
565 1541 830 1594 Phrynionem
852 1543 1135 1589 Paeaniensem‚
1159 1541 1349 1581 Demonis
1367 1541 1506 1590 filium,
1523 1536 1782 1582 Democharis

304 1603 478 1651 fratrem,
500 1604 619 1642 vitam
654 1611 838 1655 agentem
869 1605 1122 1653 luxuriosam,
1149 1612 1190 1644 et
1218 1610 1504 1657 sumptuosam,
1531 1610 1578 1644 ut
1608 1610 1782 1643 vestrum

305 1667 476 1705 seniores
497 1668 772 1707 meminerunt.
800 1667 985 1707 Profecto
1004 1668 1122 1721 igitur
1141 1668 1192 1707 ad
1211 1681 1298 1708 eam
1313 1667 1549 1720 Phrynione‚
1564 1667 1782 1707 orationem

305 1728 484 1767 Eucratis
503 1735 545 1767 et
565 1730 830 1769 Timanoridae
849 1731 883 1769 ei
907 1731 1039 1778 refert,
1060 1731 1129 1770 dat
1145 1737 1363 1783 argentum,
1381 1730 1489 1782 quod
1503 1731 1552 1769 ab
1572 1730 1656 1769 aliis
1673 1743 1781 1769 ama—

304 1793 452 1831 toribus
488 1793 619 1831 tributi
653 1794 809 1832 nomine
839 1800 1039 1846 exegerat,
1080 1794 1248 1833 collecta
1280 1794 1332 1832 ad
1368 1793 1590 1833 libertatem
1620 1792 1781 1844 conqui-

304 1855 440 1901 renda,
459 1863 499 1893 et
518 1855 549 1893 si
569 1855 663 1907 quid
684 1856 768 1907 ipsa
786 1856 888 1895 sorte
913 1863 1202 1907 comparserat:
1232 1867 1400 1906 eumque
1418 1862 1546 1907 rogat,
1566 1861 1613 1894 ut
1630 1854 1780 1907 reliquo

305 1917 461 1969 adjecto
478 1918 582 1969 quod
605 1918 761 1956 deesset
788 1918 925 1969 viginti
952 1917 1081 1963 minis,
1101 1930 1173 1969 pro
1198 1929 1241 1955 se
1268 1915 1428 1954 Eucrati
1448 1921 1488 1954 et
1505 1915 1780 1970 Timanoridae,

304 1991 384 2030 quo
404 1979 642 2025 liberaretur,
661 1985 895 2016 numeraret.
953 1978 1107 2021 Quibus
1127 1978 1192 2016 ille
1207 1977 1333 2016 verbis
1353 1976 1518 2016 libenter
1538 1976 1696 2024 auditis,
1715 1991 1781 2017 ac-

303 2049 494 2093 ceptoque
514 2048 676 2092 argento
697 2041 802 2093 quod
823 2040 974 2079 mulleri
999 2054 1023 2079 a
1049 2040 1189 2079 ceteris
1215 2039 1452 2078 amatoribus
1477 2040 1662 2078 collatum
1683 2047 1780 2087 erat,

303 2110 343 2142 et
363 2116 409 2142 eo
431 2103 537 2156 quod
559 2103 693 2142 deerat
713 2103 762 2142 de
783 2116 855 2141 suo
875 2102 1045 2155 adjecto,
1067 2101 1207 2154 viginti
1224 2101 1361 2148 minas,
1390 2102 1474 2155 ejus
1496 2101 1677 2156 pretium,
1699 2103 1781 2141 Eu-

303 2165 398 2204 crati
417 2173 457 2203 et
475 2165 734 2204 Timanoridae
759 2171 937 2204 numerat
961 2177 1030 2217 pro
1058 2164 1253 2212 libertate,
1273 2177 1399 2216 eaque
1425 2164 1651 2204 conditione
1669 2163 1715 2203 ut
1732 2177 1781 2203 ne

304 2227 481 2267 Corinthi
501 2234 692 2279 quaestum
711 2228 872 2266 faceret.
923 2226 976 2265 Et
995 2232 1038 2265 ut
1055 2239 1148 2266 vera
1165 2239 1228 2265 me
1243 2225 1373 2265 dicere
1392 2225 1659 2278 cognoscatis,
1674 2226 1779 2266 hunc

303 2292 415 2330 vobis
445 2290 511 2342 qui
546 2291 721 2330 interfuit
756 2296 898 2330 testem
931 2290 1093 2329 vocabo.
1155 2290 1247 2342 Age
1277 2301 1379 2328 voca
1405 2287 1632 2342 Philagrum
1663 2289 1779 2329 Meli-

304 2361 467 2392 tensem.

828 2453 1239 2493 TESTIMONIUM.

348 2542 496 2583 Phiiager
513 2541 687 2573 Melitensis
711 2542 1040 2573 testaturintersuisse
1062 2553 1096 2572 se
1115 2541 1269 2579 Corinthi,
1290 2547 1384 2584 quum
1410 2538 1547 2582 Phrynio
1572 2541 1777 2574 Democharis

301 2597 397 2627 frater
413 2594 522 2635 viginti
537 2594 633 2625 minas
648 2603 707 2634 pro
719 2594 831 2624 Neaera
846 2604 926 2624 nunc
942 2604 995 2624 rea
1009 2599 1189 2624 numeraret
1199 2594 1408 2626 Timanori‘dae
1424 2593 1587 2625 corinthio
1601 2599 1634 2625 'et
1649 2594 1777 2625 Enormi

303 2647 472 2683 Leucadim
487 2650 679 2687 argentoque
695 2650 867 2682 numerato,
882 2645 1024 2675 Neaeram
1041 2654 1147 2675 secum
1162 2645 1303 2675 Athenas
1317 2645 1473 2675 aveheret.
1514 2655 1518 2659 ·

359 2725 421 2762 11.
453 2722 658 2761 Profectus
689 2722 806 2774 igitur
825 2721 916 2768 huc,
937 2733 1024 2760 eam
1042 2721 1264 2774 petulanter
1289 2728 1330 2760 et
1347 2725 1528 2774 proterve
1555 2720 1704 2770 habuit,
1725 2721 1777 2760 ad

302 2798 445 2833 coenas,
460 2785 510 2824 ad
523 2785 745 2837 potationes
761 2797 1007 2836 quocumque
1023 2796 1155 2823 secum
1177 2783 1358 2830 adduxit,
1379 2796 1535 2836 semper
1549 2779 1668 2836 igitur
1684 2790 1774 2823 cur'n

302 2861 348 2886 ea
372 2849 678 2894 comessabatur,
700 2859 860 2899 remque
892 2846 1022 2899 palam
1046 2846 1268 2897 ubicunque
1293 2851 1375 2884 erat
1404 2845 1558 2885 libitum
1590 2845 1774 2892 habebat,

299 2910 406 2962 quod
425 2923 511 2949 eam
532 2909 729 2949 licentiam
746 2909 849 2962 apud
870 2914 1111 2962 spectatores
1132 2907 1240 2947 laudi
1262 2907 1335 2947 sibi
1354 2907 1531 2947 duceret.
1588 2908 1774 2948 Adduce-

297 2974 367 3012 bat
397 2985 483 3012 eam
517 2980 782 3012 comessatum
802 2984 890 3011 cum
922 2972 971 3010 ad
993 2971 1090 3011 alios
1112 2971 1274 3017 multos,
1295 2976 1378 3010 tum
1397 2971 1449 3010 ad
1469 2970 1678 3013 Chabriam
1700 2969 1771 3009 ΖΕ-
