1948 3306
329 162 405 199 836
908 159 1207 201 EPISTOLAE.

328 263 457 302 omnia
488 264 792 315 consequamini.
850 264 950 309 Quae
976 265 1094 317 igitur
1124 263 1191 302 illa
1218 262 1337 302 sunt?
1367 263 1506 315 Neque
1533 263 1678 303 civitati
1708 261 1792 310 ulli,

328 337 456 377 neque
481 325 570 364 ullis
590 326 680 365 viris
712 327 779 378 qui
809 328 999 379 cujusque
1024 327 1130 365 urbis
1164 331 1295 364 vetera
1315 325 1494 364 instituta
1521 325 1794 374 defenderunt,

326 388 574 426 irascendum
603 395 675 436 est,
695 390 764 428 scd
785 389 954 428 delenda
978 390 1107 441 potius
1129 402 1178 427 ex
1198 388 1332 426 animis
1353 387 1536 426 memoria
1554 388 1790 440 injuriarum.

327 450 427 488 Nam
449 451 666 489 istiusmodi
689 458 813 490 metus
835 452 967 497 efficit,
988 461 1032 490 ut
1051 452 1117 503 qui
1137 464 1177 490 se
1201 450 1420 497 foederatis,
1437 450 1476 488 in
1504 450 1709 489 manifesto
1727 465 1794 503 pe-

324 512 445 550 riculo
464 513 724 559 versantibus,
745 513 987 551 necessarios
1008 527 1096 552 esse
1115 513 1257 559 sciunt,
1277 525 1391 564 opem
1421 511 1557 551 iisdem
1588 514 1794 564 promptis-

325 573 420 612 sime
440 574 588 613 ferant:
619 575 683 626 qui
703 582 810 614 metu
838 575 913 613 isto
940 575 1091 613 liberati
1116 588 1249 614 omnes
1280 575 1374 612 fient
1394 574 1581 613 mitiores.
1636 575 1685 612 In
1712 589 1792 627 quo

324 649 401 674 non
435 649 554 687 parva
586 643 647 674 est
683 636 843 674 utilitas.
901 636 960 674 Ac
994 636 1209 688 oppidatim
1243 637 1482 688 proclamare
1511 635 1603 674 talia
1629 636 1792 675 stultum
1829 652 1833 662 =

321 698 451 745 fuerit,
471 698 547 746 imo
580 710 628 736 ne
659 698 741 736 fieri
773 697 928 748 quidem
955 698 995 735 id
1026 705 1174 750 potest:
1206 699 1275 736 sed
1295 705 1410 750 prout
1437 711 1506 737 vos
1525 711 1614 736 cum
1648 698 1795 737 civibus

322 760 458 799 vestris
482 760 609 812 egisse
629 760 807 806 viderint,
828 760 882 798 ita
915 760 1089 798 efficietis
1115 767 1159 798 ut
1189 760 1351 811 quisque
1379 773 1469 798 cum
1498 760 1648 799 caeteris
1678 760 1794 799 etiam

323 829 452 861 actum
480 823 523 860 iri
543 830 757 874 exspectet.
815 822 985 861 Proinde
1018 836 1159 861 censeo
1192 835 1317 873 neque
1346 821 1554 869 civitatem,
1574 835 1701 874 neque
1721 823 1794 861 du-

321 897 421 926 cem,
440 898 567 936 neque
588 892 792 932 oratorem,
808 898 934 937 neque
960 885 1153 937 plebeium
1175 897 1411 936 quemquam
1431 897 1578 931 eorum,
1598 885 1664 935 qui
1683 892 1793 923 ante-

321 949 395 987 hac
414 962 503 987 eum
523 949 744 987 defendisse
773 955 918 987 statum
939 949 1005 1000 qui
1025 955 1106 986 tum
1127 949 1202 986 fuit
1221 947 1292 986 visi
1324 954 1426 994 sunt,
1448 960 1471 985 a
1491 959 1688 998 quoquam
1713 947 1795 986 ullo

321 1011 438 1049 modo
471 1011 533 1049 vel
567 1011 783 1049 taxandum
819 1011 882 1049 vel
916 1011 1201 1064 objurgandum
1219 1023 1229 1048 z
1268 1010 1339 1049 sed
1374 1009 1673 1048 concedendum
1711 1023 1798 1048 esse

320 1064 563 1120 h0c‚*omnes
594 1074 698 1112 cives
730 1088 776 1112 ea
807 1074 933 1125 egisse
963 1088 1049 1125 quae
1077 1073 1306 1125 oportuerit,
1327 1079 1534 1125 postquam
1553 1072 1796 1124 benignitate

322 1134 436 1173 deum
460 1143 689 1175 conservata
707 1136 908 1188 republica
928 1136 1038 1174 vobis
1058 1136 1207 1174 licitum
1227 1141 1289 1174 est
1317 1135 1366 1174 de
1388 1135 1555 1187 integro,
1575 1140 1706 1173 vestro
1736 1148 1795 1172 ar-

319 1197 478 1243 bitratu,
501 1198 727 1246 deliberare,
748 1205 787 1237 et
806 1198 1075 1250 cogitandum,
1093 1197 1425 1249 quemadmodum
1453 1197 1494 1235 in
1525 1196 1628 1244 navi,
1647 1209 1736 1235 cum
1755 1196 1795 1234 hi

318 1260 590 1307 velificatione,
628 1261 683 1299 illi
719 1261 973 1312 remigatione
1011 1261 1200 1299 utendum
1229 1266 1407 1310 censent,
1437 1259 1514 1298 dici
1542 1261 1591 1298 ab
1624 1259 1797 1310 utrisque

320 1322 452 1361 omnia
480 1330 637 1375 propter
661 1323 828 1364 salutem
857 1322 1055 1369 tuendam,
1076 1323 1115 1361 id
1134 1336 1224 1361 vero
1243 1322 1444 1374 praelatum
1473 1334 1562 1360 esse
1593 1322 1798 1360 consilium

321 1385 428 1435 quod
448 1398 536 1423 cum
558 1385 720 1423 deorum
739 1385 940 1423 voluntate
960 1385 1194 1436 congruerit.
1254 1384 1371 1428 Quod
1393 1383 1425 1422 si
1445 1384 1494 1422 de
1520 1383 1729 1435 praeteritis
1750 1384 1800 1422 ad

320 1443 426 1485 hunc
449 1448 610 1485 modum
638 1447 867 1493 statueritis,
891 1455 931 1486 et
948 1447 1066 1485 fidem
1086 1446 1288 1485 invenietis
1306 1447 1408 1498 apud
1432 1459 1583 1493 omnes,
1603 1435 1800 1485 et⁸officio

319 1509 511 1547 bonorum
539 1509 707 1548 virorum
737 1509 969 1560 fungemini,
991 1515 1032 1547 et
1050 1522 1111 1548 res
1134 1515 1282 1547 vestras
1302 1522 1383 1546 non
1402 1521 1541 1560 parum
1564 1507 1737 1560 erigetis,
1759 1514 1799 1547 et

319 1584 385 1609 eos
406 1571 472 1623 qui
490 1573 528 1610 in
548 1573 709 1610 urbibus
731 1572 926 1611 adversati
945 1571 1057 1611 vobis
1077 1571 1236 1611 fuerunt
1255 1585 1302 1610 eo
1322 1571 1525 1623 redigetis,
1554 1577 1597 1610 ut
1619 1577 1687 1609 aut
1707 1585 1800 1610 con-

321 1634 403 1672 silia
423 1642 575 1673 mutent
595 1648 744 1682 omnes,
771 1642 839 1673 aut
861 1634 1019 1673 omnino
1039 1634 1160 1686 aliqui
1179 1647 1267 1673 esse
1287 1634 1326 1672 in
1354 1634 1471 1686 culpa
1487 1633 1561 1686 ipsi
1578 1633 1798 1672 videantur.

322 1696 422 1740 Quae
449 1696 566 1748 igitur
586 1710 606 1735 e
630 1696 849 1748 Republica
867 1703 970 1742 sunt,
992 1710 1039 1735 ea
1062 1696 1215 1747 magnis
1234 1695 1373 1735 animis
1392 1703 1433 1734 et
1451 1694 1613 1735 civiliter
1631 1695 1800 1734 admini-

321 1766 457 1806 strate,
477 1766 516 1797 et
535 1759 772 1811 privatarum
801 1771 930 1797 rerum
961 1758 1233 1797 recordamini.
1291 1760 1420 1809 Atque
1438 1757 1524 1796 haec
1545 1770 1619 1809 ego
1644 1770 1798 1803 moneo,

320 1833 399 1858 non
438 1822 606 1860 eandem
639 1820 922 1859 humanitatem
952 1827 1139 1872 expertus
1167 1820 1273 1872 apud
1307 1819 1531 1865 nonnullos,
1557 1818 1625 1858 sed
1655 1833 1723 1870 per
1741 1819 1801 1857 in-

312 1883 456 1934 juriam
478 1890 517 1921 et
537 1882 767 1921 seditionem
787 1884 825 1921 in
845 1883 1006 1921 aliorum
1029 1882 1192 1934 gratiam
1214 1882 1326 1933 quasi
1353 1881 1597 1933 propinatus.
1652 1880 1797 1919 Verum

318 1959 390 1984 nec
411 1941 570 1997 privatae
591 1946 796 1997 explendae
817 1945 1027 1983 iracundiae
1044 1945 1168 1996 gratia
1182 1944 1403 1996 reipublicae
1418 1943 1634 1982 commodis
1653 1956 1799 1982 nocen-

320 2007 414 2045 dum
444 2014 552 2059 puto,
584 2021 712 2059 neque
747 2007 867 2045 ullam
900 2006 1040 2058 privati
1071 2007 1150 2046 odii
1182 2013 1333 2059 partem
1363 2006 1531 2058 publicis
1564 2006 1798 2046 utilitatibus

319 2069 540 2108 admisceo:
573 2070 643 2108 sed
663 2070 713 2107 ad
734 2083 820 2120 quae
840 2069 937 2107 alios
959 2069 1160 2115 adhortor,
1178 2083 1225 2108 ea
1243 2068 1337 2107 mihi
1355 2069 1480 2120 primo
1509 2081 1596 2107 esse
1618 2068 1799 2107 facienda

320 2145 479 2170 censeo.
538 2131 637 2176 Quae
654 2131 770 2184 igitur
789 2132 1063 2183 praeparanda,
1085 2145 1251 2183 quaeque
1271 2131 1448 2170 cavenda
1476 2137 1581 2178 sunt,
1601 2137 1641 2169 et
1660 2130 1798 2182 quibus

320 2193 484 2244 agendis
505 2195 711 2245 (quantum
745 2193 901 2245 quidem
932 2193 1104 2232 humano
1136 2193 1297 2232 consilio
1325 2193 1519 2246 provideri
1542 2196 1690 2245 potest)
1708 2206 1798 2245 pro-

319 2256 507 2307 sperrimo
531 2256 587 2294 uti
623 2269 812 2294 successu
841 2268 955 2307 posse
975 2255 1198 2301 videamini,
1221 2255 1302 2294 fere
1324 2270 1348 2294 a
1365 2270 1427 2294 me
1456 2262 1516 2294 est
1535 2256 1794 2308 explicatum:

320 2318 557 2368 quotidianis
577 2326 707 2356 autem
729 2317 897 2369 negotiis
918 2329 1104 2370 praeesse,
1125 2323 1164 2355 et
1193 2318 1349 2356 casibus
1375 2317 1512 2357 subitis
1540 2324 1645 2356 recte
1669 2318 1737 2364 uti,
1759 2325 1799 2356 et

318 2380 510 2432 cujusque
534 2380 589 2418 rei
609 2379 828 2431 intelligere
849 2379 1090 2427 occasiones,
1103 2386 1142 2418 et
1154 2379 1349 2432 judicare,
1368 2393 1457 2432 quae
1476 2393 1535 2420 res
1554 2379 1796 2431 benignitate

318 2443 524 2481 verborum
549 2441 715 2480 obtineri
746 2441 915 2493 possint,
936 2455 1025 2493 quae
1057 2441 1150 2480 item
1180 2441 1216 2480 vi
1237 2441 1515 2493 extorquendae
1539 2441 1630 2488 sint,
1651 2443 1797 2481 ducum

320 2504 492 2543 officium
514 2511 574 2544 est
603 2504 670 2556 qui
693 2504 810 2542 rebus
844 2504 1164 2543 administrandis
1191 2511 1290 2558 ‘sunt
1318 2504 1505 2557 praefecti.
1564 2504 1653 2549 Qua
1680 2506 1795 2544 etiam

320 2567 370 2605 de
390 2580 510 2606 causa
535 2566 745 2605 durissima
776 2572 837 2605 est
866 2566 1044 2605 dicendae
1076 2566 1116 2604 in
1141 2566 1309 2605 concilio
1341 2568 1542 2607 sententiae
1573 2567 1795 2618 provincia:

318 2642 410 2668 nam
429 2637 535 2669 recte
556 2629 737 2668 consulta
756 2635 796 2667 et
815 2641 960 2680 magno
982 2628 1111 2667 studio
1145 2628 1358 2680 laboreque
1388 2629 1552 2681 probata
1580 2642 1684 2681 saepe
1706 2642 1797 2681 pro-

320 2699 454 2745 pterea
473 2699 790 2745 corrumpuntur,
811 2691 917 2743 quod
938 2691 962 2729 ii
983 2691 1049 2743 qui
1068 2704 1116 2730 ea
1144 2691 1183 2730 in
1210 2691 1405 2730 mandatis
1423 2692 1572 2730 habent
1597 2691 1709 2730 aliter
1727 2705 1796 2730 ex·

321 2762 552 2808 sequuntur.
611 2755 729 2793 Nunc
744 2761 875 2792 tamen
891 2754 992 2793 bene
1013 2767 1246 2793 successura
1265 2766 1352 2793 esse
1371 2753 1501 2792 omnia
1519 2767 1648 2806 spero.
1691 2753 1794 2792 Nam

320 2816 352 2854 si
376 2817 463 2868 quis
484 2816 749 2856 Alexandrum
770 2829 816 2854 eo
835 2814 1076 2854 fortunatum
1096 2823 1221 2868 putat,
1240 2816 1347 2867 quod
1366 2815 1400 2854 ei
1426 2829 1612 2869 prospere
1634 2828 1793 2854 succes-

319 2886 456 2917 serunt
473 2879 615 2926 omnia,
634 2880 668 2917 is
688 2878 784 2916 illud
805 2884 969 2929 reputet,
987 2891 1076 2916 eum
1098 2878 1252 2930 agendo
1268 2884 1307 2917 et
1318 2878 1532 2917 laborando
1547 2884 1587 2916 et
1599 2877 1795 2925 audendo,

317 2954 400 2981 non
435 2941 666 2991 desidendo,
686 2940 809 2979 fuisse
830 2940 1085 2979 fortunatum.
1144 2940 1407 2992 Posteaquam
1427 2939 1544 2992 igitur
1564 2953 1666 2978 nunc
1692 2952 1794 2977 mor-

1941 2248 1948 2307 ..τι
1940 2132 1948 2233 ν-υ-ι
1943 2054 1948 2118 ...ῃ-
1947 1996 1948 2034 μμ
