1948 3306
311 199 389 235 598
743 195 1034 234 ADVERSUS
1076 195 1335 234 SPUDIAM.

311 300 421 350 ginta
441 300 550 337 minis
571 299 670 344 doti3
699 299 899 344 minorem,
923 299 1108 338 Leocrati.
1167 300 1265 342 Quae
1296 312 1384 337 cum
1416 299 1468 337 ita
1498 312 1539 337 se
1569 299 1771 344 haberent,

311 368 394 399 orto
423 362 522 399 inter
547 361 800 412 Polyeuctum
832 370 870 399 et
891 361 1115 398 Leocratem
1145 361 1319 406 dissidio,
1344 361 1391 399 de
1417 373 1495 412 quo
1523 361 1655 399 nescio
1675 360 1770 412 quid

311 423 450 469 dicam,
470 430 640 474 ereptam
663 424 711 460 ab
731 437 776 461 eo
797 424 913 460 filiam
935 422 1093 473 Spudiae
1113 422 1345 474 despondet.
1403 423 1462 460 Eo
1479 421 1583 461 facto
1602 436 1694 461 cum
1710 423 1768 460 in-

309 484 530 534 dignaretur
551 485 770 529 Leocrates,
792 485 828 521 in
851 485 916 535 jus
948 490 1085 522 vocato
1106 483 1321 536 Polyeucto
1341 490 1381 522 et
1401 483 1560 535 Spudia‚
1584 484 1632 522 de
1654 485 1768 522 rebus

310 546 486 584 omnibus
516 545 699 582 rationem
726 545 887 582 reddere
909 552 1103 595 coguntur
1128 558 1136 582 ε
1162 546 1317 583 tandem
1338 546 1391 583 ita
1411 545 1632 596 transigunt
1650 552 1691 583 ut
1711 559 1770 583 re-

309 607 431 658 ceptis
451 607 494 643 iis
517 607 721 643 Leocrates
736 620 822 656 quae
843 606 891 643 de
914 618 984 643 suo
1005 606 1041 642 in
1064 606 1245 644 familiam
1264 606 1460 652 attulerat,
1480 619 1551 644 nec
1573 606 1672 644 male
1691 606 1769 644 vel-

309 667 365 704 let
388 668 616 718 Polyeuete‚
640 673 679 704 et
704 680 818 704 omne
849 667 948 704 inter
973 680 1041 705 eos
1067 667 1267 706 dissidium
1293 675 1397 706 esset
1425 667 1625 706 abolitum.
1683 654 1772 710 Qua

308 728 424 780 igitur
440 729 488 766 de
503 741 622 766 causa
636 729 744 766 vobis
765 729 849 765 haee
872 728 1034 781 narrari,
1051 728 1236 767 Judices?
1265 729 1382 771 Quod
1403 729 1495 767 dote
1515 741 1593 766 non
1614 736 1772 780 recepta

309 790 426 836 omni,
447 789 516 827 sed
548 789 651 826 mille
683 789 876 827 drachmis
899 789 1170 827 deficientibus
1199 797 1288 840 post
1308 790 1510 841 Polyeucti
1530 789 1677 829 obitum
1704 789 1772 837 (ita

309 851 408 889 enim
443 851 692 899 convenerat)
726 851 949 896 reddendis,
970 851 1155 900 quamdiu
1179 848 1383 890 Leocrates
1416 851 1618 903 Polyeucti
1647 851 1771 889 haeres

308 913 394 958 suit,
414 925 501 949 eum
533 925 580 950 eo
601 912 692 949 mihi
725 926 785 949 res
806 912 897 949 fuit:
927 912 996 949 sed
1025 925 1113 949 cum
1144 913 1327 951 cessisset
1354 913 1573 960 Leocrates,
1594 920 1633 950 et
1653 912 1770 963 Poly-

308 980 444 1011 euctus
469 974 682 1024 periculose
704 973 963 1018 decumberet,
982 981 1090 1022 tunc,
1104 973 1282 1019 Judices,
1296 975 1402 1012 aedes
1418 975 1467 1020 ob
1489 974 1623 1011 decem
1649 974 1773 1011 minas

307 1034 458 1086 pignori
486 1035 578 1071 mihi
610 1042 871 1086 opponuntur,
892 1048 912 1072 e
942 1035 1081 1084 quibus
1109 1048 1170 1073 me
1193 1035 1397 1074 locationis
1418 1036 1586 1087 pretium
1605 1035 1773 1087 recipere

307 1103 413 1133 vetat
433 1095 616 1146 Spudias.
675 1096 847 1137 Primum
867 1095 982 1146 igitur
998 1097 1106 1134 vobis
1127 1104 1245 1136 testes
1262 1098 1456 1136 adducam
1476 1099 1543 1149 qui
1564 1097 1772 1143 affuerunt,

306 1170 395 1195 cum
417 1158 678 1208 desponderet
698 1157 790 1194 mihi
811 1158 1049 1209 Polyeuctus
1069 1159 1186 1197 filiam
1202 1161 1459 1211 quadraginta
1477 1160 1593 1202 minis,
1609 1159 1771 1212 promis-

307 1219 384 1256 sis:
412 1219 565 1264 deinde,
592 1219 694 1256 mille
724 1219 920 1256 drachmis
947 1220 1072 1258 minus
1103 1221 1296 1272 recepisse
1325 1235 1386 1260 me
1414 1222 1637 1259 ostendam:
1674 1229 1772 1272 prae-

308 1288 425 1326 terea,
447 1280 701 1331 Polyeuctum
729 1293 879 1332 semper
908 1295 997 1319 esse
1025 1283 1244 1320 confessum
1272 1296 1313 1321 se
1334 1283 1475 1321 debere
1493 1282 1586 1320 mihi
1609 1288 1649 1320 et
1677 1282 1773 1320 Leo-

305 1348 449 1380 cratem
482 1341 852 1393 praedem'dedisse‚
873 1349 912 1380 et
941 1342 1164 1381 morientem
1193 1344 1351 1382 tandem
1383 1343 1576 1395 pepigisse
1609 1356 1650 1381 se
1681 1342 1771 1380 mihi

307 1403 458 1442 libellos
486 1403 589 1441 mille
610 1403 881 1441 drachmarum
907 1405 1054 1443 indices
1074 1412 1232 1456 propter
1251 1406 1383 1444 dotem
1404 1406 1455 1444 ad
1472 1405 1580 1444 aedes
1599 1405 1773 1444 colloca-

308 1471 448 1503 turum.
506 1465 616 1503 Voca
634 1462 727 1501 mihi
748 1470 878 1502 testes.

930 1609 1147 1648 TESTES.

361 1710 397 1746 3.
429 1707 517 1746 Hoc
543 1708 661 1759 igitur
691 1719 810 1745 unum
830 1713 901 1752 est,
920 1706 1096 1752 Judices,
1119 1718 1250 1743 eorum
1271 1704 1320 1743 de
1338 1704 1479 1755 quibus
1501 1703 1689 1754 Spudiam
1709 1716 1775 1742 ac-

306 1782 425 1808 cuso:
457 1783 502 1808 ac
523 1769 572 1807 de
596 1783 642 1807 eo
662 1769 848 1820 quidnam
872 1768 997 1819 majus
1021 1773 1088 1805 aut
1114 1767 1258 1805 firmius
1285 1766 1335 1804 ad
1354 1778 1425 1804 vos
1446 1764 1635 1811 afferrem,
1660 1777 1773 1815 quam

305 1830 446 1882 legem,
467 1845 553 1882 quae
581 1831 698 1881 plane
728 1829 834 1874 dicit,
868 1842 972 1879 quae
999 1828 1115 1878 quis
1143 1826 1603 1878 oppigneraverit,
1631 1825 1681 1862 in
1717 1839 1775 1863 ea

309 1904 408 1929 non
441 1892 611 1929 licere
646 1904 805 1942 age-re
837 1903 934 1928 nec
965 1889 1076 1940 ipsi
1105 1902 1198 1927 nec
1231 1887 1570 1926 haeredibus?
1618 1887 1769 1925 Nihilo-

306 1953 431 1991 minus
450 1960 586 1991 contra
599 1953 672 1991 hoe
695 1953 760 2004 jus
784 1952 888 1990 venit
909 1950 1078 2002 Spudias
1099 1950 1392 2001 disceptaturus.
1446 1949 1642 1996 Alterum,
1659 1948 1771 1987 Judi-

307 2028 386 2060 ces,
406 2022 479 2060 est,
500 2015 598 2052 duas
612 2015 737 2052 minas
751 2020 913 2051 testatus
929 2019 990 2050 est
1002 2012 1255 2062 Aristogenes
1270 2010 1492 2062 postulasse
1503 2009 1774 2061 Polyeuctum,

306 2092 392 2129 quae
412 2079 482 2116 sibi
500 2078 732 2116 deberentur
748 2091 770 2115 a
791 2077 953 2128 Spudia,
969 2089 1056 2114 cum
1069 2075 1283 2114 usura—id
1297 2088 1387 2113 vero
1401 2075 1498 2115 servi
1518 2074 1683 2125 pretium
1698 2082 1772 2122 est,

307 2153 419 2190 quem
440 2153 527 2177 cum
546 2139 620 2177 iste
636 2152 659 2176 a
674 2139 889 2190 Polyeucto
908 2138 1075 2183 emisset,
1097 2137 1262 2188 pretium
1282 2149 1410 2187 neque
1429 2135 1484 2173 illi
1504 2136 1630 2182 solvit,
1647 2149 1772 2187 neque

307 2215 408 2239 nunc
422 2202 459 2239 in
474 2213 676 2238 commune
687 2201 914 2251 protulit—,
929 2200 1175 2250 octingentas
1191 2212 1305 2249 porro
1318 2207 1357 2236 et
1371 2198 1475 2236 mille
1489 2198 1708 2243 drachmas,
1722 2197 1771 2235 de

305 2264 445 2313 quibus
477 2275 552 2300 nec
573 2275 648 2312 ego
667 2262 748 2300 scio
768 2261 860 2312 quid
881 2261 979 2311 aequi
1002 2260 1127 2312 possit
1152 2260 1304 2298 dicere:
1334 2251 1535 2298 mutuatus
1569 2258 1669 2297 enim
1699 2257 1772 2296 fuit

306 2337 392 2362 eam
411 2324 613 2375 pecuniam
636 2336 659 2360 a
678 2322 881 2374 Polyeucti
903 2336 1035 2368 uxore,
1056 2329 1095 2359 et
1114 2322 1259 2360 tabulae
1287 2327 1446 2360 exstant
1470 2333 1567 2371 quas
1600 2319 1666 2358 illa
1688 2332 1770 2357 mo-

308 2386 409 2423 riens
431 2385 597 2435 reliquit,
621 2391 739 2422 testes
761 2393 890 2422 autern
910 2390 1001 2421 sunt
1019 2384 1190 2421 mulieris
1210 2383 1361 2429 fratres,
1381 2382 1446 2433 qui
1459 2382 1574 2420 rebus
1590 2381 1770 2418 omnibus

308 2447 563 2485 interfuerunt
582 2454 621 2484 et
640 2445 859 2496 singulatim
880 2447 1097 2497 percontati
1119 2450 1221 2489 sunt,
1243 2458 1292 2482 ne
1321 2443 1415 2494 quid
1439 2443 1537 2481 alter
1564 2442 1674 2480 alteri
1704 2456 1772 2480 ne·
1830 2443 1842 2448 ‘

308 2509 402 2559 gotii
427 2509 722 2546 facesseremus.
778 2507 838 2544 An
860 2520 936 2545 non
956 2507 1085 2557 igitur,
1107 2506 1281 2552 Judices,
1302 2506 1478 2557 iniquum
1503 2511 1541 2542 et
1567 2518 1683 2555 grave
1701 2512 1771 2552 est,

307 2584 397 2608 cum
427 2583 559 2608 eorum
593 2583 667 2621 ego
697 2568 880 2616 omnium,
908 2582 995 2619 quae
1025 2569 1088 2606 vel
1121 2580 1143 2605 a
1176 2568 1391 2619 Polyeucto
1423 2567 1575 2605 vivente
1605 2579 1771 2604 emeram

309 2632 371 2670 vel
400 2633 449 2670 ab
481 2644 597 2669 uxore
618 2631 702 2681 ejus
722 2631 945 2675 habueram,
966 2637 1006 2668 et
1025 2642 1180 2667 usuram
1199 2629 1375 2667 solverim
1399 2635 1438 2666 et
1456 2627 1622 2679 pretium
1643 2627 1772 2664 reddi-

309 2694 444 2740 derim,
462 2701 501 2731 et
521 2706 639 2739 nunc,
656 2705 744 2742 quae
764 2691 892 2736 debui,
909 2692 1039 2729 onmia
1057 2691 1096 2728 in
1112 2703 1314 2729 commune
1334 2689 1548 2741 proferam:
1569 2687 1683 2726 istum
1699 2702 1772 2726 nec

309 2756 414 2806 leges
443 2744 579 2793 curare
609 2762 772 2799 vestras,
793 2766 919 2803 neque
936 2753 1138 2805 Polyeucti
1160 2759 1448 2797 testamentum,
1463 2763 1590 2801 neque
1620 2750 1772 2788 relictas

309 2818 471 2864 tabulas,
504 2830 630 2868 neque
659 2829 786 2854 rerum
808 2816 1000 2864 conscios,
1032 2815 1101 2853 sed
1128 2820 1262 2852 contra
1287 2813 1374 2851 haee
1406 2812 1535 2850 omnia
1550 2812 1680 2851 venire
1698 2811 1773 2849 liti·
1825 2821 1830 2825 ’

309 2880 469 2929 gatum?
512 2880 620 2930 Cape
639 2878 754 2929 igitur
775 2878 939 2929 primum
962 2878 1102 2928 legem,
1122 2889 1209 2926 quae
1228 2879 1305 2914 non
1328 2874 1418 2913 sinit
1438 2886 1565 2913 rerum
1585 2873 1772 2925 oppigne-
