<?xml version="1.0" encoding="UTF-8"?>
<!DOCTYPE html PUBLIC "-//W3C//DTD XHTML 1.0 Transitional//EN"
    "http://www.w3.org/TR/xhtml1/DTD/xhtml1-transitional.dtd">
<html xmlns="http://www.w3.org/1999/xhtml" xml:lang="en" lang="en">
 <head>
  <title>
</title>
<meta http-equiv="Content-Type" content="text/html;charset=utf-8" />
  <meta name='ocr-system' content='tesseract 3.04.00' />
  <meta name='ocr-capabilities' content='ocr_page ocr_carea ocr_par ocr_line ocrx_word'/>
</head>
<body>
  <div class='ocr_page' id='page_1' title='image "./oratoresatticie16dobs_0054.png"; bbox 0 0 1998 3306; ppageno 0'>
   <div class='ocr_carea' id='block_1_1' title="bbox 331 213 1305 255">
    <p class='ocr_par' dir='ltr' id='par_1_1' title="bbox 331 213 1305 255">
     <span class='ocr_line' id='line_1_1' title="bbox 331 213 1305 255; baseline -0.005 0"><span class='ocrx_word' id='word_1_1' title='bbox 331 220 407 255; x_wconf 73' lang='lat'><strong>554</strong></span> <span class='ocrx_word' id='word_1_2' title='bbox 823 214 926 251; x_wconf 71' lang='lat' dir='ltr'><strong>PRO</strong></span> <span class='ocrx_word' id='word_1_3' title='bbox 960 213 1305 252; x_wconf 82' lang='lat' dir='ltr'><strong>PHORMIONE.</strong></span> 
     </span>
    </p>
   </div>
   <div class='ocr_carea' id='block_1_2' title="bbox 284 315 1811 2099">
    <p class='ocr_par' dir='ltr' id='par_1_2' title="bbox 330 315 1800 854">
     <span class='ocr_line' id='line_1_2' title="bbox 331 315 1795 366; baseline -0.002 -10"><span class='ocrx_word' id='word_1_4' title='bbox 331 319 446 358; x_wconf 83' lang='lat' dir='ltr'><strong>modo</strong></span> <span class='ocrx_word' id='word_1_5' title='bbox 466 331 486 355; x_wconf 86' lang='lat' dir='ltr'><strong>e</strong></span> <span class='ocrx_word' id='word_1_6' title='bbox 506 324 739 356; x_wconf 79' lang='lat' dir='ltr'><strong>testamento</strong></span> <span class='ocrx_word' id='word_1_7' title='bbox 759 319 940 363; x_wconf 86' lang='lat' dir='ltr'><strong>cernitur,</strong></span> <span class='ocrx_word' id='word_1_8' title='bbox 960 317 1230 361; x_wconf 72' lang='lat' dir='ltr'><strong>Atlie11ienseS‚</strong></span> <span class='ocrx_word' id='word_1_9' title='bbox 1247 316 1315 354; x_wconf 89' lang='lat' dir='ltr'><strong>sed</strong></span> <span class='ocrx_word' id='word_1_10' title='bbox 1331 322 1370 354; x_wconf 89' lang='lat' dir='ltr'><strong>et</strong></span> <span class='ocrx_word' id='word_1_11' title='bbox 1389 322 1431 352; x_wconf 85' lang='lat' dir='ltr'><strong>tu</strong></span> <span class='ocrx_word' id='word_1_12' title='bbox 1450 315 1532 366; x_wconf 86' lang='lat' dir='ltr'><strong>ipse</strong></span> <span class='ocrx_word' id='word_1_13' title='bbox 1553 315 1656 354; x_wconf 83' lang='lat' dir='ltr'><strong>fuisti</strong></span> <span class='ocrx_word' id='word_1_14' title='bbox 1673 315 1795 354; x_wconf 82' lang='lat' dir='ltr'><strong>testis.</strong></span> 
     </span>
     <span class='ocr_line' id='line_1_3' title="bbox 333 378 1795 432; baseline -0.001 -14"><span class='ocrx_word' id='word_1_15' title='bbox 333 383 433 419; x_wconf 88' lang='lat' dir='ltr'><strong>Cum</strong></span> <span class='ocrx_word' id='word_1_16' title='bbox 453 381 556 419; x_wconf 86' lang='lat' dir='ltr'><strong>enim</strong></span> <span class='ocrx_word' id='word_1_17' title='bbox 582 389 775 420; x_wconf 87' lang='lat' dir='ltr'><strong>maternas</strong></span> <span class='ocrx_word' id='word_1_18' title='bbox 796 380 1003 419; x_wconf 81' lang='lat' dir='ltr'>facultates</span> <span class='ocrx_word' id='word_1_19' title='bbox 1032 380 1070 418; x_wconf 88' lang='lat' dir='ltr'><strong>in</strong></span> <span class='ocrx_word' id='word_1_20' title='bbox 1098 386 1227 432; x_wconf 84' lang='lat' dir='ltr'><strong>partes</strong></span> <span class='ocrx_word' id='word_1_21' title='bbox 1252 379 1369 418; x_wconf 82' lang='lat' dir='ltr'><strong>dividi</strong></span> <span class='ocrx_word' id='word_1_22' title='bbox 1397 378 1532 425; x_wconf 88' lang='lat' dir='ltr'><strong>velles,</strong></span> <span class='ocrx_word' id='word_1_23' title='bbox 1553 385 1593 417; x_wconf 91' lang='lat' dir='ltr'><strong>et</strong></span> <span class='ocrx_word' id='word_1_24' title='bbox 1612 378 1795 417; x_wconf 79' lang='lat' dir='ltr'>Phormio</span> 
     </span>
     <span class='ocr_line' id='line_1_4' title="bbox 330 441 1795 495; baseline -0.002 -13"><span class='ocrx_word' id='word_1_25' title='bbox 330 457 377 482; x_wconf 84' lang='lat' dir='ltr'><strong>ex</strong></span> <span class='ocrx_word' id='word_1_26' title='bbox 409 456 528 481; x_wconf 78' lang='lat' dir='ltr'><strong>uxore</strong></span> <span class='ocrx_word' id='word_1_27' title='bbox 558 444 698 482; x_wconf 84' lang='lat' dir='ltr'><strong>liberos</strong></span> <span class='ocrx_word' id='word_1_28' title='bbox 727 443 975 495; x_wconf 75' lang='lat' dir='ltr'><strong>suscepisset,</strong></span> <span class='ocrx_word' id='word_1_29' title='bbox 998 450 1081 479; x_wconf 87' lang='lat' dir='ltr'><strong>tum</strong></span> <span class='ocrx_word' id='word_1_30' title='bbox 1111 441 1293 480; x_wconf 88' lang='lat' dir='ltr'><strong>fatebaris</strong></span> <span class='ocrx_word' id='word_1_31' title='bbox 1320 454 1402 479; x_wconf 83' lang='lat' dir='ltr'><strong>eam</strong></span> <span class='ocrx_word' id='word_1_32' title='bbox 1433 454 1456 478; x_wconf 88' lang='lat' dir='ltr'><strong>a</strong></span> <span class='ocrx_word' id='word_1_33' title='bbox 1486 447 1595 492; x_wconf 84' lang='lat' dir='ltr'><strong>patre</strong></span> <span class='ocrx_word' id='word_1_34' title='bbox 1626 441 1795 493; x_wconf 87' lang='lat' dir='ltr'>legitime</span> 
     </span>
     <span class='ocr_line' id='line_1_5' title="bbox 331 502 1796 554; baseline -0.003 -10"><span class='ocrx_word' id='word_1_35' title='bbox 331 505 513 544; x_wconf 85' lang='lat' dir='ltr'>traditam</span> <span class='ocrx_word' id='word_1_36' title='bbox 533 513 571 544; x_wconf 89' lang='lat' dir='ltr'><strong>et</strong></span> <span class='ocrx_word' id='word_1_37' title='bbox 588 514 711 544; x_wconf 90' lang='lat' dir='ltr'><strong>ratum</strong></span> <span class='ocrx_word' id='word_1_38' title='bbox 733 520 818 544; x_wconf 84' lang='lat' dir='ltr'><strong>esse</strong></span> <span class='ocrx_word' id='word_1_39' title='bbox 849 503 1146 542; x_wconf 82' lang='lat' dir='ltr'>matrimonium.</span> <span class='ocrx_word' id='word_1_40' title='bbox 1207 503 1308 541; x_wconf 89' lang='lat' dir='ltr'><strong>Nam</strong></span> <span class='ocrx_word' id='word_1_41' title='bbox 1340 505 1370 540; x_wconf 89' lang='lat' dir='ltr'><strong>si</strong></span> <span class='ocrx_word' id='word_1_42' title='bbox 1398 515 1484 541; x_wconf 88' lang='lat' dir='ltr'><strong>eam</strong></span> <span class='ocrx_word' id='word_1_43' title='bbox 1511 502 1574 540; x_wconf 89' lang='lat' dir='ltr'><strong>hic</strong></span> <span class='ocrx_word' id='word_1_44' title='bbox 1600 514 1668 552; x_wconf 90' lang='lat' dir='ltr'><strong>per</strong></span> <span class='ocrx_word' id='word_1_45' title='bbox 1697 502 1796 554; x_wconf 87' lang='lat' dir='ltr'><strong>inju-</strong></span> 
     </span>
     <span class='ocr_line' id='line_1_6' title="bbox 332 563 1798 618; baseline -0.002 -13"><span class='ocrx_word' id='word_1_46' title='bbox 332 568 424 605; x_wconf 84' lang='lat' dir='ltr'>riam</span> <span class='ocrx_word' id='word_1_47' title='bbox 446 574 595 618; x_wconf 84' lang='lat' dir='ltr'>raptam</span> <span class='ocrx_word' id='word_1_48' title='bbox 623 567 835 612; x_wconf 80' lang='lat' dir='ltr'><strong>habuisset,</strong></span> <span class='ocrx_word' id='word_1_49' title='bbox 858 567 988 603; x_wconf 77' lang='lat' dir='ltr'><strong>datam</strong></span> <span class='ocrx_word' id='word_1_50' title='bbox 1010 578 1032 603; x_wconf 90' lang='lat' dir='ltr'><strong>a</strong></span> <span class='ocrx_word' id='word_1_51' title='bbox 1058 565 1222 610; x_wconf 90' lang='lat' dir='ltr'><strong>nemine,</strong></span> <span class='ocrx_word' id='word_1_52' title='bbox 1248 565 1356 602; x_wconf 88' lang='lat' dir='ltr'><strong>liberi</strong></span> <span class='ocrx_word' id='word_1_53' title='bbox 1385 564 1559 602; x_wconf 89' lang='lat' dir='ltr'><strong>haeredes</strong></span> <span class='ocrx_word' id='word_1_54' title='bbox 1593 575 1672 601; x_wconf 88' lang='lat' dir='ltr'><strong>non</strong></span> <span class='ocrx_word' id='word_1_55' title='bbox 1702 563 1798 602; x_wconf 89' lang='lat' dir='ltr'><strong>fuis-</strong></span> 
     </span>
     <span class='ocr_line' id='line_1_7' title="bbox 334 624 1799 679; baseline -0.003 -12"><span class='ocrx_word' id='word_1_56' title='bbox 334 636 444 668; x_wconf 87' lang='lat' dir='ltr'><strong>sent:</strong></span> <span class='ocrx_word' id='word_1_57' title='bbox 476 629 525 666; x_wconf 86' lang='lat' dir='ltr'><strong>ad</strong></span> <span class='ocrx_word' id='word_1_58' title='bbox 547 641 613 667; x_wconf 92' lang='lat' dir='ltr'><strong>eos</strong></span> <span class='ocrx_word' id='word_1_59' title='bbox 634 636 763 667; x_wconf 85' lang='lat' dir='ltr'><strong>autem</strong></span> <span class='ocrx_word' id='word_1_60' title='bbox 791 627 854 679; x_wconf 88' lang='lat' dir='ltr'><strong>qui</strong></span> <span class='ocrx_word' id='word_1_61' title='bbox 886 626 1062 665; x_wconf 78' lang='lat' dir='ltr'><strong>haeredes</strong></span> <span class='ocrx_word' id='word_1_62' title='bbox 1088 639 1166 664; x_wconf 91' lang='lat' dir='ltr'><strong>non</strong></span> <span class='ocrx_word' id='word_1_63' title='bbox 1186 634 1320 665; x_wconf 83' lang='lat' dir='ltr'><strong>essent</strong></span> <span class='ocrx_word' id='word_1_64' title='bbox 1345 626 1469 677; x_wconf 90' lang='lat' dir='ltr'><strong>portio</strong></span> <span class='ocrx_word' id='word_1_65' title='bbox 1489 624 1598 664; x_wconf 90' lang='lat' dir='ltr'><strong>nulla</strong></span> <span class='ocrx_word' id='word_1_66' title='bbox 1616 624 1672 663; x_wconf 88' lang='lat' dir='ltr'><strong>rei</strong></span> <span class='ocrx_word' id='word_1_67' title='bbox 1690 624 1799 663; x_wconf 86' lang='lat' dir='ltr'><strong>farni-</strong></span> 
     </span>
     <span class='ocr_line' id='line_1_8' title="bbox 332 687 1800 742; baseline -0.003 -13"><span class='ocrx_word' id='word_1_68' title='bbox 332 690 436 730; x_wconf 85' lang='lat' dir='ltr'><strong>liaris</strong></span> <span class='ocrx_word' id='word_1_69' title='bbox 455 691 677 742; x_wconf 82' lang='lat' dir='ltr'><strong>pertineret.</strong></span> <span class='ocrx_word' id='word_1_70' title='bbox 736 691 786 728; x_wconf 91' lang='lat' dir='ltr'><strong>Et</strong></span> <span class='ocrx_word' id='word_1_71' title='bbox 805 690 890 727; x_wconf 84' lang='lat' dir='ltr'><strong>haec</strong></span> <span class='ocrx_word' id='word_1_72' title='bbox 909 701 998 727; x_wconf 88' lang='lat' dir='ltr'><strong>vere</strong></span> <span class='ocrx_word' id='word_1_73' title='bbox 1019 702 1041 726; x_wconf 95' lang='lat' dir='ltr'><strong>a</strong></span> <span class='ocrx_word' id='word_1_74' title='bbox 1061 701 1120 726; x_wconf 87' lang='lat' dir='ltr'><strong>me</strong></span> <span class='ocrx_word' id='word_1_75' title='bbox 1141 688 1216 728; x_wconf 91' lang='lat' dir='ltr'><strong>dici</strong></span> <span class='ocrx_word' id='word_1_76' title='bbox 1244 689 1380 739; x_wconf 90' lang='lat' dir='ltr'><strong>liquet,</strong></span> <span class='ocrx_word' id='word_1_77' title='bbox 1408 700 1495 726; x_wconf 91' lang='lat' dir='ltr'><strong>cum</strong></span> <span class='ocrx_word' id='word_1_78' title='bbox 1516 687 1566 725; x_wconf 90' lang='lat' dir='ltr'><strong>sit</strong></span> <span class='ocrx_word' id='word_1_79' title='bbox 1584 693 1800 733; x_wconf 86' lang='lat' dir='ltr'><strong>ostensum,</strong></span> 
     </span>
     <span class='ocr_line' id='line_1_9' title="bbox 333 748 1799 804; baseline -0.004 -12"><span class='ocrx_word' id='word_1_80' title='bbox 333 754 381 792; x_wconf 85' lang='lat' dir='ltr'><strong>ab</strong></span> <span class='ocrx_word' id='word_1_81' title='bbox 411 766 457 791; x_wconf 91' lang='lat' dir='ltr'><strong>eo</strong></span> <span class='ocrx_word' id='word_1_82' title='bbox 484 749 623 804; x_wconf 84' lang='lat' dir='ltr'><strong>quarta</strong></span> <span class='ocrx_word' id='word_1_83' title='bbox 651 760 761 804; x_wconf 88' lang='lat' dir='ltr'><strong>parte</strong></span> <span class='ocrx_word' id='word_1_84' title='bbox 787 758 951 802; x_wconf 86' lang='lat' dir='ltr'><strong>accepta</strong></span> <span class='ocrx_word' id='word_1_85' title='bbox 978 750 1081 789; x_wconf 90' lang='lat' dir='ltr'><strong>omni</strong></span> <span class='ocrx_word' id='word_1_86' title='bbox 1102 750 1260 788; x_wconf 89' lang='lat' dir='ltr'><strong>crimine</strong></span> <span class='ocrx_word' id='word_1_87' title='bbox 1286 748 1559 787; x_wconf 84' lang='lat' dir='ltr'><strong>Phormionem</strong></span> <span class='ocrx_word' id='word_1_88' title='bbox 1588 761 1675 787; x_wconf 85' lang='lat' dir='ltr'><strong>esse</strong></span> <span class='ocrx_word' id='word_1_89' title='bbox 1702 748 1799 786; x_wconf 91' lang='lat' dir='ltr'><strong>libe-</strong></span> 
     </span>
     <span class='ocr_line' id='line_1_10' title="bbox 332 822 472 854; baseline -0.021 0"><span class='ocrx_word' id='word_1_90' title='bbox 332 822 472 854; x_wconf 88' lang='lat' dir='ltr'><strong>ratum.</strong></span> 
     </span>
    </p>

    <p class='ocr_par' dir='ltr' id='par_1_3' title="bbox 284 871 1807 1420">
     <span class='ocr_line' id='line_1_11' title="bbox 392 871 1802 926; baseline -0.004 -12"><span class='ocrx_word' id='word_1_91' title='bbox 392 879 453 915; x_wconf 85' lang='lat'><strong>12.</strong></span> <span class='ocrx_word' id='word_1_92' title='bbox 487 877 589 922; x_wconf 84' lang='lat' dir='ltr'><strong>Quia</strong></span> <span class='ocrx_word' id='word_1_93' title='bbox 608 889 711 923; x_wconf 90' lang='lat' dir='ltr'><strong>vero,</strong></span> <span class='ocrx_word' id='word_1_94' title='bbox 728 875 999 921; x_wconf 86' lang='lat' dir='ltr'><strong>Athenienses,</strong></span> <span class='ocrx_word' id='word_1_95' title='bbox 1022 875 1167 913; x_wconf 88' lang='lat' dir='ltr'><strong>nullam</strong></span> <span class='ocrx_word' id='word_1_96' title='bbox 1196 887 1351 926; x_wconf 86' lang='lat' dir='ltr'><strong>prorsus</strong></span> <span class='ocrx_word' id='word_1_97' title='bbox 1371 872 1610 926; x_wconf 85' lang='lat' dir='ltr'><strong>probabilem</strong></span> <span class='ocrx_word' id='word_1_98' title='bbox 1630 871 1802 910; x_wconf 88' lang='lat' dir='ltr'><strong>defensi-</strong></span> 
     </span>
     <span class='ocr_line' id='line_1_12' title="bbox 335 934 1802 989; baseline -0.003 -13"><span class='ocrx_word' id='word_1_99' title='bbox 335 952 446 977; x_wconf 88' lang='lat' dir='ltr'><strong>onem</strong></span> <span class='ocrx_word' id='word_1_100' title='bbox 478 940 660 985; x_wconf 87' lang='lat' dir='ltr'><strong>habebat,</strong></span> <span class='ocrx_word' id='word_1_101' title='bbox 678 936 1035 989; x_wconf 84' lang='lat' dir='ltr'><strong>impudentissimas</strong></span> <span class='ocrx_word' id='word_1_102' title='bbox 1066 936 1201 974; x_wconf 85' lang='lat' dir='ltr'><strong>afferre</strong></span> <span class='ocrx_word' id='word_1_103' title='bbox 1223 949 1363 974; x_wconf 84' lang='lat' dir='ltr'><strong>causas</strong></span> <span class='ocrx_word' id='word_1_104' title='bbox 1390 935 1493 986; x_wconf 88' lang='lat' dir='ltr'><strong>apud</strong></span> <span class='ocrx_word' id='word_1_105' title='bbox 1521 934 1705 972; x_wconf 88' lang='lat' dir='ltr'><strong>arbitrum</strong></span> <span class='ocrx_word' id='word_1_106' title='bbox 1732 946 1802 972; x_wconf 89' lang='lat' dir='ltr'><strong>au-</strong></span> 
     </span>
     <span class='ocr_line' id='line_1_13' title="bbox 336 995 1803 1052; baseline -0.004 -14"><span class='ocrx_word' id='word_1_107' title='bbox 336 1000 469 1048; x_wconf 87' lang='lat' dir='ltr'><strong>debat,</strong></span> <span class='ocrx_word' id='word_1_108' title='bbox 495 1014 593 1052; x_wconf 88' lang='lat' dir='ltr'><strong>quas</strong></span> <span class='ocrx_word' id='word_1_109' title='bbox 618 1013 685 1038; x_wconf 92' lang='lat' dir='ltr'><strong>vos</strong></span> <span class='ocrx_word' id='word_1_110' title='bbox 714 999 908 1038; x_wconf 86' lang='lat' dir='ltr'><strong>audivisse</strong></span> <span class='ocrx_word' id='word_1_111' title='bbox 927 998 965 1036; x_wconf 90' lang='lat' dir='ltr'><strong>in</strong></span> <span class='ocrx_word' id='word_1_112' title='bbox 985 997 1118 1049; x_wconf 88' lang='lat' dir='ltr'><strong>primis</strong></span> <span class='ocrx_word' id='word_1_113' title='bbox 1139 1010 1267 1048; x_wconf 88' lang='lat' dir='ltr'><strong>operae</strong></span> <span class='ocrx_word' id='word_1_114' title='bbox 1286 997 1452 1048; x_wconf 83' lang='lat' dir='ltr'><strong>pretium</strong></span> <span class='ocrx_word' id='word_1_115' title='bbox 1472 995 1602 1034; x_wconf 88' lang='lat' dir='ltr'><strong>fuerit.</strong></span> <span class='ocrx_word' id='word_1_116' title='bbox 1660 995 1803 1041; x_wconf 88' lang='lat' dir='ltr'><strong>Unam,</strong></span> 
     </span>
     <span class='ocr_line' id='line_1_14' title="bbox 336 1056 1803 1105; baseline -0.003 -6"><span class='ocrx_word' id='word_1_117' title='bbox 336 1065 493 1101; x_wconf 85' lang='lat' dir='ltr'><strong>omnino</strong></span> <span class='ocrx_word' id='word_1_118' title='bbox 527 1075 604 1100; x_wconf 91' lang='lat' dir='ltr'><strong>non</strong></span> <span class='ocrx_word' id='word_1_119' title='bbox 636 1062 783 1099; x_wconf 87' lang='lat' dir='ltr'><strong>factum</strong></span> <span class='ocrx_word' id='word_1_120' title='bbox 805 1073 893 1098; x_wconf 90' lang='lat' dir='ltr'><strong>esse</strong></span> <span class='ocrx_word' id='word_1_121' title='bbox 913 1066 1209 1105; x_wconf 86' lang='lat' dir='ltr'><strong>testamentum,</strong></span> <span class='ocrx_word' id='word_1_122' title='bbox 1231 1059 1299 1096; x_wconf 90' lang='lat' dir='ltr'><strong>sed</strong></span> <span class='ocrx_word' id='word_1_123' title='bbox 1329 1057 1368 1096; x_wconf 92' lang='lat' dir='ltr'><strong>id</strong></span> <span class='ocrx_word' id='word_1_124' title='bbox 1393 1064 1518 1096; x_wconf 85' lang='lat' dir='ltr'><strong>totum</strong></span> <span class='ocrx_word' id='word_1_125' title='bbox 1547 1056 1677 1095; x_wconf 90' lang='lat' dir='ltr'><strong>adhuc</strong></span> <span class='ocrx_word' id='word_1_126' title='bbox 1709 1056 1803 1094; x_wconf 89' lang='lat' dir='ltr'><strong>nihil</strong></span> 
     </span>
     <span class='ocr_line' id='line_1_15' title="bbox 336 1117 1807 1178; baseline -0.003 -17"><span class='ocrx_word' id='word_1_127' title='bbox 336 1124 441 1161; x_wconf 84' lang='lat' dir='ltr'><strong>aliud</strong></span> <span class='ocrx_word' id='word_1_128' title='bbox 474 1137 559 1162; x_wconf 87' lang='lat' dir='ltr'><strong>esse</strong></span> <span class='ocrx_word' id='word_1_129' title='bbox 586 1135 702 1178; x_wconf 85' lang='lat' dir='ltr'><strong>quarn</strong></span> <span class='ocrx_word' id='word_1_130' title='bbox 722 1122 953 1173; x_wconf 78' lang='lat' dir='ltr'><strong>figmentum</strong></span> <span class='ocrx_word' id='word_1_131' title='bbox 974 1128 1013 1160; x_wconf 86' lang='lat' dir='ltr'><strong>et</strong></span> <span class='ocrx_word' id='word_1_132' title='bbox 1040 1127 1328 1160; x_wconf 81' lang='lat' dir='ltr'><strong>commentum:</strong></span> <span class='ocrx_word' id='word_1_133' title='bbox 1359 1119 1533 1166; x_wconf 87' lang='lat' dir='ltr'><strong>alteram,</strong></span> <span class='ocrx_word' id='word_1_134' title='bbox 1553 1132 1601 1157; x_wconf 90' lang='lat' dir='ltr'><strong>ea</strong></span> <span class='ocrx_word' id='word_1_135' title='bbox 1619 1132 1661 1157; x_wconf 91' lang='lat' dir='ltr'><strong>se</strong></span> <span class='ocrx_word' id='word_1_136' title='bbox 1681 1117 1807 1170; x_wconf 86' lang='lat' dir='ltr'><strong>gratia</strong></span> 
     </span>
     <span class='ocr_line' id='line_1_16' title="bbox 336 1180 1806 1237; baseline -0.004 -13"><span class='ocrx_word' id='word_1_137' title='bbox 336 1186 521 1237; x_wconf 87' lang='lat' dir='ltr'><strong>superiori</strong></span> <span class='ocrx_word' id='word_1_138' title='bbox 551 1192 727 1235; x_wconf 86' lang='lat' dir='ltr'><strong>tempore</strong></span> <span class='ocrx_word' id='word_1_139' title='bbox 756 1183 1003 1222; x_wconf 87' lang='lat' dir='ltr'><strong>concessisse</strong></span> <span class='ocrx_word' id='word_1_140' title='bbox 1029 1183 1159 1221; x_wconf 86' lang='lat' dir='ltr'><strong>onmia</strong></span> <span class='ocrx_word' id='word_1_141' title='bbox 1185 1195 1313 1232; x_wconf 85' lang='lat' dir='ltr'><strong>neque</strong></span> <span class='ocrx_word' id='word_1_142' title='bbox 1340 1182 1379 1219; x_wconf 93' lang='lat' dir='ltr'><strong>in</strong></span> <span class='ocrx_word' id='word_1_143' title='bbox 1405 1183 1469 1232; x_wconf 90' lang='lat' dir='ltr'><strong>jus</strong></span> <span class='ocrx_word' id='word_1_144' title='bbox 1488 1194 1667 1226; x_wconf 83' lang='lat' dir='ltr'><strong>vocasse,</strong></span> <span class='ocrx_word' id='word_1_145' title='bbox 1697 1180 1806 1231; x_wconf 90' lang='lat' dir='ltr'><strong>quod</strong></span> 
     </span>
     <span class='ocr_line' id='line_1_17' title="bbox 336 1243 1805 1296; baseline -0.004 -11"><span class='ocrx_word' id='word_1_146' title='bbox 336 1246 520 1285; x_wconf 90' lang='lat' dir='ltr'><strong>Phormio</strong></span> <span class='ocrx_word' id='word_1_147' title='bbox 554 1258 740 1296; x_wconf 83' lang='lat' dir='ltr'><strong>magnum</strong></span> <span class='ocrx_word' id='word_1_148' title='bbox 774 1245 946 1296; x_wconf 88' lang='lat' dir='ltr'><strong>pendere</strong></span> <span class='ocrx_word' id='word_1_149' title='bbox 977 1244 1144 1294; x_wconf 84' lang='lat' dir='ltr'><strong>vectigal</strong></span> <span class='ocrx_word' id='word_1_150' title='bbox 1174 1243 1339 1282; x_wconf 87' lang='lat' dir='ltr'><strong>voluerit</strong></span> <span class='ocrx_word' id='word_1_151' title='bbox 1369 1243 1488 1293; x_wconf 90' lang='lat' dir='ltr'><strong>idque</strong></span> <span class='ocrx_word' id='word_1_152' title='bbox 1520 1255 1561 1281; x_wconf 92' lang='lat' dir='ltr'><strong>se</strong></span> <span class='ocrx_word' id='word_1_153' title='bbox 1592 1254 1805 1294; x_wconf 87' lang='lat' dir='ltr'><strong>pensurum</strong></span> 
     </span>
     <span class='ocr_line' id='line_1_18' title="bbox 336 1304 1805 1360; baseline -0.002 -14"><span class='ocrx_word' id='word_1_154' title='bbox 336 1308 532 1360; x_wconf 85' lang='lat' dir='ltr'><strong>pollicitus</strong></span> <span class='ocrx_word' id='word_1_155' title='bbox 552 1309 678 1353; x_wconf 86' lang='lat' dir='ltr'><strong>fuerit,</strong></span> <span class='ocrx_word' id='word_1_156' title='bbox 700 1307 806 1358; x_wconf 89' lang='lat' dir='ltr'><strong>quod</strong></span> <span class='ocrx_word' id='word_1_157' title='bbox 829 1313 1037 1357; x_wconf 88' lang='lat' dir='ltr'><strong>postquam</strong></span> <span class='ocrx_word' id='word_1_158' title='bbox 1058 1317 1137 1341; x_wconf 89' lang='lat' dir='ltr'><strong>non</strong></span> <span class='ocrx_word' id='word_1_159' title='bbox 1156 1304 1261 1350; x_wconf 88' lang='lat' dir='ltr'><strong>facit,</strong></span> <span class='ocrx_word' id='word_1_160' title='bbox 1282 1317 1383 1342; x_wconf 90' lang='lat' dir='ltr'><strong>nunc</strong></span> <span class='ocrx_word' id='word_1_161' title='bbox 1403 1304 1561 1342; x_wconf 90' lang='lat' dir='ltr'><strong>demum</strong></span> <span class='ocrx_word' id='word_1_162' title='bbox 1573 1307 1640 1353; x_wconf 88' lang='lat' dir='ltr'><strong>jus</strong></span> <span class='ocrx_word' id='word_1_163' title='bbox 1661 1317 1805 1351; x_wconf 89' lang='lat' dir='ltr'><strong>meum,</strong></span> 
     </span>
     <span class='ocr_line' id='line_1_19' title="bbox 284 1369 721 1420; baseline -0.005 -14"><span class='ocrx_word' id='word_1_164' title='bbox 284 1380 293 1385; x_wconf 71' lang='grc'><strong>“</strong></span> <span class='ocrx_word' id='word_1_165' title='bbox 336 1369 476 1420; x_wconf 89' lang='lat' dir='ltr'><strong>inquit,</strong></span> <span class='ocrx_word' id='word_1_166' title='bbox 496 1380 721 1419; x_wconf 89' lang='lat' dir='ltr'><strong>persequor.</strong></span> 
     </span>
    </p>

    <p class='ocr_par' dir='ltr' id='par_1_4' title="bbox 336 1428 1811 2099">
     <span class='ocr_line' id='line_1_20' title="bbox 396 1428 1805 1480; baseline -0.001 -12"><span class='ocrx_word' id='word_1_167' title='bbox 396 1432 458 1468; x_wconf 86' lang='lat'><strong>13.</strong></span> <span class='ocrx_word' id='word_1_168' title='bbox 477 1430 560 1468; x_wconf 84' lang='lat' dir='ltr'><strong>Sed</strong></span> <span class='ocrx_word' id='word_1_169' title='bbox 581 1443 669 1468; x_wconf 91' lang='lat' dir='ltr'><strong>eum</strong></span> <span class='ocrx_word' id='word_1_170' title='bbox 687 1430 773 1467; x_wconf 84' lang='lat' dir='ltr'><strong>haec</strong></span> <span class='ocrx_word' id='word_1_171' title='bbox 793 1435 969 1480; x_wconf 85' lang='lat' dir='ltr'><strong>utraque,</strong></span> <span class='ocrx_word' id='word_1_172' title='bbox 988 1430 1018 1467; x_wconf 91' lang='lat' dir='ltr'><strong>si</strong></span> <span class='ocrx_word' id='word_1_173' title='bbox 1040 1430 1158 1476; x_wconf 89' lang='lat' dir='ltr'><strong>dicet,</strong></span> <span class='ocrx_word' id='word_1_174' title='bbox 1174 1428 1276 1468; x_wconf 85' lang='lat' dir='ltr'><strong>falso</strong></span> <span class='ocrx_word' id='word_1_175' title='bbox 1297 1429 1508 1476; x_wconf 90' lang='lat' dir='ltr'><strong>dicturum,</strong></span> <span class='ocrx_word' id='word_1_176' title='bbox 1529 1436 1569 1467; x_wconf 88' lang='lat' dir='ltr'><strong>et</strong></span> <span class='ocrx_word' id='word_1_177' title='bbox 1589 1428 1669 1466; x_wconf 91' lang='lat' dir='ltr'><strong>suis</strong></span> <span class='ocrx_word' id='word_1_178' title='bbox 1684 1428 1805 1479; x_wconf 78' lang='lat' dir='ltr'><strong>ip‘sius</strong></span> 
     </span>
     <span class='ocr_line' id='line_1_21' title="bbox 336 1490 1807 1542; baseline -0.001 -12"><span class='ocrx_word' id='word_1_179' title='bbox 336 1491 449 1530; x_wconf 88' lang='lat' dir='ltr'><strong>factis</strong></span> <span class='ocrx_word' id='word_1_180' title='bbox 482 1491 689 1537; x_wconf 89' lang='lat' dir='ltr'><strong>contraria,</strong></span> <span class='ocrx_word' id='word_1_181' title='bbox 710 1490 801 1529; x_wconf 88' lang='lat' dir='ltr'><strong>hinc</strong></span> <span class='ocrx_word' id='word_1_182' title='bbox 829 1491 1033 1529; x_wconf 70' lang='lat' dir='ltr'><strong>aestimate.</strong></span> <span class='ocrx_word' id='word_1_183' title='bbox 1092 1491 1131 1528; x_wconf 84' lang='lat' dir='ltr'><strong>Si</strong></span> <span class='ocrx_word' id='word_1_184' title='bbox 1159 1496 1435 1528; x_wconf 88' lang='lat' dir='ltr'><strong>testamentum</strong></span> <span class='ocrx_word' id='word_1_185' title='bbox 1461 1490 1632 1542; x_wconf 87' lang='lat' dir='ltr'><strong>negabit,</strong></span> <span class='ocrx_word' id='word_1_186' title='bbox 1651 1502 1730 1540; x_wconf 84' lang='lat' dir='ltr'><strong>qua</strong></span> <span class='ocrx_word' id='word_1_187' title='bbox 1746 1503 1807 1528; x_wconf 87' lang='lat' dir='ltr'><strong>ra-</strong></span> 
     </span>
     <span class='ocr_line' id='line_1_22' title="bbox 336 1547 1806 1604; baseline -0.001 -14"><span class='ocrx_word' id='word_1_188' title='bbox 336 1553 440 1591; x_wconf 87' lang='lat' dir='ltr'><strong>tione</strong></span> <span class='ocrx_word' id='word_1_189' title='bbox 469 1553 727 1604; x_wconf 74' lang='lat' dir='ltr'><strong>praerogativa</strong></span> <span class='ocrx_word' id='word_1_190' title='bbox 758 1552 885 1591; x_wconf 87' lang='lat' dir='ltr'><strong>aetatis</strong></span> <span class='ocrx_word' id='word_1_191' title='bbox 913 1552 1019 1590; x_wconf 86' lang='lat' dir='ltr'><strong>aedes</strong></span> <span class='ocrx_word' id='word_1_192' title='bbox 1044 1566 1091 1590; x_wconf 84' lang='lat' dir='ltr'><strong>ex</strong></span> <span class='ocrx_word' id='word_1_193' title='bbox 1112 1558 1345 1591; x_wconf 88' lang='lat' dir='ltr'><strong>testamento</strong></span> <span class='ocrx_word' id='word_1_194' title='bbox 1378 1547 1561 1604; x_wconf 87' lang='lat' dir='ltr'><strong>acceptas</strong></span> <span class='ocrx_word' id='word_1_195' title='bbox 1592 1558 1737 1598; x_wconf 89' lang='lat' dir='ltr'><strong>teneat,</strong></span> <span class='ocrx_word' id='word_1_196' title='bbox 1767 1551 1806 1590; x_wconf 91' lang='lat' dir='ltr'><strong>id</strong></span> 
     </span>
     <span class='ocr_line' id='line_1_23' title="bbox 338 1613 1808 1666; baseline 0 -14"><span class='ocrx_word' id='word_1_197' title='bbox 338 1627 426 1652; x_wconf 90' lang='lat' dir='ltr'><strong>eum</strong></span> <span class='ocrx_word' id='word_1_198' title='bbox 459 1621 651 1666; x_wconf 86' lang='lat' dir='ltr'><strong>rogatote.</strong></span> <span class='ocrx_word' id='word_1_199' title='bbox 722 1613 806 1651; x_wconf 86' lang='lat' dir='ltr'><strong>Nec</strong></span> <span class='ocrx_word' id='word_1_200' title='bbox 839 1613 940 1651; x_wconf 88' lang='lat' dir='ltr'><strong>enim</strong></span> <span class='ocrx_word' id='word_1_201' title='bbox 969 1614 1064 1652; x_wconf 90' lang='lat' dir='ltr'><strong>illud</strong></span> <span class='ocrx_word' id='word_1_202' title='bbox 1097 1614 1215 1659; x_wconf 89' lang='lat' dir='ltr'><strong>dicet,</strong></span> <span class='ocrx_word' id='word_1_203' title='bbox 1249 1626 1296 1652; x_wconf 89' lang='lat' dir='ltr'><strong>ea</strong></span> <span class='ocrx_word' id='word_1_204' title='bbox 1330 1615 1555 1652; x_wconf 87' lang='lat' dir='ltr'><strong>testamenti</strong></span> <span class='ocrx_word' id='word_1_205' title='bbox 1591 1627 1677 1653; x_wconf 89' lang='lat' dir='ltr'><strong>esse</strong></span> <span class='ocrx_word' id='word_1_206' title='bbox 1710 1620 1808 1660; x_wconf 86' lang='lat' dir='ltr'><strong>rata,</strong></span> 
     </span>
     <span class='ocr_line' id='line_1_24' title="bbox 340 1675 1807 1727; baseline 0 -14"><span class='ocrx_word' id='word_1_207' title='bbox 340 1677 480 1727; x_wconf 90' lang='lat' dir='ltr'><strong>quibus</strong></span> <span class='ocrx_word' id='word_1_208' title='bbox 500 1683 659 1715; x_wconf 88' lang='lat' dir='ltr'><strong>auctore</strong></span> <span class='ocrx_word' id='word_1_209' title='bbox 678 1682 787 1727; x_wconf 87' lang='lat' dir='ltr'><strong>patre</strong></span> <span class='ocrx_word' id='word_1_210' title='bbox 813 1675 947 1714; x_wconf 89' lang='lat' dir='ltr'><strong>melior</strong></span> <span class='ocrx_word' id='word_1_211' title='bbox 976 1689 1046 1714; x_wconf 90' lang='lat' dir='ltr'><strong>sua</strong></span> <span class='ocrx_word' id='word_1_212' title='bbox 1074 1676 1124 1714; x_wconf 89' lang='lat' dir='ltr'><strong>sit</strong></span> <span class='ocrx_word' id='word_1_213' title='bbox 1143 1675 1340 1721; x_wconf 88' lang='lat' dir='ltr'><strong>conditio;</strong></span> <span class='ocrx_word' id='word_1_214' title='bbox 1369 1683 1511 1715; x_wconf 82' lang='lat' dir='ltr'><strong>caetera</strong></span> <span class='ocrx_word' id='word_1_215' title='bbox 1529 1675 1648 1714; x_wconf 88' lang='lat' dir='ltr'><strong>irrita.</strong></span> <span class='ocrx_word' id='word_1_216' title='bbox 1707 1676 1807 1713; x_wconf 90' lang='lat' dir='ltr'><strong>Cum</strong></span> 
     </span>
     <span class='ocr_line' id='line_1_25' title="bbox 339 1737 1806 1791; baseline -0.001 -14"><span class='ocrx_word' id='word_1_217' title='bbox 339 1753 429 1778; x_wconf 92' lang='lat' dir='ltr'><strong>vero</strong></span> <span class='ocrx_word' id='word_1_218' title='bbox 449 1739 567 1791; x_wconf 85' lang='lat' dir='ltr'><strong>hujus</strong></span> <span class='ocrx_word' id='word_1_219' title='bbox 595 1753 637 1777; x_wconf 89' lang='lat' dir='ltr'><strong>se</strong></span> <span class='ocrx_word' id='word_1_220' title='bbox 661 1738 1009 1790; x_wconf 90' lang='lat' dir='ltr'><strong>pollicitationibus</strong></span> <span class='ocrx_word' id='word_1_221' title='bbox 1041 1739 1249 1790; x_wconf 88' lang='lat' dir='ltr'><strong>deceptum</strong></span> <span class='ocrx_word' id='word_1_222' title='bbox 1275 1751 1362 1777; x_wconf 86' lang='lat' dir='ltr'><strong>esse</strong></span> <span class='ocrx_word' id='word_1_223' title='bbox 1395 1739 1511 1784; x_wconf 85' lang='lat' dir='ltr'><strong>dicet,</strong></span> <span class='ocrx_word' id='word_1_224' title='bbox 1541 1737 1806 1784; x_wconf 87' lang='lat' dir='ltr'><strong>memineritis,</strong></span> 
     </span>
     <span class='ocr_line' id='line_1_26' title="bbox 339 1800 1808 1852; baseline -0.001 -13"><span class='ocrx_word' id='word_1_225' title='bbox 339 1814 411 1839; x_wconf 88' lang='lat' dir='ltr'><strong>nos</strong></span> <span class='ocrx_word' id='word_1_226' title='bbox 430 1801 539 1839; x_wconf 86' lang='lat' dir='ltr'><strong>vobis</strong></span> <span class='ocrx_word' id='word_1_227' title='bbox 559 1801 791 1852; x_wconf 86' lang='lat' dir='ltr'><strong>produxisse</strong></span> <span class='ocrx_word' id='word_1_228' title='bbox 819 1807 936 1838; x_wconf 89' lang='lat' dir='ltr'><strong>testes</strong></span> <span class='ocrx_word' id='word_1_229' title='bbox 962 1814 1041 1846; x_wconf 86' lang='lat' dir='ltr'><strong>eos,</strong></span> <span class='ocrx_word' id='word_1_230' title='bbox 1062 1802 1139 1851; x_wconf 90' lang='lat' dir='ltr'><strong>qui,</strong></span> <span class='ocrx_word' id='word_1_231' title='bbox 1158 1813 1276 1851; x_wconf 88' lang='lat' dir='ltr'><strong>quum</strong></span> <span class='ocrx_word' id='word_1_232' title='bbox 1301 1800 1392 1838; x_wconf 90' lang='lat' dir='ltr'><strong>huic</strong></span> <span class='ocrx_word' id='word_1_233' title='bbox 1410 1800 1561 1849; x_wconf 74' lang='lat' dir='ltr'><strong>Jamdiu</strong></span> <span class='ocrx_word' id='word_1_234' title='bbox 1589 1800 1684 1838; x_wconf 89' lang='lat' dir='ltr'><strong>nihil</strong></span> <span class='ocrx_word' id='word_1_235' title='bbox 1718 1812 1808 1839; x_wconf 91' lang='lat' dir='ltr'><strong>cum</strong></span> 
     </span>
     <span class='ocr_line' id='line_1_27' title="bbox 339 1861 1808 1914; baseline -0.001 -13"><span class='ocrx_word' id='word_1_236' title='bbox 339 1865 412 1902; x_wconf 90' lang='lat' dir='ltr'><strong>isto</strong></span> <span class='ocrx_word' id='word_1_237' title='bbox 432 1864 485 1902; x_wconf 90' lang='lat' dir='ltr'><strong>rei</strong></span> <span class='ocrx_word' id='word_1_238' title='bbox 506 1870 610 1902; x_wconf 89' lang='lat' dir='ltr'><strong>esset</strong></span> <span class='ocrx_word' id='word_1_239' title='bbox 630 1863 809 1914; x_wconf 90' lang='lat' dir='ltr'><strong>amplius,</strong></span> <span class='ocrx_word' id='word_1_240' title='bbox 831 1864 880 1901; x_wconf 88' lang='lat' dir='ltr'><strong>ab</strong></span> <span class='ocrx_word' id='word_1_241' title='bbox 902 1862 983 1900; x_wconf 91' lang='lat' dir='ltr'><strong>istis</strong></span> <span class='ocrx_word' id='word_1_242' title='bbox 1004 1870 1044 1900; x_wconf 92' lang='lat' dir='ltr'><strong>et</strong></span> <span class='ocrx_word' id='word_1_243' title='bbox 1062 1875 1235 1901; x_wconf 87' lang='lat' dir='ltr'><strong>mensam</strong></span> <span class='ocrx_word' id='word_1_244' title='bbox 1251 1869 1290 1900; x_wconf 88' lang='lat' dir='ltr'><strong>et</strong></span> <span class='ocrx_word' id='word_1_245' title='bbox 1307 1861 1502 1900; x_wconf 89' lang='lat' dir='ltr'><strong>officinam</strong></span> <span class='ocrx_word' id='word_1_246' title='bbox 1523 1862 1808 1900; x_wconf 87' lang='lat' dir='ltr'><strong>conduxerunt.</strong></span> 
     </span>
     <span class='ocr_line' id='line_1_28' title="bbox 340 1923 1808 1975; baseline -0.001 -13"><span class='ocrx_word' id='word_1_247' title='bbox 340 1925 460 1975; x_wconf 84' lang='lat' dir='ltr'><strong>Atqui</strong></span> <span class='ocrx_word' id='word_1_248' title='bbox 479 1932 576 1970; x_wconf 88' lang='lat' dir='ltr'><strong>tum,</strong></span> <span class='ocrx_word' id='word_1_249' title='bbox 592 1938 680 1963; x_wconf 89' lang='lat' dir='ltr'><strong>cum</strong></span> <span class='ocrx_word' id='word_1_250' title='bbox 701 1937 767 1963; x_wconf 86' lang='lat' dir='ltr'><strong>eas</strong></span> <span class='ocrx_word' id='word_1_251' title='bbox 788 1924 862 1962; x_wconf 87' lang='lat' dir='ltr'><strong>illis</strong></span> <span class='ocrx_word' id='word_1_252' title='bbox 883 1924 1041 1970; x_wconf 87' lang='lat' dir='ltr'><strong>locavit,</strong></span> <span class='ocrx_word' id='word_1_253' title='bbox 1063 1924 1137 1963; x_wconf 88' lang='lat' dir='ltr'><strong>ista</strong></span> <span class='ocrx_word' id='word_1_254' title='bbox 1156 1939 1177 1963; x_wconf 89' lang='lat' dir='ltr'><strong>e</strong></span> <span class='ocrx_word' id='word_1_255' title='bbox 1195 1924 1360 1975; x_wconf 82' lang='lat' dir='ltr'><strong>vestigio</strong></span> <span class='ocrx_word' id='word_1_256' title='bbox 1381 1923 1487 1962; x_wconf 85' lang='lat' dir='ltr'><strong>dicta</strong></span> <span class='ocrx_word' id='word_1_257' title='bbox 1506 1936 1593 1962; x_wconf 85' lang='lat' dir='ltr'><strong>esse</strong></span> <span class='ocrx_word' id='word_1_258' title='bbox 1612 1923 1808 1975; x_wconf 84' lang='lat' dir='ltr'><strong>oportuit;</strong></span> 
     </span>
     <span class='ocr_line' id='line_1_29' title="bbox 339 1985 1810 2037; baseline -0.001 -14"><span class='ocrx_word' id='word_1_259' title='bbox 339 1993 497 2037; x_wconf 88' lang='lat' dir='ltr'><strong>propter</strong></span> <span class='ocrx_word' id='word_1_260' title='bbox 523 1999 625 2037; x_wconf 85' lang='lat' dir='ltr'><strong>quae,</strong></span> <span class='ocrx_word' id='word_1_261' title='bbox 646 1998 685 2023; x_wconf 90' lang='lat' dir='ltr'><strong>re</strong></span> <span class='ocrx_word' id='word_1_262' title='bbox 719 1991 801 2023; x_wconf 90' lang='lat' dir='ltr'><strong>tum</strong></span> <span class='ocrx_word' id='word_1_263' title='bbox 835 1991 1046 2033; x_wconf 85' lang='lat' dir='ltr'><strong>transacta,</strong></span> <span class='ocrx_word' id='word_1_264' title='bbox 1066 1999 1172 2023; x_wconf 92' lang='lat' dir='ltr'><strong>nunc</strong></span> <span class='ocrx_word' id='word_1_265' title='bbox 1197 1986 1232 2023; x_wconf 91' lang='lat' dir='ltr'><strong>ei</strong></span> <span class='ocrx_word' id='word_1_266' title='bbox 1262 1985 1368 2023; x_wconf 90' lang='lat' dir='ltr'><strong>litem</strong></span> <span class='ocrx_word' id='word_1_267' title='bbox 1393 1991 1537 2023; x_wconf 88' lang='lat' dir='ltr'><strong>movet.</strong></span> <span class='ocrx_word' id='word_1_268' title='bbox 1567 1985 1652 2022; x_wconf 85' lang='lat' dir='ltr'><strong>.Ac</strong></span> <span class='ocrx_word' id='word_1_269' title='bbox 1677 1991 1721 2022; x_wconf 90' lang='lat' dir='ltr'><strong>ut</strong></span> <span class='ocrx_word' id='word_1_270' title='bbox 1749 1997 1810 2022; x_wconf 87' lang='lat' dir='ltr'><strong>me</strong></span> 
     </span>
     <span class='ocr_line' id='line_1_30' title="bbox 340 2046 1811 2099; baseline 0 -15"><span class='ocrx_word' id='word_1_271' title='bbox 340 2047 426 2085; x_wconf 84' lang='lat' dir='ltr'><strong>haec</strong></span> <span class='ocrx_word' id='word_1_272' title='bbox 446 2061 534 2086; x_wconf 85' lang='lat' dir='ltr'><strong>vere</strong></span> <span class='ocrx_word' id='word_1_273' title='bbox 555 2048 684 2085; x_wconf 89' lang='lat' dir='ltr'><strong>dicere</strong></span> <span class='ocrx_word' id='word_1_274' title='bbox 705 2054 871 2092; x_wconf 88' lang='lat' dir='ltr'><strong>constet,</strong></span> <span class='ocrx_word' id='word_1_275' title='bbox 894 2054 933 2085; x_wconf 87' lang='lat' dir='ltr'><strong>et</strong></span> <span class='ocrx_word' id='word_1_276' title='bbox 951 2059 1040 2085; x_wconf 90' lang='lat' dir='ltr'><strong>eum</strong></span> <span class='ocrx_word' id='word_1_277' title='bbox 1061 2048 1320 2099; x_wconf 81' lang='lat' dir='ltr'><strong>praerogativa</strong></span> <span class='ocrx_word' id='word_1_278' title='bbox 1339 2047 1467 2085; x_wconf 88' lang='lat' dir='ltr'><strong>aetatis</strong></span> <span class='ocrx_word' id='word_1_279' title='bbox 1488 2046 1594 2085; x_wconf 85' lang='lat' dir='ltr'><strong>aedes</strong></span> <span class='ocrx_word' id='word_1_280' title='bbox 1615 2059 1663 2084; x_wconf 87' lang='lat' dir='ltr'><strong>ex</strong></span> <span class='ocrx_word' id='word_1_281' title='bbox 1691 2053 1811 2085; x_wconf 84' lang='lat' dir='ltr'><strong>testa-</strong></span> 
     </span>
    </p>
   </div>
   <div class='ocr_carea' id='block_1_3' title="bbox 338 2108 1810 2223">
    <p class='ocr_par' dir='ltr' id='par_1_5' title="bbox 338 2108 1810 2223">
     <span class='ocr_line' id='line_1_31' title="bbox 341 2108 1810 2161; baseline 0 -15"><span class='ocrx_word' id='word_1_282' title='bbox 341 2116 473 2147; x_wconf 89' lang='lat' dir='ltr'><strong>mento</strong></span> <span class='ocrx_word' id='word_1_283' title='bbox 493 2110 708 2161; x_wconf 88' lang='lat' dir='ltr'><strong>accepisse,</strong></span> <span class='ocrx_word' id='word_1_284' title='bbox 729 2116 768 2147; x_wconf 89' lang='lat' dir='ltr'><strong>et</strong></span> <span class='ocrx_word' id='word_1_285' title='bbox 787 2109 893 2147; x_wconf 91' lang='lat' dir='ltr'><strong>hunc</strong></span> <span class='ocrx_word' id='word_1_286' title='bbox 921 2110 1020 2149; x_wconf 89' lang='lat' dir='ltr'><strong>adeo</strong></span> <span class='ocrx_word' id='word_1_287' title='bbox 1052 2123 1129 2148; x_wconf 88' lang='lat' dir='ltr'><strong>non</strong></span> <span class='ocrx_word' id='word_1_288' title='bbox 1151 2110 1312 2148; x_wconf 86' lang='lat' dir='ltr'><strong>duxisse</strong></span> <span class='ocrx_word' id='word_1_289' title='bbox 1332 2108 1613 2156; x_wconf 74' lang='lat' dir='ltr'><strong>accusandum,</strong></span> <span class='ocrx_word' id='word_1_290' title='bbox 1633 2115 1677 2148; x_wconf 91' lang='lat' dir='ltr'><strong>ut</strong></span> <span class='ocrx_word' id='word_1_291' title='bbox 1694 2109 1810 2148; x_wconf 78' lang='lat' dir='ltr'><strong>etiam</strong></span> 
     </span>
     <span class='ocr_line' id='line_1_32' title="bbox 338 2170 934 2223; baseline 0 -15"><span class='ocrx_word' id='word_1_292' title='bbox 338 2171 519 2219; x_wconf 82' lang='lat' dir='ltr'><strong>laudarit,</strong></span> <span class='ocrx_word' id='word_1_293' title='bbox 536 2184 633 2223; x_wconf 84' lang='lat' dir='ltr'><strong>cape</strong></span> <span class='ocrx_word' id='word_1_294' title='bbox 656 2170 934 2210; x_wconf 86' lang='lat' dir='ltr'><strong>testimonium.</strong></span> 
     </span>
    </p>
   </div>
   <div class='ocr_carea' id='block_1_4' title="bbox 862 2284 1279 2323">
    <p class='ocr_par' dir='ltr' id='par_1_6' title="bbox 862 2284 1279 2323">
     <span class='ocr_line' id='line_1_33' title="bbox 862 2284 1279 2323; baseline -0.005 0"><span class='ocrx_word' id='word_1_295' title='bbox 862 2284 1279 2323; x_wconf 90' lang='lat' dir='ltr'>TESTIMONIUM.</span> 
     </span>
    </p>
   </div>
   <div class='ocr_carea' id='block_1_5' title="bbox 344 2362 1817 3028">
    <p class='ocr_par' dir='ltr' id='par_1_7' title="bbox 344 2362 1817 3028">
     <span class='ocr_line' id='line_1_34' title="bbox 404 2362 1812 2415; baseline 0 -15"><span class='ocrx_word' id='word_1_296' title='bbox 404 2365 464 2400; x_wconf 86' lang='lat'><strong>14.</strong></span> <span class='ocrx_word' id='word_1_297' title='bbox 479 2364 533 2401; x_wconf 92' lang='lat' dir='ltr'><strong>Ut</strong></span> <span class='ocrx_word' id='word_1_298' title='bbox 550 2369 679 2401; x_wconf 82' lang='lat' dir='ltr'><strong>autem</strong></span> <span class='ocrx_word' id='word_1_299' title='bbox 700 2362 848 2410; x_wconf 85' lang='lat' dir='ltr'><strong>sciatis,</strong></span> <span class='ocrx_word' id='word_1_300' title='bbox 864 2363 1136 2411; x_wconf 88' lang='lat' dir='ltr'><strong>Athenienses,</strong></span> <span class='ocrx_word' id='word_1_301' title='bbox 1150 2370 1298 2414; x_wconf 87' lang='lat' dir='ltr'><strong>quanta</strong></span> <span class='ocrx_word' id='word_1_302' title='bbox 1311 2363 1478 2415; x_wconf 89' lang='lat' dir='ltr'><strong>pecunia</strong></span> <span class='ocrx_word' id='word_1_303' title='bbox 1492 2369 1530 2400; x_wconf 91' lang='lat' dir='ltr'><strong>et</strong></span> <span class='ocrx_word' id='word_1_304' title='bbox 1551 2375 1598 2400; x_wconf 88' lang='lat' dir='ltr'><strong>ex</strong></span> <span class='ocrx_word' id='word_1_305' title='bbox 1610 2362 1812 2402; x_wconf 86' lang='lat' dir='ltr'><strong>locationi-</strong></span> 
     </span>
     <span class='ocr_line' id='line_1_35' title="bbox 344 2424 1813 2477; baseline -0.001 -14"><span class='ocrx_word' id='word_1_306' title='bbox 344 2426 418 2463; x_wconf 89' lang='lat' dir='ltr'><strong>bus</strong></span> <span class='ocrx_word' id='word_1_307' title='bbox 434 2431 473 2463; x_wconf 89' lang='lat' dir='ltr'><strong>et</strong></span> <span class='ocrx_word' id='word_1_308' title='bbox 491 2438 538 2462; x_wconf 90' lang='lat' dir='ltr'><strong>ex</strong></span> <span class='ocrx_word' id='word_1_309' title='bbox 559 2437 636 2462; x_wconf 88' lang='lat' dir='ltr'><strong>aere</strong></span> <span class='ocrx_word' id='word_1_310' title='bbox 657 2425 783 2463; x_wconf 92' lang='lat' dir='ltr'><strong>alieno</strong></span> <span class='ocrx_word' id='word_1_311' title='bbox 803 2425 976 2471; x_wconf 86' lang='lat' dir='ltr'><strong>redacta,</strong></span> <span class='ocrx_word' id='word_1_312' title='bbox 996 2425 1165 2477; x_wconf 87' lang='lat' dir='ltr'><strong>inopiam</strong></span> <span class='ocrx_word' id='word_1_313' title='bbox 1191 2438 1301 2463; x_wconf 89' lang='lat' dir='ltr'><strong>suam</strong></span> <span class='ocrx_word' id='word_1_314' title='bbox 1322 2431 1361 2463; x_wconf 88' lang='lat' dir='ltr'><strong>et</strong></span> <span class='ocrx_word' id='word_1_315' title='bbox 1380 2425 1499 2463; x_wconf 84' lang='lat' dir='ltr'><strong>totius</strong></span> <span class='ocrx_word' id='word_1_316' title='bbox 1519 2424 1737 2476; x_wconf 88' lang='lat' dir='ltr'><strong>patrimonii</strong></span> <span class='ocrx_word' id='word_1_317' title='bbox 1751 2424 1813 2475; x_wconf 90' lang='lat' dir='ltr'><strong>ja-</strong></span> 
     </span>
     <span class='ocr_line' id='line_1_36' title="bbox 345 2485 1815 2538; baseline 0 -14"><span class='ocrx_word' id='word_1_318' title='bbox 345 2492 495 2524; x_wconf 88' lang='lat' dir='ltr'><strong>cturam</strong></span> <span class='ocrx_word' id='word_1_319' title='bbox 514 2486 763 2532; x_wconf 86' lang='lat' dir='ltr'><strong>lamentetur,</strong></span> <span class='ocrx_word' id='word_1_320' title='bbox 785 2487 1005 2525; x_wconf 88' lang='lat' dir='ltr'><strong>auscultate</strong></span> <span class='ocrx_word' id='word_1_321' title='bbox 1024 2487 1173 2538; x_wconf 85' lang='lat' dir='ltr'><strong>paucis.</strong></span> <span class='ocrx_word' id='word_1_322' title='bbox 1202 2487 1281 2525; x_wconf 87' lang='lat' dir='ltr'><strong>Iste</strong></span> <span class='ocrx_word' id='word_1_323' title='bbox 1301 2486 1386 2523; x_wconf 83' lang='lat' dir='ltr'><strong>aeris</strong></span> <span class='ocrx_word' id='word_1_324' title='bbox 1406 2486 1521 2524; x_wconf 87' lang='lat' dir='ltr'><strong>alieni</strong></span> <span class='ocrx_word' id='word_1_325' title='bbox 1536 2486 1649 2524; x_wconf 90' lang='lat' dir='ltr'><strong>simul</strong></span> <span class='ocrx_word' id='word_1_326' title='bbox 1667 2485 1815 2524; x_wconf 87' lang='lat' dir='ltr'><strong>talenta</strong></span> 
     </span>
     <span class='ocr_line' id='line_1_37' title="bbox 346 2546 1813 2599; baseline -0.001 -15"><span class='ocrx_word' id='word_1_327' title='bbox 346 2546 481 2598; x_wconf 86' lang='lat' dir='ltr'><strong>viginti</strong></span> <span class='ocrx_word' id='word_1_328' title='bbox 502 2547 653 2598; x_wconf 83' lang='lat' dir='ltr'><strong>redegit</strong></span> <span class='ocrx_word' id='word_1_329' title='bbox 671 2559 718 2584; x_wconf 86' lang='lat' dir='ltr'><strong>ex</strong></span> <span class='ocrx_word' id='word_1_330' title='bbox 740 2548 881 2586; x_wconf 89' lang='lat' dir='ltr'><strong>tabulis</strong></span> <span class='ocrx_word' id='word_1_331' title='bbox 902 2561 998 2599; x_wconf 87' lang='lat' dir='ltr'><strong>quas</strong></span> <span class='ocrx_word' id='word_1_332' title='bbox 1026 2555 1136 2599; x_wconf 85' lang='lat' dir='ltr'><strong>pater</strong></span> <span class='ocrx_word' id='word_1_333' title='bbox 1163 2547 1244 2599; x_wconf 90' lang='lat' dir='ltr'><strong>ejus</strong></span> <span class='ocrx_word' id='word_1_334' title='bbox 1275 2547 1440 2598; x_wconf 85' lang='lat' dir='ltr'><strong>reliquit,</strong></span> <span class='ocrx_word' id='word_1_335' title='bbox 1470 2559 1632 2598; x_wconf 85' lang='lat' dir='ltr'><strong>quorum</strong></span> <span class='ocrx_word' id='word_1_336' title='bbox 1654 2546 1813 2585; x_wconf 89' lang='lat' dir='ltr'><strong>dimidio</strong></span> 
     </span>
     <span class='ocr_line' id='line_1_38' title="bbox 345 2607 1813 2660; baseline -0.001 -15"><span class='ocrx_word' id='word_1_337' title='bbox 345 2608 432 2659; x_wconf 91' lang='lat' dir='ltr'><strong>plus</strong></span> <span class='ocrx_word' id='word_1_338' title='bbox 468 2608 598 2653; x_wconf 85' lang='lat' dir='ltr'><strong>habet,</strong></span> <span class='ocrx_word' id='word_1_339' title='bbox 628 2608 759 2647; x_wconf 86' lang='lat' dir='ltr'><strong>multis</strong></span> <span class='ocrx_word' id='word_1_340' title='bbox 790 2609 892 2647; x_wconf 88' lang='lat' dir='ltr'><strong>enim</strong></span> <span class='ocrx_word' id='word_1_341' title='bbox 914 2609 1090 2660; x_wconf 88' lang='lat' dir='ltr'><strong>partibus</strong></span> <span class='ocrx_word' id='word_1_342' title='bbox 1119 2609 1276 2647; x_wconf 87' lang='lat' dir='ltr'><strong>fratrem</strong></span> <span class='ocrx_word' id='word_1_343' title='bbox 1305 2608 1486 2647; x_wconf 88' lang='lat' dir='ltr'><strong>fraudat:</strong></span> <span class='ocrx_word' id='word_1_344' title='bbox 1515 2622 1536 2647; x_wconf 93' lang='lat' dir='ltr'><strong>e</strong></span> <span class='ocrx_word' id='word_1_345' title='bbox 1555 2607 1813 2646; x_wconf 86' lang='lat' dir='ltr'><strong>locationibus</strong></span> 
     </span>
     <span class='ocr_line' id='line_1_39' title="bbox 347 2669 1812 2721; baseline 0.001 -14"><span class='ocrx_word' id='word_1_346' title='bbox 347 2676 491 2717; x_wconf 88' lang='lat' dir='ltr'><strong>autem,</strong></span> <span class='ocrx_word' id='word_1_347' title='bbox 511 2677 601 2708; x_wconf 88' lang='lat' dir='ltr'><strong>octo</strong></span> <span class='ocrx_word' id='word_1_348' title='bbox 631 2683 818 2708; x_wconf 88' lang='lat' dir='ltr'><strong>annorum</strong></span> <span class='ocrx_word' id='word_1_349' title='bbox 839 2671 980 2721; x_wconf 88' lang='lat' dir='ltr'><strong>quibus</strong></span> <span class='ocrx_word' id='word_1_350' title='bbox 1005 2670 1186 2708; x_wconf 87' lang='lat' dir='ltr'><strong>Phormio</strong></span> <span class='ocrx_word' id='word_1_351' title='bbox 1214 2683 1391 2709; x_wconf 87' lang='lat' dir='ltr'><strong>mensam</strong></span> <span class='ocrx_word' id='word_1_352' title='bbox 1421 2669 1570 2717; x_wconf 89' lang='lat' dir='ltr'><strong>habuit,</strong></span> <span class='ocrx_word' id='word_1_353' title='bbox 1597 2676 1812 2721; x_wconf 81' lang='lat' dir='ltr'><strong>octogenas</strong></span> 
     </span>
     <span class='ocr_line' id='line_1_40' title="bbox 348 2731 1816 2777; baseline 0.002 -10"><span class='ocrx_word' id='word_1_354' title='bbox 348 2731 485 2777; x_wconf 88' lang='lat' dir='ltr'><strong>minas,</strong></span> <span class='ocrx_word' id='word_1_355' title='bbox 516 2732 716 2769; x_wconf 88' lang='lat' dir='ltr'><strong>semissem</strong></span> <span class='ocrx_word' id='word_1_356' title='bbox 745 2732 864 2769; x_wconf 87' lang='lat' dir='ltr'><strong>totius</strong></span> <span class='ocrx_word' id='word_1_357' title='bbox 894 2732 1113 2776; x_wconf 86' lang='lat' dir='ltr'><strong>locationis,</strong></span> <span class='ocrx_word' id='word_1_358' title='bbox 1145 2738 1185 2769; x_wconf 85' lang='lat' dir='ltr'><strong>et</strong></span> <span class='ocrx_word' id='word_1_359' title='bbox 1217 2731 1303 2770; x_wconf 86' lang='lat' dir='ltr'><strong>haec</strong></span> <span class='ocrx_word' id='word_1_360' title='bbox 1330 2737 1420 2770; x_wconf 85' lang='lat' dir='ltr'><strong>sunt</strong></span> <span class='ocrx_word' id='word_1_361' title='bbox 1447 2731 1583 2769; x_wconf 87' lang='lat' dir='ltr'><strong>decem</strong></span> <span class='ocrx_word' id='word_1_362' title='bbox 1610 2731 1759 2770; x_wconf 86' lang='lat' dir='ltr'><strong>talenta</strong></span> <span class='ocrx_word' id='word_1_363' title='bbox 1775 2738 1816 2770; x_wconf 91' lang='lat' dir='ltr'><strong>et</strong></span> 
     </span>
     <span class='ocr_line' id='line_1_41' title="bbox 347 2792 1817 2844; baseline 0.001 -15"><span class='ocrx_word' id='word_1_364' title='bbox 347 2793 605 2843; x_wconf 83' lang='lat' dir='ltr'><strong>quadraginta</strong></span> <span class='ocrx_word' id='word_1_365' title='bbox 619 2793 745 2839; x_wconf 87' lang='lat' dir='ltr'><strong>minae,</strong></span> <span class='ocrx_word' id='word_1_366' title='bbox 765 2793 993 2832; x_wconf 90' lang='lat' dir='ltr'><strong>decennium</strong></span> <span class='ocrx_word' id='word_1_367' title='bbox 1013 2806 1105 2831; x_wconf 90' lang='lat' dir='ltr'><strong>vero</strong></span> <span class='ocrx_word' id='word_1_368' title='bbox 1121 2799 1210 2844; x_wconf 88' lang='lat' dir='ltr'><strong>post</strong></span> <span class='ocrx_word' id='word_1_369' title='bbox 1224 2806 1302 2844; x_wconf 86' lang='lat' dir='ltr'><strong>quo</strong></span> <span class='ocrx_word' id='word_1_370' title='bbox 1323 2792 1491 2839; x_wconf 90' lang='lat' dir='ltr'><strong>Xenoni,</strong></span> <span class='ocrx_word' id='word_1_371' title='bbox 1506 2793 1715 2844; x_wconf 88' lang='lat' dir='ltr'><strong>Euphraeo‚</strong></span> <span class='ocrx_word' id='word_1_372' title='bbox 1736 2793 1817 2830; x_wconf 88' lang='lat' dir='ltr'><strong>Eu-</strong></span> 
     </span>
     <span class='ocr_line' id='line_1_42' title="bbox 346 2853 1815 2906; baseline 0.002 -16"><span class='ocrx_word' id='word_1_373' title='bbox 346 2853 484 2904; x_wconf 87' lang='lat' dir='ltr'><strong>phroni</strong></span> <span class='ocrx_word' id='word_1_374' title='bbox 505 2861 545 2892; x_wconf 92' lang='lat' dir='ltr'><strong>et</strong></span> <span class='ocrx_word' id='word_1_375' title='bbox 568 2855 796 2893; x_wconf 84' lang='lat' dir='ltr'><strong>Callistrato</strong></span> <span class='ocrx_word' id='word_1_376' title='bbox 814 2855 970 2902; x_wconf 79' lang='lat' dir='ltr'><strong>locavit,</strong></span> <span class='ocrx_word' id='word_1_377' title='bbox 995 2855 1202 2906; x_wconf 80' lang='lat' dir='ltr'><strong>quotannis</strong></span> <span class='ocrx_word' id='word_1_378' title='bbox 1226 2855 1442 2893; x_wconf 90' lang='lat' dir='ltr'><strong>talentum:</strong></span> <span class='ocrx_word' id='word_1_379' title='bbox 1466 2855 1549 2906; x_wconf 88' lang='lat' dir='ltr'><strong>jam</strong></span> <span class='ocrx_word' id='word_1_380' title='bbox 1571 2861 1712 2906; x_wconf 86' lang='lat' dir='ltr'><strong>praeter</strong></span> <span class='ocrx_word' id='word_1_381' title='bbox 1731 2854 1815 2893; x_wconf 82' lang='lat' dir='ltr'><strong>haec</strong></span> 
     </span>
     <span class='ocr_line' id='line_1_43' title="bbox 347 2915 1814 2968; baseline 0.002 -17"><span class='ocrx_word' id='word_1_382' title='bbox 347 2927 368 2952; x_wconf 89' lang='lat' dir='ltr'><strong>e</strong></span> <span class='ocrx_word' id='word_1_383' title='bbox 395 2915 572 2953; x_wconf 88' lang='lat' dir='ltr'><strong>domibus</strong></span> <span class='ocrx_word' id='word_1_384' title='bbox 607 2916 716 2955; x_wconf 89' lang='lat' dir='ltr'><strong>initio</strong></span> <span class='ocrx_word' id='word_1_385' title='bbox 749 2916 944 2955; x_wconf 88' lang='lat' dir='ltr'><strong>distributi</strong></span> <span class='ocrx_word' id='word_1_386' title='bbox 974 2916 1207 2968; x_wconf 86' lang='lat' dir='ltr'><strong>patrimonii,</strong></span> <span class='ocrx_word' id='word_1_387' title='bbox 1228 2917 1334 2966; x_wconf 91' lang='lat' dir='ltr'><strong>quod</strong></span> <span class='ocrx_word' id='word_1_388' title='bbox 1355 2916 1441 2968; x_wconf 86' lang='lat' dir='ltr'><strong>ipse</strong></span> <span class='ocrx_word' id='word_1_389' title='bbox 1466 2917 1641 2963; x_wconf 89' lang='lat' dir='ltr'><strong>curabat,</strong></span> <span class='ocrx_word' id='word_1_390' title='bbox 1667 2915 1814 2954; x_wconf 85' lang='lat' dir='ltr'><strong>reditus</strong></span> 
     </span>
     <span class='ocr_line' id='line_1_44' title="bbox 349 2971 1812 3028; baseline 0.002 -16"><span class='ocrx_word' id='word_1_391' title='bbox 349 2976 510 3027; x_wconf 77' lang='lat' dir='ltr'><strong>amplius</strong></span> <span class='ocrx_word' id='word_1_392' title='bbox 542 2977 707 3015; x_wconf 81' lang='lat' dir='ltr'><strong>tricenas</strong></span> <span class='ocrx_word' id='word_1_393' title='bbox 740 2979 873 3017; x_wconf 85' lang='lat' dir='ltr'><strong>minas.</strong></span> <span class='ocrx_word' id='word_1_394' title='bbox 932 2978 1048 3022; x_wconf 89' lang='lat' dir='ltr'><strong>Quod</strong></span> <span class='ocrx_word' id='word_1_395' title='bbox 1078 2978 1111 3017; x_wconf 90' lang='lat' dir='ltr'><strong>si</strong></span> <span class='ocrx_word' id='word_1_396' title='bbox 1135 2977 1174 3016; x_wconf 88' lang='lat' dir='ltr'><strong>in</strong></span> <span class='ocrx_word' id='word_1_397' title='bbox 1205 2990 1396 3018; x_wconf 79' lang='lat' dir='ltr'><strong>summam</strong></span> <span class='ocrx_word' id='word_1_398' title='bbox 1416 2971 1643 3028; x_wconf 81' lang='lat' dir='ltr'><strong>redegeritis</strong></span> <span class='ocrx_word' id='word_1_399' title='bbox 1671 2976 1812 3022; x_wconf 83' lang='lat' dir='ltr'><strong>omnia,</strong></span> 
     </span>
    </p>
   </div>
  </div>
 </body>
</html>
