1948 3306
336 145 386 180 ‘28
758 146 983 185 CONTRA
1013 146 1377 186 TIMARCHUM.

638 249 698 278 Sed
712 259 759 278 ine
773 249 884 280 letiferi
903 250 1026 280 cohibet
1043 251 1091 280 vis
1107 250 1205 280 ferrea
1219 250 1286 286 sati,

641 300 735 336 Quod
751 301 822 330 milii
837 302 975 331 nascenti
991 312 1082 331 saevae
1099 307 1234 330 statuere
1249 312 1381 331 sorores.

640 351 713 380 Hoc
730 353 811 390 quod
830 357 859 382 te
878 364 1009 392 quoque,
1026 353 1157 387 Achille,
1173 358 1284 388 manet,
1298 354 1356 381 sub
1369 352 1521 382 moenibus
1534 353 1605 382 altis

640 402 876 432 Laomedontea¹
892 414 988 441 parvo
1005 409 1075 441 post
1093 408 1231 441 tempore
1248 404 1359 441 Trojae.

643 453 714 483 Hoc¹
728 464 849 492 quoque
861 459 890 483 te
903 459 1047 492 repetens
1063 455 1234 493 iterumque
1250 454 1423 493 iterumque
1438 454 1603 494 precabor,

641 506 688 534 Ne
706 506 813 544 procul
831 515 847 534 a
864 505 977 534 nostris
991 509 1042 535 tua
1058 507 1186 535 mandes
1204 516 1271 535 ossa
1289 506 1397 546 reponi

639 557 789 585 Ossibus:
821 561 851 585 et
864 556 1004 594 quoniam
1024 556 1139 594 primos
1156 557 1244 585 simul
1261 557 1381 595 egimus
1397 567 1505 592 annos,

642 608 717 636 Cuni
736 617 862 646 puerum
882 613 969 646 pater
990 617 1028 636 ex
1047 609 1187 646 Opoente
1206 608 1374 638 Meuoetius
1390 608 1465 637 olim

643 660 694 686 Me
713 658 782 687 tulit
798 659 835 687 ad
858 663 977 688 vestros
995 659 1098 688 studio
1114 663 1299 697 properante
1316 663 1457 698 penates,

636 710 789 747 Tempore
804 720 863 748 quo
878 709 986 738 infelix
1001 714 1102 738 natum
1122 709 1377 748 Amphidamante
1392 709 1510 748 peremi

644 760 795 789 Ludendo
812 760 928 790 invitus
943 770 949 788 :
976 764 1041 790 tum
1058 771 1106 789 me
1123 760 1232 789 domus
1248 759 1362 798 inclyta
1380 759 1468 789 Pelei

645 811 804 850 Suscepit,
818 823 891 841 cura
907 816 938 841 et
950 817 1053 841 tecum
1067 810 1197 841 nutrivit
1210 811 1340 840 eadem:

643 863 734 891 Nunc
751 863 842 892 etiam
860 869 964 892 nostra
981 872 1052 891 ossa
1069 872 1127 891 una
1142 863 1310 891 condantur
1327 861 1356 891 iu
1375 871 1450 891 urna

643 914 813 952 Conjuncta
829 913 962 948 aureola,
980 914 1031 942 sed
1051 924 1118 952 quae
1135 923 1246 952 capere
1264 919 1390 952 utraque
1409 911 1520 951 possit,

647 964 747 1001 Quam
764 956 820 994 tibi
837 963 923 1006 (uam
939 964 1082 1005 memini)
1100 965 1182 993 dono
1199 964 1287 994 dedit
1306 964 1422 1003 inclyta
1438 968 1546 994 mater.

342 1064 511 1103 Licuisse
532 1077 645 1115 porro
671 1065 704 1103 ei
723 1078 808 1103 esse
828 1064 1028 1114 incolumi,
1049 1064 1121 1103 nisi
1141 1064 1314 1104 Patrocli
1341 1079 1478 1104 necem
1503 1064 1610 1104 ultus
1631 1070 1748 1114 esset,
1766 1078 1813 1104 ea

339 1125 462 1177 legito
483 1140 571 1178 quae
593 1126 730 1165 Thetis
747 1127 823 1165 ait:

647 1230 689 1260 Et
703 1234 746 1266 te,
763 1231 844 1260 sicut
860 1230 917 1266 ais,
934 1229 995 1260 cita
1010 1240 1092 1260 mors
1108 1234 1221 1266 manet,
1235 1229 1351 1269 inclyte
1367 1230 1429 1260 fili:

643 1282 704 1311 Sed
722 1282 807 1320 prius
821 1282 979 1312 Hectoreo
996 1282 1096 1320 tinges
1110 1281 1138 1310 in
1154 1281 1300 1320 sanguine
1312 1282 1467 1319 dextram,

645 1332 703 1364 Cui
720 1332 813 1362 vitam
832 1333 959 1372 eripies,
975 1335 1063 1371 cujus
1081 1337 1112 1362 tu
1130 1333 1192 1362 fata
1212 1333 1352 1372 sequeris

644 1384 808 1422 Temporis
826 1384 932 1423 exigui
949 1383 1060 1423 spatio.
1093 1383 1144 1412 Sic
1157 1383 1248 1419 dixit,
1265 1389 1296 1412 at
1311 1383 1356 1412 illi

644 1434 796 1463 Reddidit
811 1445 850 1463 ex
868 1434 929 1463 imo
947 1434 1080 1474 suspiria
1095 1438 1222 1473 pectore
1236 1433 1353 1462 ducens

645 1483 747 1514 Filius
763 1484 928 1514 AEacides:
954 1485 1110 1524 equidem,
1124 1483 1283 1513 carissima
1297 1487 1405 1519 mater,

645 1535 733 1565 Sicut
748 1535 805 1572 ais,
821 1536 945 1571 moriar,
963 1536 1084 1576 quando
1096 1535 1184 1576 jacet
1200 1535 1260 1565 iste
1278 1545 1414 1565 meorum
1461 1551 1463 1554 ·

645 1587 804 1626 Optimus,
817 1593 848 1617 et
860 1588 951 1626 longe
968 1587 1040 1617 huic
1054 1587 1154 1616 auimo
1171 1586 1350 1616 carissimus
1366 1587 1462 1623 idem,

645 1638 702 1668 cui
717 1649 774 1667 uon
789 1639 905 1668 auxilio
917 1639 1019 1678 potui,
1038 1648 1095 1668 non
1111 1649 1179 1668 esse
1196 1638 1298 1673 saluti,

644 1690 694 1719 Ne
707 1690 813 1728 procul
826 1700 843 1719 a
859 1690 972 1730 patria,
986 1689 1088 1728 Trojae
1106 1691 1161 1719 sub
1178 1689 1330 1719 moenibus
1342 1689 1426 1726 altis,

646 1741 767 1770 Hostili
785 1741 911 1771 caderet
924 1742 1082 1780 perfossus
1099 1745 1227 1780 pectora
1242 1740 1336 1771 ferro.

398 1837 461 1874 30.
491 1835 583 1873 Jam
609 1834 674 1884 qui
699 1833 795 1871 nulli
820 1841 1022 1885 poetarum
1052 1833 1242 1884 sapientia
1266 1833 1372 1871 cedit
1392 1833 1613 1884 Euripides,
1631 1834 1671 1872 in
1695 1836 1811 1874 rebus

341 1896 626 1936 honestissimis
644 1908 813 1933 amorem
833 1897 1054 1934 modestum
1076 1908 1302 1942 numeranS,
1320 1895 1488 1945 quodam
1509 1908 1597 1933 eum
1612 1896 1700 1934 loco
1713 1897 1815 1935 votis

343 1966 552 2011 exoptans,
573 1957 630 1995 sic
647 1958 700 1996 ait
716 1971 725 1995 :

645 2062 741 2091 Amor
757 2061 929 2097 modestus,
946 2066 978 2091 et
993 2060 1116 2091 virtutis
1132 2060 1264 2095 assecla,

644 2113 703 2142 Est
718 2112 927 2150 expetendus,
945 2111 1034 2150 isque
1052 2111 1211 2151 contingat
1225 2111 1312 2141 mihi.

344 2213 494 2250 Rursus
508 2211 611 2249 idem
625 2217 742 2261 poeta
753 2212 793 2249 in
806 2212 1010 2259 Phoenice,
1027 2213 1076 2250 de
1093 2213 1289 2251 calumnia
1303 2226 1379 2263 qua
1393 2212 1547 2251 delatus
1561 2213 1691 2252 fuerat
1706 2214 1812 2265 apud

339 2282 503 2327 patrem,
531 2274 775 2324 pronunciat,
797 2287 840 2313 se
859 2275 1076 2313 defendens
1097 2281 1137 2314 et
1162 2275 1338 2314 homines
1365 2275 1672 2322 consuefaciens‚
1693 2290 1741 2315 ne
1766 2289 1814 2314 ex

341 2335 627 2387 suspicionibus
662 2342 728 2373 aut
757 2336 1105 2385 criminationibus,
1139 2338 1208 2376 sed
1237 2351 1284 2375 ex
1305 2344 1487 2376 anteacta
1517 2339 1598 2377 vita
1621 2338 1813 2389 judicium

342 2397 511 2436 faciant:

642 2492 709 2529 Jam
728 2509 810 2538 saepe
831 2500 932 2530 lectus
948 2500 1027 2530 acris
1042 2500 1106 2530 litis
1125 2500 1250 2537 arbiter,

602 2580 604 2582 ,
643 2551 720 2580 Cum
734 2550 830 2580 multa
846 2552 1077 2582 concurrissent
1093 2551 1177 2581 dicta
1194 2551 1333 2588 testium,

643 2601 743 2631 Statui
757 2601 926 2639 diversum,
940 2613 1034 2633 causa
1050 2603 1201 2632 adductus
1217 2602 1317 2633 unica.

643 2653 686 2683 Et
707 2662 765 2691 ego
781 2653 906 2691 quidem
924 2654 971 2683 sic
987 2653 1083 2695 (ratio
1099 2658 1133 2684 ut
1149 2654 1217 2693 ipsa
1231 2652 1386 2694 postulat)

643 2703 773 2742 Inquiro
789 2713 874 2740 vera,
890 2715 992 2735 mores
1007 2705 1130 2737 intuens
1147 2704 1219 2741 viri,
1236 2709 1267 2734 et

643 2754 840 2791 Quotidianae
858 2755 930 2785 vitae
947 2756 1213 2786 consuetudinem.

645 2805 788 2844 Namque
805 2805 1016 2846 improborum
1033 2808 1083 2837 cui
1096 2806 1198 2846 placet
1211 2805 1372 2841 sodalitas,

643 2856 677 2885 Is
689 2855 743 2895 qui
759 2856 820 2886 siet
831 2856 890 2894 vir,
906 2869 967 2888 non
979 2869 1055 2897 rogo
1070 2868 1076 2887 :
1100 2857 1200 2887 sciens
1218 2856 1305 2892 satis,

641 2907 801 2939 sodalium
815 2908 904 2940 illum
921 2909 1088 2940 convenire
1103 2908 1253 2939 moribus.
