1965 3356
625 213 682 250 IN
713 212 1056 251 STEPHANUM
1088 213 1118 250 Ι.
1523 214 1602 250 643

145 311 244 349 salso
261 312 505 359 testimonio;
537 315 607 354 sed
626 316 747 354 multo
766 316 935 366 iniquius
962 323 1001 354 et
1027 316 1180 367 gravius
1200 315 1488 363 vindicandum,
1508 314 1550 354 id
1570 316 1603 354 si

144 373 212 411 fiat
229 373 268 411 in
289 383 490 427 cognatos.
529 378 620 416 Non
640 378 741 416 enim
762 378 927 428 scriptas
945 377 1215 416 tantummodo
1234 377 1341 428 leges
1363 378 1450 416 talis
1469 377 1601 424 homo,

142 435 212 473 sed
240 435 362 487 ipsius
393 440 510 478 etiam
542 447 689 477 naturae
716 439 1046 489 conjunctionem,
1074 439 1224 477 evertit.
1281 439 1329 477 Id
1350 439 1453 489 quod
1485 440 1600 478 istum

142 495 281 535 fecisse
302 500 540 539 ostendetur.
589 500 683 551 Ejus
702 499 804 537 enim
820 506 956 547 mater,
979 500 1103 537 soceri
1122 500 1197 537 mei
1218 513 1325 537 soror
1345 507 1421 537 est:
1444 501 1611 551 proinde

140 571 239 597 uxor
253 573 339 599 mea
357 562 390 599 ei
410 568 472 599 est
491 562 738 606 consobrina,
757 568 796 599 et
815 561 923 599 liberi
942 561 1024 612 ejus
1041 568 1079 599 et
1098 561 1174 598 mei
1193 568 1285 599 sunt
1301 560 1459 599 sobrini.
1489 561 1601 599 Nun-

140 621 235 672 quid
259 624 403 674 putatis
431 623 560 670 istum,
582 624 612 662 si
642 624 736 676 quid
762 631 920 676 propter
939 624 1106 675 inopiam
1126 630 1262 661 contra
1288 623 1457 662 officium
1475 624 1603 663 facere

140 691 327 735 cognatas
357 698 449 724 suas
468 686 629 734 videret,
649 687 689 724 id
715 686 820 737 quod
841 686 950 724 multi
972 685 1055 738 jam
1081 686 1271 733 fecerunt,
1291 685 1381 724 dote
1411 684 1506 723 data
1534 697 1601 724 eas

139 745 394 795 elocaturum,
427 748 506 799 qui,
538 762 586 787 ne
619 762 676 788 eae
707 761 779 787 sua
810 754 1098 800 recuperarent,
1117 748 1217 787 falsa
1242 747 1379 786 testari
1397 746 1532 794 voluit,
1564 754 1604 785 et

137 807 260 860 pluris
279 809 374 849 fecit
394 809 639 850 Phormionis
660 810 826 859 divitias,
842 824 957 863 quam
978 810 1223 863 cognationis
1241 808 1602 849 necessitudinem?

139 869 221 908 Sed
239 876 282 909 ut
298 870 384 911 haee
403 885 427 911 a
441 886 502 912 me
516 887 604 913 vere
619 872 695 912 dici
708 879 876 921 constet,
892 886 989 926 cape
1005 872 1133 911 Diniae
1148 872 1428 920 testimonium,
1441 877 1481 911 et
1494 870 1600 923 lege:

139 930 215 971 cita
234 931 404 973 Diniam.

672 1021 1077 1081 TESTIMONIUM.

179 1114 289 1146 Dinius
314 1116 494 1147 Theomneti
517 1117 552 1147 F.
568 1116 786 1147 Athmonensis
810 1122 942 1148 testatur
958 1128 991 1148 se
1005 1118 1098 1148 filiam
1115 1127 1201 1148 suam
1217 1116 1409 1157 Apollodoro
1431 1115 1600 1156 legitimam

136 1177 264 1198 uxorem
281 1167 405 1198 dedisse
419 1179 428 1206 3
451 1178 550 1207 neque
564 1179 694 1208 unquam
711 1168 850 1206 affuisse,
867 1174 919 1200 aut
933 1170 1201 1207 animadvertisse,
1214 1169 1438 1209 Apollodorum
1452 1170 1492 1199 de
1505 1167 1601 1198 omni-

134 1218 192 1248 bus
205 1218 424 1249 controversiis
436 1228 506 1248 cum
523 1218 708 1248 Phormione
720 1219 917 1258 transegisse.

134 1293 211 1333 Est
239 1307 288 1333 ne
314 1294 448 1334 similis
475 1294 539 1333 isti
566 1294 718 1342 Dinias,
737 1294 765 1334 J
768 1294 916 1344 udices,
936 1295 1001 1347 qui
1026 1308 1096 1347 pro
1115 1295 1209 1342 filia,
1229 1302 1268 1334 et
1292 1295 1383 1333 filiae
1403 1294 1544 1341 liberis,
1560 1301 1599 1332 et

132 1369 196 1395 me
223 1355 383 1408 genero,
400 1363 558 1410 propter
591 1357 864 1409 cognationem
889 1370 962 1396 nec
982 1371 1073 1396 vera
1100 1357 1140 1395 in
1171 1358 1290 1396 istum
1318 1356 1454 1395 testari
1486 1355 1600 1394 vult?

133 1418 215 1457 Sed
233 1432 312 1457 non
329 1419 385 1458 ita
404 1419 641 1470 Stephanus,
661 1420 726 1471 qui
745 1433 824 1458 non
844 1419 1035 1459 dubitavit
1061 1420 1099 1458 in
1126 1433 1198 1459 nos
1218 1419 1372 1458 mentiri
1390 1431 1460 1471 pro
1488 1419 1599 1457 testi-

131 1481 277 1529 monio,
289 1494 414 1533 neque
429 1489 473 1519 ut
490 1482 685 1520 neminem
699 1481 830 1531 aliurn,
843 1488 884 1520 at
897 1488 1060 1520 matrem
1080 1495 1189 1520 suam
1211 1481 1374 1528 erubuit,
1391 1481 1486 1519 dum
1505 1494 1600 1532 cog-

130 1549 245 1583 natos
263 1549 458 1583 maternos
476 1544 515 1582 in
534 1549 746 1582 extremam
760 1543 970 1596 conjiceret
985 1550 1268 1595 paupertatem.

189 1608 250 1644 17.
281 1606 398 1650 Quod
427 1613 557 1645 autem
583 1604 734 1644 facinus
761 1605 1074 1657 indignissimum
1099 1606 1255 1657 pertuli,
1274 1611 1314 1643 et
1333 1604 1439 1655 quod
1472 1617 1533 1643 me
1560 1604 1599 1642 in

129 1668 285 1720 agenda
302 1681 425 1707 causa
447 1667 787 1706 vehementissime
819 1666 1042 1714 commovit,
1062 1666 1242 1716 Judices‚
1271 1667 1311 1705 id
1329 1667 1440 1705 vobis
1471 1667 1598 1718 expli-

129 1732 243 1770 cabo.
301 1729 405 1768 Nam
425 1737 466 1768 et
493 1728 602 1767 istius
630 1729 919 1780 improbitatem
946 1728 1069 1781 magis
1101 1728 1358 1781 perspicietis,
1381 1736 1421 1767 et
1439 1741 1512 1780 ego
1528 1729 1597 1767 de-

129 1793 290 1846 ploratis
309 1791 414 1844 apud
433 1805 503 1831 vos
522 1791 722 1843 plerisque
742 1791 892 1842 injuriis
914 1791 1023 1843 quasi
1043 1804 1161 1830 onere
1180 1790 1351 1842 quodam
1372 1790 1524 1829 levatus
1541 1790 1597 1829 vi-

128 1856 261 1895 debor.
318 1853 612 1901 Testimonium,
633 1853 739 1904 quod
758 1866 819 1891 me
838 1853 980 1892 habere
999 1853 1198 1906 putabam,
1221 1860 1260 1890 et
1279 1865 1357 1903 quo
1378 1865 1497 1891 causa
1510 1865 1598 1892 mea

127 1917 296 1957 maxime
315 1916 523 1964 nitebatur,
543 1915 583 1954 in
603 1914 743 1954 echino
763 1928 842 1954 non
861 1915 1115 1968 reperiebam.
1170 1915 1272 1952 Tum
1292 1913 1410 1966 igitur
1430 1927 1476 1952 eo
1492 1916 1597 1954 malo

126 1981 314 2021 attonitus
333 1993 412 2019 non
440 1978 547 2018 aliud
570 1979 775 2024 habebam,
797 1991 914 2029 quam
931 1979 976 2015 ut
991 1984 1170 2028 putarem
1191 1976 1462 2027 magistratum
1491 1976 1598 2016 facta

127 2119 215 2145 sum
236 2105 433 2151 arbitrum,
457 2103 700 2155 Stephanum
725 2102 765 2139 id
791 2100 993 2140 sustulisse
1012 2100 1178 2152 reperio,
1200 2113 1288 2138 cum
1310 2113 1398 2151 ego,
1427 2107 1471 2138 ut
1504 2102 1594 2140 testi

125 2168 279 2208 cuidam
302 2165 578 2220 jusjurandum
605 2164 809 2211 deferrem,
841 2163 1109 2202 surrexissem.
1166 2162 1221 2200 Et
1251 2162 1338 2201 haec
1369 2176 1392 2201 a
1417 2176 1480 2201 me
1504 2177 1593 2202 vere

126 2231 202 2270 dici
220 2237 265 2268 ut
282 2234 448 2274 constet,
467 2227 632 2279 primum
650 2226 758 2265 vobis
779 2227 1025 2264 testabuntur
1044 2225 1083 2262 hi
1103 2225 1169 2276 qui
1186 2225 1271 2264 istis
1292 2224 1486 2264 affuerunt
1505 2227 1592 2277 qui-

124 2306 201 2345 que
215 2291 424 2331 viderunt:
450 2286 577 2341 neque
593 2289 694 2329 enim
710 2301 778 2328 eos
799 2288 1011 2340 ejuraturos
1031 2300 1116 2326 esse
1135 2294 1247 2339 puto.
1292 2288 1361 2326 Sin
1381 2301 1427 2326 ea
1446 2288 1592 2328 fuerint

123 2353 366 2407 impudentia
397 2358 442 2391 ut
472 2352 612 2391 facturi
639 2352 729 2399 sint,
749 2349 974 2403 provocatio
996 2350 1105 2388 vobis
1135 2350 1300 2402 legetur,
1327 2363 1396 2402 per
1415 2363 1530 2402 quam
1551 2359 1587 2391 et

123 2429 257 2456 eorum
285 2415 495 2468 perjurium
520 2414 650 2467 palam
679 2411 992 2467 deprehendetiS,
1012 2419 1054 2451 et
1084 2412 1204 2451 istum
1229 2412 1457 2464 surripuisse
1486 2415 1591 2453 testi·

122 2478 296 2518 monium
327 2491 440 2529 aeque
467 2476 726 2529 cognoscetis.
783 2476 836 2513 At
865 2473 1054 2526 quisquis,
1080 2473 1355 2520 Athenienses,
1377 2473 1589 2513 alienorum

121 2541 247 2580 furem
267 2538 455 2592 appellari
483 2551 525 2577 se
552 2552 632 2577 non
660 2537 867 2583 recusavit,
901 2548 925 2574 a
951 2549 1030 2588 quo
1049 2536 1157 2574 vobis
1184 2536 1389 2575 abhorrere
1416 2536 1589 2576 facinore

122 2601 344 2642 videbitur?
387 2599 528 2640 Recita
545 2600 820 2648 testimonium,
841 2597 986 2637 deinde
1006 2598 1322 2651 provocationem
1343 2599 1460 2639 hanc.

656 2708 1067 2750 TESTIMONIUM.

160 2789 326 2822 Tanaum·-
340 2799 373 2821 se
387 2789 503 2821 amieos
511 2793 544 2821 et
552 2789 719 2822 familiares
733 2803 801 2824 esse
810 2793 1019 2832 Phormionis;
1031 2800 1061 2824 et
1071 2793 1196 2824 affuisse
1210 2793 1290 2833 apud
1303 2793 1448 2822 arbitrum
1458 2793 1586 2829 'ri-inm,

122 2850 192 2872 uum
207 2840 366 2872 arbitrium
389 2841 421 2872 in
437 2852 530 2873 causa
549 2842 732 2882 Apollodori
759 2851 866 2876 contra
886 2845 1105 2878 Phormionem
1127 2845 1231 2882 fieret3
1254 2845 1394 2883 scireque
1411 2855 1442 2873 se
1457 2845 1586 2884 Stepha-

121 2901 195 2922 num
209 2891 393 2932 surripuisse
407 2893 440 2924 id
455 2893 674 2933 testimonium,
689 2897 772 2937 quod
786 2907 855 2929 eum
871 2897 1057 2937 surripuisse
1069 2897 1205 2937 queritur
1222 2896 1440 2936 Apollodorus.

124 2968 202 3007 Aut
220 2969 428 3016 testamini,
448 2977 516 3011 aut
536 2971 695 3022 ejurate.
