<?xml version="1.0" encoding="UTF-8"?>
<!DOCTYPE html PUBLIC "-//W3C//DTD XHTML 1.0 Transitional//EN"
    "http://www.w3.org/TR/xhtml1/DTD/xhtml1-transitional.dtd">
<html xmlns="http://www.w3.org/1999/xhtml" xml:lang="en" lang="en">
 <head>
  <title>
</title>
<meta http-equiv="Content-Type" content="text/html;charset=utf-8" />
  <meta name='ocr-system' content='tesseract 3.04.00' />
  <meta name='ocr-capabilities' content='ocr_page ocr_carea ocr_par ocr_line ocrx_word'/>
</head>
<body>
  <div class='ocr_page' id='page_1' title='image "./oratoresatticie16dobs_0169.png"; bbox 0 0 1965 3356; ppageno 0'>
   <div class='ocr_carea' id='block_1_1' title="bbox 0 2493 26 3356">
    <p class='ocr_par' dir='ltr' id='par_1_1' title="bbox 0 2493 26 3356">
     <span class='ocr_line' id='line_1_1' title="bbox 0 2493 26 3356; textangle 90"><span class='ocrx_word' id='word_1_1' title='bbox 0 3123 26 3356; x_wconf 42' lang='lat' dir='ltr'>F—vw-r</span> <span class='ocrx_word' id='word_1_2' title='bbox 0 3009 7 3101; x_wconf 57' lang='lat' dir='ltr'>---v</span> <span class='ocrx_word' id='word_1_3' title='bbox 0 2869 7 2986; x_wconf 48' lang='lat' dir='ltr'>ww„</span> <span class='ocrx_word' id='word_1_4' title='bbox 0 2638 11 2852; x_wconf 52' lang='lat' dir='ltr'>uv—gw·-</span> <span class='ocrx_word' id='word_1_5' title='bbox 0 2536 4 2619; x_wconf 62' lang='lat'>.-„„</span> <span class='ocrx_word' id='word_1_6' title='bbox 0 2493 2 2499; x_wconf 28' lang='grc' dir='ltr'>ἡ</span> 
     </span>
    </p>
   </div>
   <div class='ocr_carea' id='block_1_2' title="bbox 179 360 1559 464">
    <p class='ocr_par' dir='ltr' id='par_1_2' title="bbox 179 360 1559 464">
     <span class='ocr_line' id='line_1_2' title="bbox 179 360 1559 405; baseline -0.001 -1"><span class='ocrx_word' id='word_1_7' title='bbox 179 364 582 405; x_wconf 88' lang='lat' dir='ltr'><strong>ARGUMENTUM</strong></span> <span class='ocrx_word' id='word_1_8' title='bbox 619 361 926 402; x_wconf 88' lang='lat' dir='ltr'><strong>ORATIONIS</strong></span> <span class='ocrx_word' id='word_1_9' title='bbox 960 360 1254 400; x_wconf 85' lang='lat' dir='ltr'><strong>ADVERSUS</strong></span> <span class='ocrx_word' id='word_1_10' title='bbox 1287 362 1559 402; x_wconf 89' lang='lat' dir='ltr'>OLYMP10-</span> 
     </span>
     <span class='ocr_line' id='line_1_3' title="bbox 571 423 1170 464; baseline -0.007 0"><span class='ocrx_word' id='word_1_11' title='bbox 571 425 774 464; x_wconf 84' lang='lat' dir='ltr'>DORUM</span> <span class='ocrx_word' id='word_1_12' title='bbox 806 423 939 462; x_wconf 89' lang='lat' dir='ltr'><strong>DATI</strong></span> <span class='ocrx_word' id='word_1_13' title='bbox 971 424 1170 461; x_wconf 92' lang='lat' dir='ltr'><strong>DAMNI.</strong></span> 
     </span>
    </p>
   </div>
   <div class='ocr_carea' id='block_1_3' title="bbox 133 529 1610 2276">
    <p class='ocr_par' dir='ltr' id='par_1_3' title="bbox 133 529 1610 2276">
     <span class='ocr_line' id='line_1_4' title="bbox 182 529 1605 570; baseline 0 -8"><span class='ocrx_word' id='word_1_14' title='bbox 182 532 348 564; x_wconf 61' lang='lat' dir='ltr'>Macrum</span> <span class='ocrx_word' id='word_1_15' title='bbox 364 543 465 563; x_wconf 82' lang='lat' dir='ltr'>rernm</span> <span class='ocrx_word' id='word_1_16' title='bbox 481 537 514 562; x_wconf 85' lang='lat' dir='ltr'>et</span> <span class='ocrx_word' id='word_1_17' title='bbox 531 541 655 561; x_wconf 86' lang='lat' dir='ltr'>casuum</span> <span class='ocrx_word' id='word_1_18' title='bbox 673 529 851 560; x_wconf 82' lang='lat' dir='ltr'>varietatem</span> <span class='ocrx_word' id='word_1_19' title='bbox 877 529 1013 560; x_wconf 84' lang='lat' dir='ltr'>continet</span> <span class='ocrx_word' id='word_1_20' title='bbox 1039 529 1104 559; x_wconf 82' lang='lat' dir='ltr'>haec</span> <span class='ocrx_word' id='word_1_21' title='bbox 1127 529 1237 560; x_wconf 88' lang='lat' dir='ltr'>oratio.</span> <span class='ocrx_word' id='word_1_22' title='bbox 1282 531 1389 560; x_wconf 91' lang='lat' dir='ltr'>Conon</span> <span class='ocrx_word' id='word_1_23' title='bbox 1415 530 1460 560; x_wconf 88' lang='lat' dir='ltr'>vir</span> <span class='ocrx_word' id='word_1_24' title='bbox 1483 531 1605 570; x_wconf 86' lang='lat' dir='ltr'>quidam</span> 
     </span>
     <span class='ocr_line' id='line_1_5' title="bbox 137 580 1605 621; baseline -0.002 -5"><span class='ocrx_word' id='word_1_25' title='bbox 137 585 335 616; x_wconf 80' lang='lat' dir='ltr'><strong>Atheniensis</strong></span> <span class='ocrx_word' id='word_1_26' title='bbox 352 585 444 615; x_wconf 84' lang='lat' dir='ltr'>orbus</span> <span class='ocrx_word' id='word_1_27' title='bbox 454 582 577 613; x_wconf 84' lang='lat' dir='ltr'>decedit</span> <span class='ocrx_word' id='word_1_28' title='bbox 589 594 597 621; x_wconf 86' lang='lat'>;</span> <span class='ocrx_word' id='word_1_29' title='bbox 608 583 647 612; x_wconf 92' lang='lat' dir='ltr'>de</span> <span class='ocrx_word' id='word_1_30' title='bbox 660 581 839 612; x_wconf 81' lang='lat' dir='ltr'>haereditate</span> <span class='ocrx_word' id='word_1_31' title='bbox 855 581 935 611; x_wconf 85' lang='lat' dir='ltr'>iuter</span> <span class='ocrx_word' id='word_1_32' title='bbox 950 583 1016 621; x_wconf 84' lang='lat' dir='ltr'>ejus</span> <span class='ocrx_word' id='word_1_33' title='bbox 1029 586 1175 620; x_wconf 85' lang='lat' dir='ltr'>cognatos</span> <span class='ocrx_word' id='word_1_34' title='bbox 1189 580 1285 611; x_wconf 86' lang='lat' dir='ltr'>oritur</span> <span class='ocrx_word' id='word_1_35' title='bbox 1298 582 1519 612; x_wconf 85' lang='lat' dir='ltr'>controversia.</span> <span class='ocrx_word' id='word_1_36' title='bbox 1536 583 1605 613; x_wconf 89' lang='lat' dir='ltr'>Cal-</span> 
     </span>
     <span class='ocr_line' id='line_1_6' title="bbox 136 632 1608 677; baseline -0.001 -12"><span class='ocrx_word' id='word_1_37' title='bbox 136 635 288 672; x_wconf 84' lang='lat' dir='ltr'>listratus,</span> <span class='ocrx_word' id='word_1_38' title='bbox 302 636 354 677; x_wconf 92' lang='lat' dir='ltr'>qui</span> <span class='ocrx_word' id='word_1_39' title='bbox 370 645 494 666; x_wconf 80' lang='lat' dir='ltr'>causam</span> <span class='ocrx_word' id='word_1_40' title='bbox 510 634 587 664; x_wconf 87' lang='lat' dir='ltr'>hanc</span> <span class='ocrx_word' id='word_1_41' title='bbox 603 634 678 674; x_wconf 83' lang='lat' dir='ltr'>agit,</span> <span class='ocrx_word' id='word_1_42' title='bbox 695 638 790 663; x_wconf 88' lang='lat' dir='ltr'>totam</span> <span class='ocrx_word' id='word_1_43' title='bbox 808 643 874 667; x_wconf 83' lang='lat' dir='ltr'>eam</span> <span class='ocrx_word' id='word_1_44' title='bbox 892 633 1099 663; x_wconf 80' lang='lat' dir='ltr'>haereditatem</span> <span class='ocrx_word' id='word_1_45' title='bbox 1115 633 1152 662; x_wconf 91' lang='lat' dir='ltr'>ad</span> <span class='ocrx_word' id='word_1_46' title='bbox 1170 643 1202 663; x_wconf 87' lang='lat' dir='ltr'>se</span> <span class='ocrx_word' id='word_1_47' title='bbox 1220 632 1377 671; x_wconf 87' lang='lat' dir='ltr'>pertinere</span> <span class='ocrx_word' id='word_1_48' title='bbox 1394 632 1488 672; x_wconf 82' lang='lat' dir='ltr'>dicit3</span> <span class='ocrx_word' id='word_1_49' title='bbox 1500 635 1551 673; x_wconf 91' lang='lat' dir='ltr'>qui</span> <span class='ocrx_word' id='word_1_50' title='bbox 1568 635 1608 664; x_wconf 85' lang='lat' dir='ltr'>sit</span> 
     </span>
     <span class='ocr_line' id='line_1_7' title="bbox 139 684 1608 728; baseline -0.003 -10"><span class='ocrx_word' id='word_1_51' title='bbox 139 698 250 728; x_wconf 82' lang='lat' dir='ltr'>genere</span> <span class='ocrx_word' id='word_1_52' title='bbox 268 687 385 718; x_wconf 88' lang='lat' dir='ltr'>Cononi</span> <span class='ocrx_word' id='word_1_53' title='bbox 406 686 576 726; x_wconf 84' lang='lat' dir='ltr'>proximus.</span> <span class='ocrx_word' id='word_1_54' title='bbox 622 685 684 716; x_wconf 80' lang='lat' dir='ltr'>Sed</span> <span class='ocrx_word' id='word_1_55' title='bbox 709 685 739 714; x_wconf 89' lang='lat' dir='ltr'>in</span> <span class='ocrx_word' id='word_1_56' title='bbox 764 695 800 714; x_wconf 93' lang='lat' dir='ltr'>eo</span> <span class='ocrx_word' id='word_1_57' title='bbox 825 685 955 714; x_wconf 82' lang='lat' dir='ltr'>fortasse</span> <span class='ocrx_word' id='word_1_58' title='bbox 980 685 1138 720; x_wconf 80' lang='lat' dir='ltr'><strong>mentitur,</strong></span> <span class='ocrx_word' id='word_1_59' title='bbox 1157 690 1188 714; x_wconf 92' lang='lat' dir='ltr'>et</span> <span class='ocrx_word' id='word_1_60' title='bbox 1214 685 1304 714; x_wconf 84' lang='lat' dir='ltr'>nudis</span> <span class='ocrx_word' id='word_1_61' title='bbox 1330 684 1433 714; x_wconf 86' lang='lat' dir='ltr'>verbis</span> <span class='ocrx_word' id='word_1_62' title='bbox 1453 685 1608 715; x_wconf 87' lang='lat' dir='ltr'>abutitur:</span> 
     </span>
     <span class='ocr_line' id='line_1_8' title="bbox 139 734 1610 779; baseline -0.002 -10"><span class='ocrx_word' id='word_1_63' title='bbox 139 738 383 779; x_wconf 80' lang='lat' dir='ltr'>Olympiodorus</span> <span class='ocrx_word' id='word_1_64' title='bbox 400 742 515 774; x_wconf 88' lang='lat' dir='ltr'>autem,</span> <span class='ocrx_word' id='word_1_65' title='bbox 531 737 560 767; x_wconf 85' lang='lat' dir='ltr'>in</span> <span class='ocrx_word' id='word_1_66' title='bbox 578 747 666 777; x_wconf 88' lang='lat' dir='ltr'>quem</span> <span class='ocrx_word' id='word_1_67' title='bbox 684 736 748 765; x_wconf 83' lang='lat' dir='ltr'>haec</span> <span class='ocrx_word' id='word_1_68' title='bbox 765 736 893 766; x_wconf 84' lang='lat' dir='ltr'>habetur</span> <span class='ocrx_word' id='word_1_69' title='bbox 906 735 1015 771; x_wconf 72' lang='lat' dir='ltr'>oratio,</span> <span class='ocrx_word' id='word_1_70' title='bbox 1033 743 1062 764; x_wconf 89' lang='lat' dir='ltr'>et</span> <span class='ocrx_word' id='word_1_71' title='bbox 1079 735 1146 773; x_wconf 86' lang='lat' dir='ltr'>ipse</span> <span class='ocrx_word' id='word_1_72' title='bbox 1163 735 1200 773; x_wconf 85' lang='lat' dir='ltr'>ab</span> <span class='ocrx_word' id='word_1_73' title='bbox 1218 735 1306 765; x_wconf 85' lang='lat' dir='ltr'>initio</span> <span class='ocrx_word' id='word_1_74' title='bbox 1324 734 1531 765; x_wconf 79' lang='lat' dir='ltr'>haereditatem</span> <span class='ocrx_word' id='word_1_75' title='bbox 1551 747 1610 775; x_wconf 85' lang='lat' dir='ltr'>pe-</span> 
     </span>
     <span class='ocr_line' id='line_1_9' title="bbox 137 787 1606 827; baseline -0.002 -7"><span class='ocrx_word' id='word_1_76' title='bbox 137 789 197 826; x_wconf 86' lang='lat' dir='ltr'>tiit,</span> <span class='ocrx_word' id='word_1_77' title='bbox 215 789 357 820; x_wconf 87' lang='lat' dir='ltr'>affinitate</span> <span class='ocrx_word' id='word_1_78' title='bbox 372 799 442 819; x_wconf 91' lang='lat' dir='ltr'>cum</span> <span class='ocrx_word' id='word_1_79' title='bbox 459 788 639 818; x_wconf 79' lang='lat' dir='ltr'>Callistrato</span> <span class='ocrx_word' id='word_1_80' title='bbox 655 788 848 826; x_wconf 85' lang='lat' dir='ltr'>conjunctus.</span> <span class='ocrx_word' id='word_1_81' title='bbox 885 787 1028 817; x_wconf 88' lang='lat' dir='ltr'>Sororem</span> <span class='ocrx_word' id='word_1_82' title='bbox 1047 787 1127 816; x_wconf 86' lang='lat' dir='ltr'>enim</span> <span class='ocrx_word' id='word_1_83' title='bbox 1140 787 1357 827; x_wconf 86' lang='lat' dir='ltr'>Olympiodori</span> <span class='ocrx_word' id='word_1_84' title='bbox 1369 787 1562 818; x_wconf 69' lang='lat' dir='ltr'>Callistratus</span> <span class='ocrx_word' id='word_1_85' title='bbox 1577 788 1606 818; x_wconf 95' lang='lat' dir='ltr'>in</span> 
     </span>
     <span class='ocr_line' id='line_1_10' title="bbox 136 838 1608 879; baseline -0.002 -7"><span class='ocrx_word' id='word_1_86' title='bbox 136 840 328 872; x_wconf 83' lang='lat' dir='ltr'>matrimonio</span> <span class='ocrx_word' id='word_1_87' title='bbox 344 841 460 871; x_wconf 86' lang='lat' dir='ltr'>habuit.</span> <span class='ocrx_word' id='word_1_88' title='bbox 503 840 614 870; x_wconf 76' lang='lat' dir='ltr'>Visum</span> <span class='ocrx_word' id='word_1_89' title='bbox 631 839 727 879; x_wconf 87' lang='lat' dir='ltr'>igitur</span> <span class='ocrx_word' id='word_1_90' title='bbox 749 838 795 869; x_wconf 88' lang='lat' dir='ltr'>eis</span> <span class='ocrx_word' id='word_1_91' title='bbox 819 839 876 868; x_wconf 82' lang='lat' dir='ltr'>fuit</span> <span class='ocrx_word' id='word_1_92' title='bbox 891 849 949 868; x_wconf 92' lang='lat' dir='ltr'>non</span> <span class='ocrx_word' id='word_1_93' title='bbox 965 838 1086 878; x_wconf 73' lang='lat' dir='ltr'>litigare</span> <span class='ocrx_word' id='word_1_94' title='bbox 1103 838 1183 868; x_wconf 88' lang='lat' dir='ltr'>inter</span> <span class='ocrx_word' id='word_1_95' title='bbox 1199 849 1245 875; x_wconf 90' lang='lat' dir='ltr'>se,</span> <span class='ocrx_word' id='word_1_96' title='bbox 1262 839 1314 868; x_wconf 87' lang='lat' dir='ltr'>sed</span> <span class='ocrx_word' id='word_1_97' title='bbox 1332 849 1370 869; x_wconf 82' lang='lat' dir='ltr'>ex</span> <span class='ocrx_word' id='word_1_98' title='bbox 1387 849 1475 878; x_wconf 87' lang='lat' dir='ltr'>aequo</span> <span class='ocrx_word' id='word_1_99' title='bbox 1499 839 1608 878; x_wconf 82' lang='lat' dir='ltr'>partiri</span> 
     </span>
     <span class='ocr_line' id='line_1_11' title="bbox 136 891 1608 932; baseline -0.001 -8"><span class='ocrx_word' id='word_1_100' title='bbox 136 893 273 924; x_wconf 77' lang='lat' dir='ltr'>defuncti</span> <span class='ocrx_word' id='word_1_101' title='bbox 289 893 465 928; x_wconf 81' lang='lat' dir='ltr'>facultates,</span> <span class='ocrx_word' id='word_1_102' title='bbox 479 902 548 932; x_wconf 85' lang='lat' dir='ltr'>quae</span> <span class='ocrx_word' id='word_1_103' title='bbox 563 891 594 922; x_wconf 86' lang='lat' dir='ltr'>in</span> <span class='ocrx_word' id='word_1_104' title='bbox 619 896 727 931; x_wconf 90' lang='lat' dir='ltr'>aperto</span> <span class='ocrx_word' id='word_1_105' title='bbox 743 897 774 921; x_wconf 85' lang='lat' dir='ltr'>et</span> <span class='ocrx_word' id='word_1_106' title='bbox 789 891 820 921; x_wconf 92' lang='lat' dir='ltr'>in</span> <span class='ocrx_word' id='word_1_107' title='bbox 837 891 979 921; x_wconf 82' lang='lat' dir='ltr'>confesso</span> <span class='ocrx_word' id='word_1_108' title='bbox 1005 895 1126 920; x_wconf 84' lang='lat' dir='ltr'>essent:</span> <span class='ocrx_word' id='word_1_109' title='bbox 1150 891 1352 920; x_wconf 89' lang='lat' dir='ltr'>communiter</span> <span class='ocrx_word' id='word_1_110' title='bbox 1370 891 1445 920; x_wconf 88' lang='lat' dir='ltr'>item</span> <span class='ocrx_word' id='word_1_111' title='bbox 1469 891 1608 922; x_wconf 86' lang='lat' dir='ltr'>occultas</span> 
     </span>
     <span class='ocr_line' id='line_1_12' title="bbox 136 941 1609 984; baseline -0.002 -9"><span class='ocrx_word' id='word_1_112' title='bbox 136 955 287 984; x_wconf 70' lang='lat' dir='ltr'>quaerere,</span> <span class='ocrx_word' id='word_1_113' title='bbox 311 950 344 975; x_wconf 91' lang='lat' dir='ltr'>et</span> <span class='ocrx_word' id='word_1_114' title='bbox 359 943 560 974; x_wconf 89' lang='lat' dir='ltr'>communiter</span> <span class='ocrx_word' id='word_1_115' title='bbox 587 953 679 983; x_wconf 87' lang='lat' dir='ltr'>agere</span> <span class='ocrx_word' id='word_1_116' title='bbox 702 943 811 972; x_wconf 91' lang='lat' dir='ltr'>omnia.</span> <span class='ocrx_word' id='word_1_117' title='bbox 857 943 934 972; x_wconf 88' lang='lat' dir='ltr'>Cum</span> <span class='ocrx_word' id='word_1_118' title='bbox 953 952 986 971; x_wconf 89' lang='lat' dir='ltr'>se</span> <span class='ocrx_word' id='word_1_119' title='bbox 1002 942 1040 972; x_wconf 89' lang='lat' dir='ltr'>de</span> <span class='ocrx_word' id='word_1_120' title='bbox 1063 942 1243 972; x_wconf 86' lang='lat' dir='ltr'>haereditate</span> <span class='ocrx_word' id='word_1_121' title='bbox 1264 941 1503 972; x_wconf 84' lang='lat' dir='ltr'>controversiam</span> <span class='ocrx_word' id='word_1_122' title='bbox 1522 943 1609 973; x_wconf 87' lang='lat' dir='ltr'>habi·</span> 
     </span>
     <span class='ocr_line' id='line_1_13' title="bbox 136 993 1607 1037; baseline -0.001 -10"><span class='ocrx_word' id='word_1_123' title='bbox 136 1001 223 1027; x_wconf 87' lang='lat' dir='ltr'>turos</span> <span class='ocrx_word' id='word_1_124' title='bbox 238 996 476 1037; x_wconf 87' lang='lat' dir='ltr'>suspicarentur.</span> <span class='ocrx_word' id='word_1_125' title='bbox 524 996 570 1025; x_wconf 87' lang='lat' dir='ltr'>Ea</span> <span class='ocrx_word' id='word_1_126' title='bbox 591 995 629 1024; x_wconf 91' lang='lat' dir='ltr'>de</span> <span class='ocrx_word' id='word_1_127' title='bbox 652 1005 684 1024; x_wconf 88' lang='lat' dir='ltr'>re</span> <span class='ocrx_word' id='word_1_128' title='bbox 703 993 876 1034; x_wconf 82' lang='lat' dir='ltr'>pactionem</span> <span class='ocrx_word' id='word_1_129' title='bbox 894 995 1103 1030; x_wconf 86' lang='lat' dir='ltr'>confecerunt,</span> <span class='ocrx_word' id='word_1_130' title='bbox 1118 995 1198 1034; x_wconf 90' lang='lat' dir='ltr'>apud</span> <span class='ocrx_word' id='word_1_131' title='bbox 1218 994 1440 1024; x_wconf 88' lang='lat' dir='ltr'>Androclidem</span> <span class='ocrx_word' id='word_1_132' title='bbox 1455 995 1607 1034; x_wconf 84' lang='lat' dir='ltr'>quendam</span> 
     </span>
     <span class='ocr_line' id='line_1_14' title="bbox 136 1045 1607 1086; baseline -0.001 -8"><span class='ocrx_word' id='word_1_133' title='bbox 136 1059 326 1078; x_wconf 89' lang='lat' dir='ltr'>communem</span> <span class='ocrx_word' id='word_1_134' title='bbox 344 1048 473 1077; x_wconf 88' lang='lat' dir='ltr'>amicum</span> <span class='ocrx_word' id='word_1_135' title='bbox 493 1045 677 1086; x_wconf 83' lang='lat' dir='ltr'>depositam.</span> <span class='ocrx_word' id='word_1_136' title='bbox 717 1046 848 1076; x_wconf 88' lang='lat' dir='ltr'>Servum</span> <span class='ocrx_word' id='word_1_137' title='bbox 865 1056 956 1086; x_wconf 89' lang='lat' dir='ltr'>porro</span> <span class='ocrx_word' id='word_1_138' title='bbox 973 1045 1108 1075; x_wconf 83' lang='lat' dir='ltr'>Cononis</span> <span class='ocrx_word' id='word_1_139' title='bbox 1122 1046 1347 1082; x_wconf 85' lang='lat' dir='ltr'>Mosehionem,</span> <span class='ocrx_word' id='word_1_140' title='bbox 1360 1047 1410 1085; x_wconf 90' lang='lat' dir='ltr'>qui</span> <span class='ocrx_word' id='word_1_141' title='bbox 1426 1047 1528 1076; x_wconf 86' lang='lat' dir='ltr'>fidelis</span> <span class='ocrx_word' id='word_1_142' title='bbox 1542 1058 1607 1077; x_wconf 85' lang='lat' dir='ltr'>om·</span> 
     </span>
     <span class='ocr_line' id='line_1_15' title="bbox 137 1097 1608 1138; baseline -0.001 -9"><span class='ocrx_word' id='word_1_143' title='bbox 137 1099 208 1129; x_wconf 89' lang='lat' dir='ltr'>nino</span> <span class='ocrx_word' id='word_1_144' title='bbox 231 1098 260 1129; x_wconf 88' lang='lat' dir='ltr'>ei</span> <span class='ocrx_word' id='word_1_145' title='bbox 278 1099 375 1129; x_wconf 78' lang='lat' dir='ltr'>fuisse</span> <span class='ocrx_word' id='word_1_146' title='bbox 396 1099 573 1138; x_wconf 87' lang='lat' dir='ltr'>putabatur,</span> <span class='ocrx_word' id='word_1_147' title='bbox 590 1097 831 1137; x_wconf 84' lang='lat' dir='ltr'>Olympiodorus</span> <span class='ocrx_word' id='word_1_148' title='bbox 854 1097 948 1137; x_wconf 87' lang='lat' dir='ltr'>capit,</span> <span class='ocrx_word' id='word_1_149' title='bbox 972 1097 1051 1127; x_wconf 90' lang='lat' dir='ltr'>etin</span> <span class='ocrx_word' id='word_1_150' title='bbox 1074 1099 1257 1128; x_wconf 88' lang='lat' dir='ltr'>calumniam</span> <span class='ocrx_word' id='word_1_151' title='bbox 1281 1099 1447 1128; x_wconf 84' lang='lat' dir='ltr'>adductum</span> <span class='ocrx_word' id='word_1_152' title='bbox 1469 1099 1508 1130; x_wconf 91' lang='lat' dir='ltr'>de</span> <span class='ocrx_word' id='word_1_153' title='bbox 1524 1099 1608 1129; x_wconf 86' lang='lat' dir='ltr'>mille</span> 
     </span>
     <span class='ocr_line' id='line_1_16' title="bbox 135 1149 1609 1190; baseline 0.001 -10"><span class='ocrx_word' id='word_1_154' title='bbox 135 1151 290 1181; x_wconf 82' lang='lat' dir='ltr'>drachmis</span> <span class='ocrx_word' id='word_1_155' title='bbox 305 1150 421 1181; x_wconf 89' lang='lat' dir='ltr'>Cononi</span> <span class='ocrx_word' id='word_1_156' title='bbox 445 1149 595 1189; x_wconf 81' lang='lat' dir='ltr'>surreptis</span> <span class='ocrx_word' id='word_1_157' title='bbox 612 1160 680 1179; x_wconf 90' lang='lat' dir='ltr'>cum</span> <span class='ocrx_word' id='word_1_158' title='bbox 697 1149 876 1180; x_wconf 83' lang='lat' dir='ltr'>Callistrato</span> <span class='ocrx_word' id='word_1_159' title='bbox 900 1154 1036 1189; x_wconf 81' lang='lat' dir='ltr'>torquet.</span> <span class='ocrx_word' id='word_1_160' title='bbox 1082 1150 1183 1187; x_wconf 88' lang='lat' dir='ltr'>Quam</span> <span class='ocrx_word' id='word_1_161' title='bbox 1201 1150 1362 1190; x_wconf 89' lang='lat' dir='ltr'>pecuniam</span> <span class='ocrx_word' id='word_1_162' title='bbox 1380 1156 1413 1180; x_wconf 92' lang='lat' dir='ltr'>ut</span> <span class='ocrx_word' id='word_1_163' title='bbox 1430 1162 1540 1181; x_wconf 81' lang='lat' dir='ltr'>servus</span> <span class='ocrx_word' id='word_1_164' title='bbox 1558 1152 1609 1182; x_wconf 76' lang='lat' dir='ltr'>lia-</span> 
     </span>
     <span class='ocr_line' id='line_1_17' title="bbox 137 1202 1610 1244; baseline 0.002 -11"><span class='ocrx_word' id='word_1_165' title='bbox 137 1203 210 1233; x_wconf 86' lang='lat' dir='ltr'>bere</span> <span class='ocrx_word' id='word_1_166' title='bbox 222 1213 256 1233; x_wconf 87' lang='lat' dir='ltr'>se</span> <span class='ocrx_word' id='word_1_167' title='bbox 271 1203 434 1233; x_wconf 83' lang='lat' dir='ltr'>confessus</span> <span class='ocrx_word' id='word_1_168' title='bbox 450 1207 508 1238; x_wconf 88' lang='lat' dir='ltr'>est,</span> <span class='ocrx_word' id='word_1_169' title='bbox 528 1212 595 1231; x_wconf 88' lang='lat' dir='ltr'>eam</span> <span class='ocrx_word' id='word_1_170' title='bbox 613 1212 736 1242; x_wconf 88' lang='lat' dir='ltr'>quoque</span> <span class='ocrx_word' id='word_1_171' title='bbox 753 1212 821 1231; x_wconf 89' lang='lat' dir='ltr'>cum</span> <span class='ocrx_word' id='word_1_172' title='bbox 839 1202 1016 1232; x_wconf 81' lang='lat' dir='ltr'>Callistrato</span> <span class='ocrx_word' id='word_1_173' title='bbox 1033 1213 1071 1232; x_wconf 85' lang='lat' dir='ltr'>ex</span> <span class='ocrx_word' id='word_1_174' title='bbox 1097 1213 1185 1244; x_wconf 86' lang='lat' dir='ltr'>aequo</span> <span class='ocrx_word' id='word_1_175' title='bbox 1203 1203 1333 1242; x_wconf 84' lang='lat' dir='ltr'>partitur</span> <span class='ocrx_word' id='word_1_176' title='bbox 1354 1209 1389 1233; x_wconf 91' lang='lat' dir='ltr'>ut</span> <span class='ocrx_word' id='word_1_177' title='bbox 1413 1211 1610 1236; x_wconf 73' lang='lat' dir='ltr'>convenerat.</span> 
     </span>
     <span class='ocr_line' id='line_1_18' title="bbox 135 1253 1609 1294; baseline 0.002 -10"><span class='ocrx_word' id='word_1_178' title='bbox 135 1254 198 1284; x_wconf 86' lang='lat' dir='ltr'>Sed</span> <span class='ocrx_word' id='word_1_179' title='bbox 210 1264 280 1284; x_wconf 88' lang='lat' dir='ltr'>cum</span> <span class='ocrx_word' id='word_1_180' title='bbox 293 1254 364 1294; x_wconf 87' lang='lat' dir='ltr'>plus</span> <span class='ocrx_word' id='word_1_181' title='bbox 377 1254 468 1284; x_wconf 89' lang='lat' dir='ltr'>etiam</span> <span class='ocrx_word' id='word_1_182' title='bbox 481 1263 672 1284; x_wconf 84' lang='lat' dir='ltr'>nummorum</span> <span class='ocrx_word' id='word_1_183' title='bbox 686 1254 798 1283; x_wconf 80' lang='lat' dir='ltr'>habere</span> <span class='ocrx_word' id='word_1_184' title='bbox 813 1253 966 1283; x_wconf 86' lang='lat' dir='ltr'>hominem</span> <span class='ocrx_word' id='word_1_185' title='bbox 979 1259 1112 1293; x_wconf 87' lang='lat' dir='ltr'>putaret,</span> <span class='ocrx_word' id='word_1_186' title='bbox 1128 1265 1185 1284; x_wconf 91' lang='lat' dir='ltr'>non</span> <span class='ocrx_word' id='word_1_187' title='bbox 1195 1256 1258 1294; x_wconf 89' lang='lat' dir='ltr'>jam</span> <span class='ocrx_word' id='word_1_188' title='bbox 1272 1255 1409 1286; x_wconf 88' lang='lat' dir='ltr'>adhibito</span> <span class='ocrx_word' id='word_1_189' title='bbox 1419 1256 1609 1294; x_wconf 85' lang='lat' dir='ltr'>Callistrato,</span> 
     </span>
     <span class='ocr_line' id='line_1_19' title="bbox 135 1306 1608 1346; baseline 0.002 -10"><span class='ocrx_word' id='word_1_190' title='bbox 135 1306 234 1336; x_wconf 89' lang='lat' dir='ltr'>minas</span> <span class='ocrx_word' id='word_1_191' title='bbox 250 1306 358 1336; x_wconf 87' lang='lat' dir='ltr'>abillo</span> <span class='ocrx_word' id='word_1_192' title='bbox 375 1306 572 1346; x_wconf 85' lang='lat' dir='ltr'>septuaginta</span> <span class='ocrx_word' id='word_1_193' title='bbox 588 1306 672 1335; x_wconf 86' lang='lat' dir='ltr'>solus</span> <span class='ocrx_word' id='word_1_194' title='bbox 695 1310 870 1345; x_wconf 81' lang='lat' dir='ltr'>extorquet.</span> <span class='ocrx_word' id='word_1_195' title='bbox 917 1306 1008 1336; x_wconf 89' lang='lat' dir='ltr'>Circa</span> <span class='ocrx_word' id='word_1_196' title='bbox 1036 1307 1094 1336; x_wconf 90' lang='lat' dir='ltr'>hoc</span> <span class='ocrx_word' id='word_1_197' title='bbox 1111 1311 1233 1346; x_wconf 85' lang='lat' dir='ltr'>tempus</span> <span class='ocrx_word' id='word_1_198' title='bbox 1257 1318 1326 1337; x_wconf 90' lang='lat' dir='ltr'>cum</span> <span class='ocrx_word' id='word_1_199' title='bbox 1349 1308 1402 1337; x_wconf 88' lang='lat' dir='ltr'>alii</span> <span class='ocrx_word' id='word_1_200' title='bbox 1423 1307 1453 1337; x_wconf 84' lang='lat' dir='ltr'>in</span> <span class='ocrx_word' id='word_1_201' title='bbox 1479 1309 1608 1340; x_wconf 84' lang='lat' dir='ltr'>haeredi-</span> 
     </span>
     <span class='ocr_line' id='line_1_20' title="bbox 135 1357 1608 1399; baseline 0.002 -11"><span class='ocrx_word' id='word_1_202' title='bbox 135 1363 229 1389; x_wconf 89' lang='lat' dir='ltr'>tatem</span> <span class='ocrx_word' id='word_1_203' title='bbox 246 1357 382 1389; x_wconf 81' lang='lat' dir='ltr'>Cononis</span> <span class='ocrx_word' id='word_1_204' title='bbox 398 1363 504 1397; x_wconf 85' lang='lat' dir='ltr'>agunt,</span> <span class='ocrx_word' id='word_1_205' title='bbox 521 1363 585 1387; x_wconf 90' lang='lat' dir='ltr'>tum</span> <span class='ocrx_word' id='word_1_206' title='bbox 605 1357 701 1387; x_wconf 87' lang='lat' dir='ltr'>frater</span> <span class='ocrx_word' id='word_1_207' title='bbox 725 1357 908 1394; x_wconf 85' lang='lat' dir='ltr'>Callistrati,</span> <span class='ocrx_word' id='word_1_208' title='bbox 925 1358 1098 1399; x_wconf 86' lang='lat' dir='ltr'>Callippus,</span> <span class='ocrx_word' id='word_1_209' title='bbox 1122 1358 1230 1388; x_wconf 86' lang='lat' dir='ltr'>eodem</span> <span class='ocrx_word' id='word_1_210' title='bbox 1258 1363 1345 1398; x_wconf 85' lang='lat' dir='ltr'>patre</span> <span class='ocrx_word' id='word_1_211' title='bbox 1368 1364 1468 1390; x_wconf 86' lang='lat' dir='ltr'>natus.</span> <span class='ocrx_word' id='word_1_212' title='bbox 1515 1361 1608 1391; x_wconf 90' lang='lat' dir='ltr'>Com-</span> 
     </span>
     <span class='ocr_line' id='line_1_21' title="bbox 136 1409 1608 1450; baseline 0.002 -10"><span class='ocrx_word' id='word_1_213' title='bbox 136 1410 270 1440; x_wconf 85' lang='lat' dir='ltr'>munitet</span> <span class='ocrx_word' id='word_1_214' title='bbox 284 1410 388 1450; x_wconf 81' lang='lat' dir='ltr'>itaque</span> <span class='ocrx_word' id='word_1_215' title='bbox 404 1410 443 1440; x_wconf 85' lang='lat' dir='ltr'>de</span> <span class='ocrx_word' id='word_1_216' title='bbox 469 1409 577 1439; x_wconf 89' lang='lat' dir='ltr'>litibus</span> <span class='ocrx_word' id='word_1_217' title='bbox 593 1409 799 1439; x_wconf 83' lang='lat' dir='ltr'>deliberantes</span> <span class='ocrx_word' id='word_1_218' title='bbox 817 1409 1063 1449; x_wconf 81' lang='lat' dir='ltr'>olympiodorus</span> <span class='ocrx_word' id='word_1_219' title='bbox 1085 1415 1115 1440; x_wconf 88' lang='lat' dir='ltr'>et</span> <span class='ocrx_word' id='word_1_220' title='bbox 1137 1409 1332 1440; x_wconf 81' lang='lat' dir='ltr'>Callistratus</span> <span class='ocrx_word' id='word_1_221' title='bbox 1348 1411 1558 1450; x_wconf 83' lang='lat' dir='ltr'>paciscuntur,</span> <span class='ocrx_word' id='word_1_222' title='bbox 1575 1420 1608 1443; x_wconf 79' lang='lat' dir='ltr'>ut</span> 
     </span>
     <span class='ocr_line' id='line_1_22' title="bbox 135 1460 1608 1501; baseline 0.002 -10"><span class='ocrx_word' id='word_1_223' title='bbox 135 1461 381 1501; x_wconf 78' lang='lat' dir='ltr'>olympiodorus</span> <span class='ocrx_word' id='word_1_224' title='bbox 395 1465 490 1491; x_wconf 88' lang='lat' dir='ltr'>totam</span> <span class='ocrx_word' id='word_1_225' title='bbox 507 1460 730 1497; x_wconf 67' lang='lat' dir='ltr'>haereditatem,</span> <span class='ocrx_word' id='word_1_226' title='bbox 747 1460 943 1491; x_wconf 83' lang='lat' dir='ltr'>Callistratus</span> <span class='ocrx_word' id='word_1_227' title='bbox 966 1461 1126 1492; x_wconf 87' lang='lat' dir='ltr'>semissem</span> <span class='ocrx_word' id='word_1_228' title='bbox 1150 1466 1247 1501; x_wconf 83' lang='lat' dir='ltr'>petat.</span> <span class='ocrx_word' id='word_1_229' title='bbox 1292 1462 1535 1494; x_wconf 85' lang='lat' dir='ltr'>Atheniensibus</span> <span class='ocrx_word' id='word_1_230' title='bbox 1555 1475 1608 1495; x_wconf 91' lang='lat' dir='ltr'>an-</span> 
     </span>
     <span class='ocr_line' id='line_1_23' title="bbox 135 1512 1608 1553; baseline 0.003 -11"><span class='ocrx_word' id='word_1_231' title='bbox 135 1517 196 1543; x_wconf 87' lang='lat' dir='ltr'>tem</span> <span class='ocrx_word' id='word_1_232' title='bbox 211 1513 243 1543; x_wconf 91' lang='lat' dir='ltr'>in</span> <span class='ocrx_word' id='word_1_233' title='bbox 260 1512 462 1543; x_wconf 87' lang='lat' dir='ltr'>Acarnianam</span> <span class='ocrx_word' id='word_1_234' title='bbox 476 1513 627 1552; x_wconf 76' lang='lat' dir='ltr'>profectis</span> <span class='ocrx_word' id='word_1_235' title='bbox 645 1522 712 1542; x_wconf 90' lang='lat' dir='ltr'>cum</span> <span class='ocrx_word' id='word_1_236' title='bbox 730 1512 881 1548; x_wconf 52' lang='lat' dir='ltr'>exercitu,</span> <span class='ocrx_word' id='word_1_237' title='bbox 895 1513 958 1542; x_wconf 88' lang='lat' dir='ltr'>abit</span> <span class='ocrx_word' id='word_1_238' title='bbox 972 1518 1003 1543; x_wconf 92' lang='lat' dir='ltr'>et</span> <span class='ocrx_word' id='word_1_239' title='bbox 1019 1513 1261 1553; x_wconf 89' lang='lat' dir='ltr'>Olympiodorus</span> <span class='ocrx_word' id='word_1_240' title='bbox 1277 1525 1283 1542; x_wconf 86' lang='lat'>:</span> <span class='ocrx_word' id='word_1_241' title='bbox 1308 1518 1374 1544; x_wconf 89' lang='lat' dir='ltr'>erat</span> <span class='ocrx_word' id='word_1_242' title='bbox 1388 1515 1468 1544; x_wconf 88' lang='lat' dir='ltr'>enim</span> <span class='ocrx_word' id='word_1_243' title='bbox 1484 1516 1513 1545; x_wconf 90' lang='lat' dir='ltr'>in</span> <span class='ocrx_word' id='word_1_244' title='bbox 1527 1522 1608 1547; x_wconf 88' lang='lat' dir='ltr'>cata-</span> 
     </span>
     <span class='ocr_line' id='line_1_24' title="bbox 134 1563 1608 1606; baseline 0.003 -13"><span class='ocrx_word' id='word_1_245' title='bbox 134 1564 217 1604; x_wconf 85' lang='lat' dir='ltr'>log0.</span> <span class='ocrx_word' id='word_1_246' title='bbox 262 1565 339 1595; x_wconf 91' lang='lat' dir='ltr'>Cum</span> <span class='ocrx_word' id='word_1_247' title='bbox 356 1575 432 1595; x_wconf 86' lang='lat' dir='ltr'>vero</span> <span class='ocrx_word' id='word_1_248' title='bbox 448 1568 527 1594; x_wconf 89' lang='lat' dir='ltr'>stata</span> <span class='ocrx_word' id='word_1_249' title='bbox 541 1564 609 1594; x_wconf 89' lang='lat' dir='ltr'>dies</span> <span class='ocrx_word' id='word_1_250' title='bbox 622 1563 904 1603; x_wconf 85' lang='lat' dir='ltr'>adesset‚judices,</span> <span class='ocrx_word' id='word_1_251' title='bbox 922 1569 955 1594; x_wconf 90' lang='lat' dir='ltr'>ut</span> <span class='ocrx_word' id='word_1_252' title='bbox 970 1565 1082 1606; x_wconf 86' lang='lat' dir='ltr'>quibus</span> <span class='ocrx_word' id='word_1_253' title='bbox 1100 1576 1281 1605; x_wconf 86' lang='lat' dir='ltr'>persuasum</span> <span class='ocrx_word' id='word_1_254' title='bbox 1299 1574 1382 1597; x_wconf 83' lang='lat' dir='ltr'>esset</span> <span class='ocrx_word' id='word_1_255' title='bbox 1396 1567 1536 1597; x_wconf 86' lang='lat' dir='ltr'>militiam</span> <span class='ocrx_word' id='word_1_256' title='bbox 1553 1569 1608 1598; x_wconf 90' lang='lat' dir='ltr'>ab·</span> 
     </span>
     <span class='ocr_line' id='line_1_25' title="bbox 136 1616 1606 1661; baseline 0.002 -14"><span class='ocrx_word' id='word_1_257' title='bbox 136 1616 244 1648; x_wconf 89' lang='lat' dir='ltr'>sentiae</span> <span class='ocrx_word' id='word_1_258' title='bbox 259 1617 338 1647; x_wconf 84' lang='lat' dir='ltr'>falso</span> <span class='ocrx_word' id='word_1_259' title='bbox 355 1616 498 1656; x_wconf 75' lang='lat' dir='ltr'>praetexi,</span> <span class='ocrx_word' id='word_1_260' title='bbox 515 1616 665 1646; x_wconf 83' lang='lat' dir='ltr'>actionem</span> <span class='ocrx_word' id='word_1_261' title='bbox 680 1618 746 1656; x_wconf 85' lang='lat' dir='ltr'>ejus</span> <span class='ocrx_word' id='word_1_262' title='bbox 763 1616 966 1647; x_wconf 85' lang='lat' dir='ltr'>sustulerunt.</span> <span class='ocrx_word' id='word_1_263' title='bbox 1012 1617 1211 1657; x_wconf 84' lang='lat' dir='ltr'>Quapropter</span> <span class='ocrx_word' id='word_1_264' title='bbox 1225 1629 1257 1648; x_wconf 87' lang='lat' dir='ltr'>se</span> <span class='ocrx_word' id='word_1_265' title='bbox 1278 1618 1474 1649; x_wconf 84' lang='lat' dir='ltr'>Callistratus</span> <span class='ocrx_word' id='word_1_266' title='bbox 1492 1626 1522 1650; x_wconf 84' lang='lat' dir='ltr'>et</span> <span class='ocrx_word' id='word_1_267' title='bbox 1539 1620 1606 1661; x_wconf 81' lang='lat' dir='ltr'>ipse</span> 
     </span>
     <span class='ocr_line' id='line_1_26' title="bbox 133 1667 1609 1709; baseline 0.003 -11"><span class='ocrx_word' id='word_1_268' title='bbox 133 1667 178 1698; x_wconf 82' lang='lat' dir='ltr'>ait</span> <span class='ocrx_word' id='word_1_269' title='bbox 200 1668 351 1698; x_wconf 82' lang='lat' dir='ltr'>actionem</span> <span class='ocrx_word' id='word_1_270' title='bbox 377 1667 408 1698; x_wconf 90' lang='lat' dir='ltr'>in</span> <span class='ocrx_word' id='word_1_271' title='bbox 433 1668 590 1698; x_wconf 86' lang='lat' dir='ltr'>semissem</span> <span class='ocrx_word' id='word_1_272' title='bbox 611 1667 802 1697; x_wconf 74' lang='lat' dir='ltr'>haereditatis</span> <span class='ocrx_word' id='word_1_273' title='bbox 826 1679 866 1697; x_wconf 85' lang='lat' dir='ltr'>ex</span> <span class='ocrx_word' id='word_1_274' title='bbox 890 1674 981 1708; x_wconf 88' lang='lat' dir='ltr'>pacto</span> <span class='ocrx_word' id='word_1_275' title='bbox 1005 1669 1157 1705; x_wconf 89' lang='lat' dir='ltr'>omisisse,</span> <span class='ocrx_word' id='word_1_276' title='bbox 1174 1670 1256 1709; x_wconf 92' lang='lat' dir='ltr'>quod</span> <span class='ocrx_word' id='word_1_277' title='bbox 1285 1670 1385 1701; x_wconf 91' lang='lat' dir='ltr'>omnia</span> <span class='ocrx_word' id='word_1_278' title='bbox 1407 1673 1609 1703; x_wconf 87' lang='lat' dir='ltr'>communiter</span> 
     </span>
     <span class='ocr_line' id='line_1_27' title="bbox 134 1719 1608 1761; baseline 0.003 -12"><span class='ocrx_word' id='word_1_279' title='bbox 134 1719 200 1750; x_wconf 82' lang='lat' dir='ltr'>fieri</span> <span class='ocrx_word' id='word_1_280' title='bbox 212 1720 346 1760; x_wconf 85' lang='lat' dir='ltr'>juberet.</span> <span class='ocrx_word' id='word_1_281' title='bbox 390 1720 435 1750; x_wconf 86' lang='lat' dir='ltr'>Ut</span> <span class='ocrx_word' id='word_1_282' title='bbox 447 1724 548 1750; x_wconf 88' lang='lat' dir='ltr'>autem</span> <span class='ocrx_word' id='word_1_283' title='bbox 565 1730 582 1749; x_wconf 87' lang='lat' dir='ltr'>e</span> <span class='ocrx_word' id='word_1_284' title='bbox 599 1719 680 1749; x_wconf 88' lang='lat' dir='ltr'>bello</span> <span class='ocrx_word' id='word_1_285' title='bbox 697 1719 779 1749; x_wconf 86' lang='lat' dir='ltr'>redit</span> <span class='ocrx_word' id='word_1_286' title='bbox 792 1719 1045 1760; x_wconf 81' lang='lat' dir='ltr'>olympiodorus,</span> <span class='ocrx_word' id='word_1_287' title='bbox 1059 1721 1296 1761; x_wconf 85' lang='lat' dir='ltr'>iteratojudicio</span> <span class='ocrx_word' id='word_1_288' title='bbox 1309 1723 1458 1753; x_wconf 83' lang='lat' dir='ltr'>adversus</span> <span class='ocrx_word' id='word_1_289' title='bbox 1473 1724 1608 1755; x_wconf 85' lang='lat' dir='ltr'>victores</span> 
     </span>
     <span class='ocr_line' id='line_1_28' title="bbox 135 1770 1608 1816; baseline 0.003 -15"><span class='ocrx_word' id='word_1_290' title='bbox 135 1771 244 1808; x_wconf 87' lang='lat' dir='ltr'>utitur,</span> <span class='ocrx_word' id='word_1_291' title='bbox 260 1775 293 1801; x_wconf 88' lang='lat' dir='ltr'>et</span> <span class='ocrx_word' id='word_1_292' title='bbox 307 1771 376 1811; x_wconf 89' lang='lat' dir='ltr'>ipse</span> <span class='ocrx_word' id='word_1_293' title='bbox 393 1775 424 1800; x_wconf 87' lang='lat' dir='ltr'>et</span> <span class='ocrx_word' id='word_1_294' title='bbox 440 1770 647 1805; x_wconf 85' lang='lat' dir='ltr'>Callistratus,</span> <span class='ocrx_word' id='word_1_295' title='bbox 669 1770 702 1801; x_wconf 82' lang='lat' dir='ltr'>id</span> <span class='ocrx_word' id='word_1_296' title='bbox 727 1771 810 1810; x_wconf 88' lang='lat' dir='ltr'>qnod</span> <span class='ocrx_word' id='word_1_297' title='bbox 836 1771 904 1813; x_wconf 82' lang='lat' dir='ltr'>lege</span> <span class='ocrx_word' id='word_1_298' title='bbox 933 1773 1116 1811; x_wconf 89' lang='lat' dir='ltr'>permissum</span> <span class='ocrx_word' id='word_1_299' title='bbox 1142 1779 1227 1803; x_wconf 83' lang='lat' dir='ltr'>erat:</span> <span class='ocrx_word' id='word_1_300' title='bbox 1253 1774 1292 1804; x_wconf 90' lang='lat' dir='ltr'>de</span> <span class='ocrx_word' id='word_1_301' title='bbox 1317 1774 1497 1805; x_wconf 84' lang='lat' dir='ltr'>haereditate</span> <span class='ocrx_word' id='word_1_302' title='bbox 1513 1777 1608 1816; x_wconf 82' lang='lat' dir='ltr'>igitur</span> 
     </span>
     <span class='ocr_line' id='line_1_29' title="bbox 135 1821 1609 1862; baseline 0.004 -11"><span class='ocrx_word' id='word_1_303' title='bbox 135 1822 392 1862; x_wconf 88' lang='lat' dir='ltr'>quemadmodum</span> <span class='ocrx_word' id='word_1_304' title='bbox 408 1821 498 1852; x_wconf 90' lang='lat' dir='ltr'>initio</span> <span class='ocrx_word' id='word_1_305' title='bbox 514 1822 700 1861; x_wconf 83' lang='lat' dir='ltr'>disceptant,</span> <span class='ocrx_word' id='word_1_306' title='bbox 716 1822 767 1851; x_wconf 87' lang='lat' dir='ltr'>hic</span> <span class='ocrx_word' id='word_1_307' title='bbox 781 1823 820 1852; x_wconf 90' lang='lat' dir='ltr'>de</span> <span class='ocrx_word' id='word_1_308' title='bbox 837 1823 978 1859; x_wconf 79' lang='lat' dir='ltr'>semisse,</span> <span class='ocrx_word' id='word_1_309' title='bbox 999 1823 1051 1854; x_wconf 87' lang='lat' dir='ltr'>ille</span> <span class='ocrx_word' id='word_1_310' title='bbox 1076 1825 1115 1854; x_wconf 91' lang='lat' dir='ltr'>de</span> <span class='ocrx_word' id='word_1_311' title='bbox 1142 1835 1223 1855; x_wconf 86' lang='lat' dir='ltr'>asse.</span> <span class='ocrx_word' id='word_1_312' title='bbox 1270 1826 1411 1856; x_wconf 88' lang='lat' dir='ltr'>Priorem</span> <span class='ocrx_word' id='word_1_313' title='bbox 1439 1833 1539 1857; x_wconf 83' lang='lat' dir='ltr'>autem</span> <span class='ocrx_word' id='word_1_314' title='bbox 1564 1828 1609 1858; x_wconf 82' lang='lat' dir='ltr'>di·</span> 
     </span>
     <span class='ocr_line' id='line_1_30' title="bbox 135 1873 1609 1917; baseline 0.004 -13"><span class='ocrx_word' id='word_1_315' title='bbox 135 1874 227 1904; x_wconf 87' lang='lat' dir='ltr'>cendi</span> <span class='ocrx_word' id='word_1_316' title='bbox 253 1874 354 1903; x_wconf 91' lang='lat' dir='ltr'>locum</span> <span class='ocrx_word' id='word_1_317' title='bbox 380 1877 490 1904; x_wconf 88' lang='lat' dir='ltr'>nactus</span> <span class='ocrx_word' id='word_1_318' title='bbox 515 1873 759 1913; x_wconf 85' lang='lat' dir='ltr'>Olympiodorus</span> <span class='ocrx_word' id='word_1_319' title='bbox 785 1873 899 1903; x_wconf 87' lang='lat' dir='ltr'>evincit</span> <span class='ocrx_word' id='word_1_320' title='bbox 924 1875 1144 1906; x_wconf 62' lang='lat' dir='ltr'>haereditatem.</span> <span class='ocrx_word' id='word_1_321' title='bbox 1203 1877 1342 1908; x_wconf 88' lang='lat' dir='ltr'>Victoria</span> <span class='ocrx_word' id='word_1_322' title='bbox 1367 1888 1462 1917; x_wconf 84' lang='lat' dir='ltr'>porro</span> <span class='ocrx_word' id='word_1_323' title='bbox 1485 1884 1517 1909; x_wconf 88' lang='lat' dir='ltr'>et</span> <span class='ocrx_word' id='word_1_324' title='bbox 1545 1884 1609 1910; x_wconf 85' lang='lat' dir='ltr'>tota</span> 
     </span>
     <span class='ocr_line' id='line_1_31' title="bbox 135 1924 1609 1967; baseline 0.005 -12"><span class='ocrx_word' id='word_1_325' title='bbox 135 1924 315 1956; x_wconf 80' lang='lat' dir='ltr'>haereditate</span> <span class='ocrx_word' id='word_1_326' title='bbox 331 1925 462 1965; x_wconf 85' lang='lat' dir='ltr'>potitus,</span> <span class='ocrx_word' id='word_1_327' title='bbox 477 1929 568 1965; x_wconf 83' lang='lat' dir='ltr'>pacta</span> <span class='ocrx_word' id='word_1_328' title='bbox 585 1935 643 1954; x_wconf 89' lang='lat' dir='ltr'>non</span> <span class='ocrx_word' id='word_1_329' title='bbox 663 1930 766 1956; x_wconf 88' lang='lat' dir='ltr'>servat</span> <span class='ocrx_word' id='word_1_330' title='bbox 781 1926 820 1955; x_wconf 92' lang='lat' dir='ltr'>ab</span> <span class='ocrx_word' id='word_1_331' title='bbox 835 1925 925 1955; x_wconf 90' lang='lat' dir='ltr'>initio</span> <span class='ocrx_word' id='word_1_332' title='bbox 941 1927 1033 1963; x_wconf 84' lang='lat' dir='ltr'>facta,</span> <span class='ocrx_word' id='word_1_333' title='bbox 1047 1938 1146 1967; x_wconf 86' lang='lat' dir='ltr'>neque</span> <span class='ocrx_word' id='word_1_334' title='bbox 1164 1929 1322 1959; x_wconf 87' lang='lat' dir='ltr'>semissem</span> <span class='ocrx_word' id='word_1_335' title='bbox 1340 1930 1394 1959; x_wconf 85' lang='lat' dir='ltr'>dat</span> <span class='ocrx_word' id='word_1_336' title='bbox 1419 1931 1609 1963; x_wconf 87' lang='lat' dir='ltr'>Callistrato.</span> 
     </span>
     <span class='ocr_line' id='line_1_32' title="bbox 134 1976 1608 2017; baseline 0.003 -9"><span class='ocrx_word' id='word_1_337' title='bbox 134 1979 169 2008; x_wconf 87' lang='lat' dir='ltr'>Is</span> <span class='ocrx_word' id='word_1_338' title='bbox 187 1987 274 2013; x_wconf 80' lang='lat' dir='ltr'>vero,</span> <span class='ocrx_word' id='word_1_339' title='bbox 294 1981 327 2007; x_wconf 87' lang='lat' dir='ltr'>et</span> <span class='ocrx_word' id='word_1_340' title='bbox 342 1977 536 2017; x_wconf 81' lang='lat' dir='ltr'>septuaginta</span> <span class='ocrx_word' id='word_1_341' title='bbox 552 1976 700 2007; x_wconf 90' lang='lat' dir='ltr'>minarum</span> <span class='ocrx_word' id='word_1_342' title='bbox 720 1988 736 2007; x_wconf 82' lang='lat' dir='ltr'>a</span> <span class='ocrx_word' id='word_1_343' title='bbox 753 1977 939 2007; x_wconf 85' lang='lat' dir='ltr'>Moschione</span> <span class='ocrx_word' id='word_1_344' title='bbox 960 1983 1150 2009; x_wconf 84' lang='lat' dir='ltr'>extortarum</span> <span class='ocrx_word' id='word_1_345' title='bbox 1177 1981 1338 2011; x_wconf 80' lang='lat' dir='ltr'>semissem</span> <span class='ocrx_word' id='word_1_346' title='bbox 1356 1987 1387 2012; x_wconf 87' lang='lat' dir='ltr'>et</span> <span class='ocrx_word' id='word_1_347' title='bbox 1403 1983 1497 2012; x_wconf 87' lang='lat' dir='ltr'>totius</span> <span class='ocrx_word' id='word_1_348' title='bbox 1515 1984 1608 2013; x_wconf 87' lang='lat' dir='ltr'>haere-</span> 
     </span>
     <span class='ocr_line' id='line_1_33' title="bbox 134 2028 1609 2073; baseline 0.003 -13"><span class='ocrx_word' id='word_1_349' title='bbox 134 2029 241 2060; x_wconf 73' lang='lat' dir='ltr'>ditatis</span> <span class='ocrx_word' id='word_1_350' title='bbox 256 2030 294 2059; x_wconf 86' lang='lat' dir='ltr'>ab</span> <span class='ocrx_word' id='word_1_351' title='bbox 310 2040 348 2059; x_wconf 91' lang='lat' dir='ltr'>eo</span> <span class='ocrx_word' id='word_1_352' title='bbox 362 2028 511 2068; x_wconf 86' lang='lat' dir='ltr'>reposcit,</span> <span class='ocrx_word' id='word_1_353' title='bbox 526 2028 627 2068; x_wconf 83' lang='lat' dir='ltr'>pactis</span> <span class='ocrx_word' id='word_1_354' title='bbox 654 2028 770 2064; x_wconf 88' lang='lat' dir='ltr'>nitens,</span> <span class='ocrx_word' id='word_1_355' title='bbox 788 2033 819 2059; x_wconf 87' lang='lat' dir='ltr'>et</span> <span class='ocrx_word' id='word_1_356' title='bbox 845 2040 985 2060; x_wconf 87' lang='lat' dir='ltr'>asserens</span> <span class='ocrx_word' id='word_1_357' title='bbox 1013 2041 1046 2061; x_wconf 86' lang='lat' dir='ltr'>se</span> <span class='ocrx_word' id='word_1_358' title='bbox 1071 2031 1162 2062; x_wconf 88' lang='lat' dir='ltr'>etiam</span> <span class='ocrx_word' id='word_1_359' title='bbox 1178 2032 1207 2062; x_wconf 89' lang='lat' dir='ltr'>in</span> <span class='ocrx_word' id='word_1_360' title='bbox 1234 2038 1392 2072; x_wconf 84' lang='lat' dir='ltr'>postremo</span> <span class='ocrx_word' id='word_1_361' title='bbox 1407 2034 1528 2073; x_wconf 87' lang='lat' dir='ltr'>judicio</span> <span class='ocrx_word' id='word_1_362' title='bbox 1544 2036 1609 2065; x_wconf 85' lang='lat' dir='ltr'>col-</span> 
     </span>
     <span class='ocr_line' id='line_1_34' title="bbox 135 2076 1608 2123; baseline 0.005 -13"><span class='ocrx_word' id='word_1_363' title='bbox 135 2081 247 2112; x_wconf 83' lang='lat' dir='ltr'>lusisse</span> <span class='ocrx_word' id='word_1_364' title='bbox 270 2076 344 2112; x_wconf 36' lang='lat' dir='ltr'>cum&#39;</span> <span class='ocrx_word' id='word_1_365' title='bbox 367 2080 606 2121; x_wconf 80' lang='lat' dir='ltr'>Olympiodoro,</span> <span class='ocrx_word' id='word_1_366' title='bbox 634 2085 665 2109; x_wconf 84' lang='lat' dir='ltr'>et</span> <span class='ocrx_word' id='word_1_367' title='bbox 685 2080 713 2109; x_wconf 89' lang='lat' dir='ltr'>ei</span> <span class='ocrx_word' id='word_1_368' title='bbox 742 2081 949 2117; x_wconf 85' lang='lat' dir='ltr'>concessisse,</span> <span class='ocrx_word' id='word_1_369' title='bbox 975 2088 1008 2112; x_wconf 88' lang='lat' dir='ltr'>nt</span> <span class='ocrx_word' id='word_1_370' title='bbox 1035 2088 1066 2112; x_wconf 88' lang='lat' dir='ltr'>et</span> <span class='ocrx_word' id='word_1_371' title='bbox 1089 2094 1158 2123; x_wconf 88' lang='lat' dir='ltr'>quae</span> <span class='ocrx_word' id='word_1_372' title='bbox 1183 2084 1279 2115; x_wconf 85' lang='lat' dir='ltr'>vellet</span> <span class='ocrx_word' id='word_1_373' title='bbox 1302 2085 1432 2122; x_wconf 85' lang='lat' dir='ltr'>diceret,</span> <span class='ocrx_word' id='word_1_374' title='bbox 1460 2092 1492 2116; x_wconf 91' lang='lat' dir='ltr'>et</span> <span class='ocrx_word' id='word_1_375' title='bbox 1513 2087 1608 2117; x_wconf 83' lang='lat' dir='ltr'>falsos</span> 
     </span>
     <span class='ocr_line' id='line_1_35' title="bbox 135 2131 1607 2178; baseline 0.004 -15"><span class='ocrx_word' id='word_1_376' title='bbox 135 2137 233 2163; x_wconf 82' lang='lat' dir='ltr'>testes</span> <span class='ocrx_word' id='word_1_377' title='bbox 248 2133 445 2171; x_wconf 88' lang='lat' dir='ltr'>subornaret;</span> <span class='ocrx_word' id='word_1_378' title='bbox 469 2133 550 2172; x_wconf 89' lang='lat' dir='ltr'>quod</span> <span class='ocrx_word' id='word_1_379' title='bbox 567 2131 626 2162; x_wconf 86' lang='lat' dir='ltr'>nisi</span> <span class='ocrx_word' id='word_1_380' title='bbox 651 2132 854 2162; x_wconf 73' lang='lat' dir='ltr'>communiter</span> <span class='ocrx_word' id='word_1_381' title='bbox 871 2137 902 2162; x_wconf 86' lang='lat' dir='ltr'>et</span> <span class='ocrx_word' id='word_1_382' title='bbox 924 2143 965 2163; x_wconf 80' lang='lat' dir='ltr'>ex</span> <span class='ocrx_word' id='word_1_383' title='bbox 989 2140 1080 2174; x_wconf 88' lang='lat' dir='ltr'>pacto</span> <span class='ocrx_word' id='word_1_384' title='bbox 1105 2135 1186 2165; x_wconf 84' lang='lat' dir='ltr'>inter</span> <span class='ocrx_word' id='word_1_385' title='bbox 1210 2146 1244 2166; x_wconf 90' lang='lat' dir='ltr'>se</span> <span class='ocrx_word' id='word_1_386' title='bbox 1267 2137 1453 2178; x_wconf 82' lang='lat' dir='ltr'>litigassent,</span> <span class='ocrx_word' id='word_1_387' title='bbox 1468 2138 1559 2168; x_wconf 88' lang='lat' dir='ltr'>facile</span> <span class='ocrx_word' id='word_1_388' title='bbox 1575 2151 1607 2169; x_wconf 84' lang='lat' dir='ltr'>se</span> 
     </span>
     <span class='ocr_line' id='line_1_36' title="bbox 133 2183 1608 2228; baseline 0.004 -14"><span class='ocrx_word' id='word_1_389' title='bbox 133 2184 222 2215; x_wconf 88' lang='lat' dir='ltr'>illum</span> <span class='ocrx_word' id='word_1_390' title='bbox 244 2185 343 2215; x_wconf 84' lang='lat' dir='ltr'>fuisse</span> <span class='ocrx_word' id='word_1_391' title='bbox 364 2184 577 2215; x_wconf 87' lang='lat' dir='ltr'>convicturum</span> <span class='ocrx_word' id='word_1_392' title='bbox 603 2194 704 2223; x_wconf 87' lang='lat' dir='ltr'>neque</span> <span class='ocrx_word' id='word_1_393' title='bbox 718 2183 940 2224; x_wconf 87' lang='lat' dir='ltr'>permissurum</span> <span class='ocrx_word' id='word_1_394' title='bbox 967 2190 1000 2216; x_wconf 88' lang='lat' dir='ltr'>ut</span> <span class='ocrx_word' id='word_1_395' title='bbox 1024 2186 1269 2227; x_wconf 88' lang='lat' dir='ltr'>Olympiodorus</span> <span class='ocrx_word' id='word_1_396' title='bbox 1293 2189 1322 2218; x_wconf 92' lang='lat' dir='ltr'>in</span> <span class='ocrx_word' id='word_1_397' title='bbox 1341 2189 1460 2228; x_wconf 87' lang='lat' dir='ltr'>judicio</span> <span class='ocrx_word' id='word_1_398' title='bbox 1479 2190 1608 2220; x_wconf 85' lang='lat' dir='ltr'>victoria</span> 
     </span>
     <span class='ocr_line' id='line_1_37' title="bbox 136 2235 302 2276; baseline 0 -9"><span class='ocrx_word' id='word_1_399' title='bbox 136 2235 302 2276; x_wconf 78' lang='lat' dir='ltr'>potiretur.</span> 
     </span>
    </p>
   </div>
   <div class='ocr_carea' id='block_1_4' title="bbox 572 2371 1163 2390">
    <p class='ocr_par' dir='ltr' id='par_1_4' title="bbox 572 2371 1163 2390">
     <span class='ocr_line' id='line_1_38' title="bbox 572 2371 1163 2390; baseline 0 0"><span class='ocrx_word' id='word_1_400' title='bbox 572 2371 1163 2390; x_wconf 95' lang='lat' dir='ltr'> </span> 
     </span>
    </p>
   </div>
   <div class='ocr_carea' id='block_1_5' title="bbox 511 2481 1226 2539">
    <p class='ocr_par' dir='ltr' id='par_1_5' title="bbox 511 2481 1226 2539">
     <span class='ocr_line' id='line_1_39' title="bbox 511 2481 1226 2539; baseline 0.006 -4"><span class='ocrx_word' id='word_1_401' title='bbox 511 2481 1226 2539; x_wconf 81' lang='lat' dir='ltr'>DEMOSTHENIS</span> 
     </span>
    </p>
   </div>
   <div class='ocr_carea' id='block_1_6' title="bbox 449 2608 1288 2773">
    <p class='ocr_par' dir='ltr' id='par_1_6' title="bbox 449 2608 1288 2773">
     <span class='ocr_line' id='line_1_40' title="bbox 449 2608 1288 2662; baseline 0.006 -7"><span class='ocrx_word' id='word_1_402' title='bbox 449 2608 535 2655; x_wconf 94' lang='lat' dir='ltr'>IN</span> <span class='ocrx_word' id='word_1_403' title='bbox 587 2608 1288 2662; x_wconf 85' lang='lat' dir='ltr'>OLYMPIODORUM</span> 
     </span>
     <span class='ocr_line' id='line_1_41' title="bbox 520 2725 1229 2773; baseline 0.007 -6"><span class='ocrx_word' id='word_1_404' title='bbox 520 2725 678 2768; x_wconf 88' lang='lat' dir='ltr'><strong>DATI</strong></span> <span class='ocrx_word' id='word_1_405' title='bbox 710 2727 932 2771; x_wconf 88' lang='lat' dir='ltr'><strong>DAMNI</strong></span> <span class='ocrx_word' id='word_1_406' title='bbox 967 2729 1229 2773; x_wconf 90' lang='lat' dir='ltr'><strong>ORATIO.</strong></span> 
     </span>
    </p>
   </div>
   <div class='ocr_carea' id='block_1_7' title="bbox 134 2831 1605 3013">
    <p class='ocr_par' dir='ltr' id='par_1_7' title="bbox 134 2831 1605 3013">
     <span class='ocr_line' id='line_1_42' title="bbox 196 2831 1605 2888; baseline 0.007 -21"><span class='ocrx_word' id='word_1_407' title='bbox 196 2831 230 2867; x_wconf 81' lang='lat'>1.</span> <span class='ocrx_word' id='word_1_408' title='bbox 261 2831 585 2873; x_wconf 68' lang='lat' dir='ltr'>NacEssARmM</span> <span class='ocrx_word' id='word_1_409' title='bbox 616 2836 795 2875; x_wconf 77' lang='lat' dir='ltr'>fortassis</span> <span class='ocrx_word' id='word_1_410' title='bbox 828 2844 899 2882; x_wconf 91' lang='lat' dir='ltr'>est,</span> <span class='ocrx_word' id='word_1_411' title='bbox 919 2837 1095 2884; x_wconf 83' lang='lat' dir='ltr'>Jndices,</span> <span class='ocrx_word' id='word_1_412' title='bbox 1117 2845 1160 2875; x_wconf 85' lang='lat' dir='ltr'>ut</span> <span class='ocrx_word' id='word_1_413' title='bbox 1189 2838 1252 2888; x_wconf 85' lang='lat' dir='ltr'>qui</span> <span class='ocrx_word' id='word_1_414' title='bbox 1282 2838 1426 2875; x_wconf 82' lang='lat' dir='ltr'>versari</span> <span class='ocrx_word' id='word_1_415' title='bbox 1454 2839 1490 2875; x_wconf 87' lang='lat' dir='ltr'>in</span> <span class='ocrx_word' id='word_1_416' title='bbox 1521 2840 1605 2877; x_wconf 82' lang='lat' dir='ltr'>foro</span> 
     </span>
     <span class='ocr_line' id='line_1_43' title="bbox 139 2893 1603 2951; baseline 0.007 -22"><span class='ocrx_word' id='word_1_417' title='bbox 139 2905 264 2943; x_wconf 87' lang='lat' dir='ltr'>neque</span> <span class='ocrx_word' id='word_1_418' title='bbox 285 2893 412 2933; x_wconf 88' lang='lat' dir='ltr'>solent</span> <span class='ocrx_word' id='word_1_419' title='bbox 440 2909 564 2948; x_wconf 88' lang='lat' dir='ltr'>neque</span> <span class='ocrx_word' id='word_1_420' title='bbox 596 2906 764 2950; x_wconf 88' lang='lat' dir='ltr'>possunt</span> <span class='ocrx_word' id='word_1_421' title='bbox 792 2899 831 2937; x_wconf 88' lang='lat' dir='ltr'>in</span> <span class='ocrx_word' id='word_1_422' title='bbox 857 2899 1051 2950; x_wconf 88' lang='lat' dir='ltr'>judicium</span> <span class='ocrx_word' id='word_1_423' title='bbox 1073 2899 1240 2945; x_wconf 79' lang='lat' dir='ltr'>veniant,</span> <span class='ocrx_word' id='word_1_424' title='bbox 1261 2900 1291 2937; x_wconf 71' lang='lat' dir='ltr'>si</span> <span class='ocrx_word' id='word_1_425' title='bbox 1313 2901 1361 2937; x_wconf 88' lang='lat' dir='ltr'>ab</span> <span class='ocrx_word' id='word_1_426' title='bbox 1390 2901 1520 2951; x_wconf 86' lang='lat' dir='ltr'>aliquo</span> <span class='ocrx_word' id='word_1_427' title='bbox 1548 2903 1603 2939; x_wconf 87' lang='lat' dir='ltr'>in-</span> 
     </span>
     <span class='ocr_line' id='line_1_44' title="bbox 134 2953 1603 3013; baseline 0.007 -22"><span class='ocrx_word' id='word_1_428' title='bbox 134 2953 243 3005; x_wconf 87' lang='lat' dir='ltr'>juriis</span> <span class='ocrx_word' id='word_1_429' title='bbox 265 2955 499 3006; x_wconf 78' lang='lat' dir='ltr'>afficiuntur,</span> <span class='ocrx_word' id='word_1_430' title='bbox 520 2960 570 2998; x_wconf 91' lang='lat' dir='ltr'>ab</span> <span class='ocrx_word' id='word_1_431' title='bbox 589 2960 635 2998; x_wconf 88' lang='lat' dir='ltr'>iis</span> <span class='ocrx_word' id='word_1_432' title='bbox 654 2962 867 3013; x_wconf 82' lang='lat' dir='ltr'>praesertim</span> <span class='ocrx_word' id='word_1_433' title='bbox 888 2976 910 3000; x_wconf 78' lang='lat' dir='ltr'>u</span> <span class='ocrx_word' id='word_1_434' title='bbox 931 2961 1072 3013; x_wconf 84' lang='lat' dir='ltr'>quibus</span> <span class='ocrx_word' id='word_1_435' title='bbox 1094 2975 1161 2999; x_wconf 78' lang='lat' dir='ltr'>eos</span> <span class='ocrx_word' id='word_1_436' title='bbox 1183 2961 1312 2999; x_wconf 78' lang='lat' dir='ltr'>violari</span> <span class='ocrx_word' id='word_1_437' title='bbox 1337 2963 1490 3001; x_wconf 74' lang='lat' dir='ltr'>minime</span> <span class='ocrx_word' id='word_1_438' title='bbox 1512 2978 1603 3002; x_wconf 85' lang='lat' dir='ltr'>eon-</span> 
     </span>
    </p>
   </div>
  </div>
 </body>
</html>
