1965 3356
528 230 822 270 ADVERSUS
854 230 1261 270 MACARTATUM.
1545 228 1618 265 611

164 342 258 376 nata
277 343 371 375 erat.
418 337 518 376 Cum
537 344 665 377 autem
686 350 731 376 eo
751 343 842 374 voto
862 335 1069 373 frustratus
1088 346 1214 371 mares
1234 332 1375 370 liberos
1396 330 1523 369 nullos
1542 343 1624 368 om-

161 398 254 437 nino
283 399 531 450 suscepisset,
545 400 627 451 jam
655 398 829 437 secundo
855 397 943 435 loco
972 395 1166 447 cupiebat,
1196 408 1216 432 e
1245 394 1324 432 filia
1350 394 1420 432 sibi
1449 391 1626 444 adoptari

161 459 283 498 filiurn
315 461 354 499 in
381 474 490 499 suam
510 467 549 500 et
570 460 736 511 Hagniae
756 458 956 504 familiam,
976 464 1015 495 et
1041 456 1091 494 ad
1117 469 1209 494 suos
1235 455 1397 494 curiales
1418 453 1625 499 introduci,

161 522 268 573 quod
293 523 550 569 existimabat,
577 522 752 569 Judices,
776 536 797 560 e
829 520 985 572 reliquis
1014 519 1121 557 hunc
1148 519 1221 557 sibi
1245 531 1331 556 esse
1357 516 1626 567 conjunctissi-

160 597 281 632 mum,
301 592 342 625 et
361 585 414 624 sic
433 598 543 624 suam
561 585 745 623 familiam
765 583 978 622 rectissime
998 582 1229 628 conservari,
1249 588 1288 620 et
1306 582 1354 619 ab
1374 579 1528 618 interitu
1544 579 1626 617 vin-

161 646 295 686 dicari.
351 647 396 685 In
414 659 492 698 quo
512 660 588 698 ego
607 647 641 685 ei
661 648 885 692 obsecutus,
906 653 948 684 ut
964 645 1030 697 qui
1051 644 1257 683 Eubulidae
1284 643 1400 681 filiam
1428 642 1626 687 haberem,

154 708 303 760 judicio
321 708 501 759 adeptus,
521 715 705 759 tanquam
722 721 864 759 genere
884 706 1106 759 proximus:
1127 705 1327 744 introduxi
1346 717 1507 757 puerum
1521 703 1626 740 hunc

160 770 212 808 ad.
231 770 398 821 Hagniae
417 776 457 808 et
477 769 679 808 Eubulidis
698 770 885 814 curiales3
918 769 957 807 in
978 775 1200 821 quorum‘et
1219 767 1511 819 Theopompus,
1532 765 1625 803 dum

160 830 266 878 vixit,
286 831 494 871 Macartati
513 838 637 884 pater,
657 832 764 871 curia
783 832 856 869 fuit
874 832 946 870 iste
966 831 1049 883 ipse
1069 843 1197 883 porro,
1212 830 1234 868 J
1240 830 1385 875 udices,
1406 836 1445 867 et
1463 828 1626 866 curiales

160 892 381 941 Macartati,
395 894 540 946 optime
556 893 664 945 gnari
679 894 847 945 generis,
863 906 980 946 quum
1001 893 1175 931 viderent
1192 891 1308 930 istum
1324 890 1480 942 quidem
1501 890 1626 941 ipsum

158 954 326 1006 fugitare
340 956 569 1008 periculum,
587 969 715 1007 neque
734 955 929 994 victimam
950 956 998 993 ab
1020 968 1085 993 ara
1104 954 1312 1000 abducere,
1327 953 1439 1004 quasi
1457 965 1553 1004 puer
1564 951 1627 990 hic

160 1030 241 1055 non
255 1017 423 1069 legitime
441 1018 768 1064 introduceretur,
780 1018 980 1069 postulare
1000 1024 1129 1055 autem
1145 1024 1188 1055 ut
1206 1016 1279 1068 ipsi
1297 1016 1529 1067 pejerarent,
1547 1014 1628 1053 cal-

160 1079 260 1118 culis
275 1080 326 1118 de
341 1094 408 1119 ara
423 1081 587 1119 Curialis
605 1081 628 1119 J
633 1081 728 1128 ovis,
745 1080 838 1118 dum
857 1078 1172 1127 sacra‘arderent,
1190 1078 1417 1130 desumptis,
1437 1083 1629 1129 praesente

162 1140 395 1190 Macartato,
412 1142 452 1180 id
470 1142 577 1193 quod
589 1145 738 1191 justum
758 1149 852 1188 erat,
873 1138 1140 1186 decreverunt,
1154 1141 1330 1186 Judices,
1350 1147 1456 1178 recte
1477 1146 1516 1178 et
1534 1152 1627 1177 con-

159 1202 360 1241 venienter
378 1216 542 1255 puerum
556 1204 661 1242 hunc
683 1203 890 1242 Eubulidae
909 1203 1030 1241 filium
1049 1204 1088 1240 in
1110 1203 1278 1254 Hagniae
1299 1202 1486 1241 familiam
1507 1202 1626 1240 intro-

159 1263 264 1302 duci.
322 1264 473 1309 Quibus
496 1278 565 1317 per
598 1265 760 1304 curiales
790 1265 999 1304 Macar-tati
1029 1264 1205 1311 decretis,
1237 1264 1301 1302 hic
1332 1278 1427 1316 puer
1453 1271 1496 1302 ut
1524 1264 1625 1302 filius

159 1326 362 1366 Eubulidis
382 1328 515 1366 citavit
534 1327 799 1367 Macartatum
819 1328 867 1366 de
888 1327 1053 1379 Hagniae
1072 1326 1300 1365 haereditate
1320 1327 1358 1365 in
1371 1326 1575 1378 judicium,
1589 1334 1629 1364 et

158 1388 261 1427 diem
280 1387 378 1428 dixit
392 1390 496 1442 apud
515 1400 735 1442 praetorem,
757 1397 915 1429 auctore
935 1390 1132 1442 adscripto
1151 1390 1266 1428 fratre
1284 1403 1367 1428 suo.
1399 1389 1496 1426 Mihi
1512 1390 1626 1435 enim,

158 1450 335 1498 Judices,
356 1465 469 1504 porro
488 1466 567 1491 non
586 1453 728 1492 licebat
747 1459 944 1491 auctorem
966 1452 1063 1499 fieri,
1082 1452 1146 1503 qui
1171 1465 1333 1503 puerum
1359 1452 1395 1489 in
1419 1451 1626 1489 Eubulidae

157 1513 342 1553 familiam
368 1515 629 1566 adoptassem.
687 1515 816 1567 Atque
846 1528 894 1554 ea
926 1514 1058 1553 citatio
1084 1515 1190 1553 facta
1216 1521 1274 1552 est
1294 1527 1317 1552 a
1336 1527 1456 1565 puero
1483 1514 1556 1552 hoc
1577 1528 1625 1552 ex

157 1576 294 1615 eadem
312 1576 504 1628 lege,qua
522 1577 610 1615 freti
627 1584 666 1616 et
684 1577 748 1616 isti
767 1584 930 1616 matrem
945 1578 1076 1629 hujuS,
1095 1591 1182 1628 quae
1199 1577 1304 1629 prius
1317 1576 1463 1628 judicio
1483 1576 1628 1615 vicerat

159 1645 199 1678 et
214 1638 480 1678 haereditatem
497 1639 665 1691 Hagniae
685 1641 856 1686 tenebat,
877 1640 1152 1678 accessierant.
1212 1639 1350 1677 Recita
1370 1638 1463 1676 mihi
1482 1638 1625 1690 legem,

158 1713 236 1752 qua
254 1701 354 1740 actio
372 1701 411 1739 in
430 1715 517 1740 eum
538 1701 652 1740 datur
670 1701 736 1753 qui
755 1701 1023 1742 haereditatem
1043 1708 1163 1741 tenet.

830 1799 950 1838 LEX.

201 1878 256 1909 Sin
272 1879 311 1909 de
328 1879 410 1909 adita
426 1880 592 1911 contendat
613 1879 793 1910 haereditate
814 1885 866 1909 aut
886 1878 1017 1919 pupilla,
1040 1878 1116 1908 citet
1138 1889 1208 1908 eum
1233 1878 1283 1916 qui
1308 1877 1517 1907 haereditatem
1542 1882 1625 1907 tenet

159 1930 198 1960 ad
212 1935 387 1970 praetorem,
399 1931 656 1970 quemadmodum
674 1932 708 1961 fit
723 1931 753 1960 in
766 1931 836 1960 aliis
849 1931 971 1961 causis:
997 1936 1188 1960 sacramento
1203 1935 1304 1959 autem
1322 1930 1487 1959 contendat
1503 1929 1628 1968 petitor.

157 1982 211 2013 Sin
227 1982 293 2012 sine
308 1982 453 2013 citatione
468 1983 607 2023 petierit,
623 1983 804 2025 imperfecta
823 1983 881 2013 erit
897 1982 1007 2022 petitio
1026 1982 1224 2012 haeredilatis.
1270 1982 1324 2011 Sin
1347 1982 1374 2011 is
1395 1981 1448 2021 qui
1464 1982 1627 2011 haeredita-

158 2038 221 2064 tem
236 2033 312 2064 adiit
329 2039 486 2074 superstes
503 2044 563 2064 non
578 2034 684 2071 fuerit,
701 2039 837 2064 arcessat
859 2034 952 2064 simili
980 2033 1099 2063 ratione
1122 2044 1203 2069 euni,
1221 2032 1269 2062 cui
1294 2033 1476 2072 praefinitum
1500 2038 1622 2072 tempus

157 2086 291 2116 nondum
309 2091 357 2116 est
372 2086 567 2116 terminatum
583 2098 588 2116 :
612 2086 801 2126 disceptatio
819 2090 920 2116 autem
938 2085 1020 2125 apud
1042 2090 1205 2124 praetorem
1228 2090 1293 2114 esto
1312 2095 1347 2114 ea
1370 2084 1501 2120 ratione,
1519 2095 1579 2123 qua
1596 2085 1622 2114 is

158 2136 234 2176 egit,
250 2137 301 2178 qui
313 2137 523 2168 haereditatem
539 2142 634 2168 tenet.

212 2217 250 2253 5.
267 2214 410 2266 Legem
426 2215 582 2267 quidem
597 2216 798 2254 audivistis
813 2228 822 2254 :
834 2217 979 2267 justam
996 2222 1125 2253 autem
1142 2227 1221 2252 rem
1237 2227 1259 2252 a
1273 2213 1380 2252 vobis
1400 2220 1542 2264 petam,
1554 2212 1575 2251 J
1582 2225 1624 2250 u-

157 2276 277 2315 dices.
325 2276 366 2315 Si
385 2277 592 2315 ostendero
611 2277 879 2329 Theopompo,
899 2284 1007 2328 patre
1030 2277 1254 2322 Macar-tati,
1276 2289 1417 2328 genere
1436 2289 1521 2313 esse
1543 2275 1626 2312 Ha-

156 2338 259 2390 gniae
277 2339 495 2391 propiorem
511 2339 744 2377 Eubulidem
765 2352 929 2391 puerum
949 2338 1052 2378 hunc
1068 2347 1107 2378 et
1122 2338 1441 2391 Phylornacham,
1461 2351 1547 2389 quoe
1568 2343 1626 2374 est

156 2408 280 2439 mater
307 2401 430 2453 pueri,
453 2401 660 2440 Eubulidae
684 2401 764 2439 filia
773 2414 783 2445 ;
815 2414 945 2452 neque
973 2408 1125 2439 tantum
1147 2413 1236 2438 esse
1256 2413 1397 2451 genere
1418 2399 1623 2450 proximOS‚

157 2462 226 2501 sed
244 2462 284 2500 in
299 2463 522 2501 universum
537 2475 586 2500 ne
602 2462 724 2500 ullum
741 2462 896 2515 quidem
918 2476 1003 2501 esse
1023 2462 1218 2501 hominem
1239 2462 1277 2500 in
1297 2461 1444 2499 familia
1456 2460 1624 2511 Hagniae

157 2525 288 2574 alium,
308 2539 425 2578 quam
456 2532 620 2564 matrem
638 2526 747 2578 pueri
772 2525 887 2575 hujus
915 2533 954 2564 et
983 2526 1106 2578 ipsum
1135 2525 1241 2563 'nunc
1266 2537 1452 2576 puerum:
1482 2523 1567 2560 haec
1594 2523 1624 2559 si

157 2590 378 2636 ostendero,
397 2603 544 2642 quaeso,
564 2589 741 2634 Judices,
760 2596 804 2627 ut
823 2589 933 2627 nobis
954 2602 1066 2641 opem
1084 2589 1231 2627 feratis.
1280 2588 1339 2626 Ac
1360 2588 1522 2639 primum
1540 2585 1623 2636 qui-

157 2651 247 2690 dem
266 2651 529 2699 decreveram,
547 2650 724 2696 Judices,
753 2651 791 2689 in
821 2650 957 2690 tabula
987 2651 1202 2702 descriptos
1233 2662 1368 2688 omnes
1400 2655 1565 2699 agnatos
1586 2654 1626 2685 et

157 2713 323 2765 gentiles
335 2713 518 2765 Hagniae‚
536 2713 591 2752 sic
610 2713 720 2751 vobis
741 2712 944 2751 ostendere
963 2712 1136 2764 singulos
1152 2725 1161 2750 ε
1184 2711 1253 2750 sed
1269 2711 1361 2762 quia
1381 2723 1464 2748 eam
1484 2722 1563 2747 non
1577 2722 1625 2747 ex

157 2788 270 2828 aequo
290 2784 469 2828 spectare
491 2788 607 2827 posse
628 2788 764 2814 omnes
777 2775 947 2827 judices,
969 2774 1154 2813 remotius
1184 2772 1398 2826 praesertim
1426 2771 1623 2818 sedentes,

157 2836 402 2886 videbantur,
420 2837 681 2877 necessarium
702 2836 877 2876 fortassis
902 2844 961 2875 est
985 2837 1159 2875 oratione
1180 2836 1321 2874 docere
1348 2846 1431 2879 VOS,
1450 2846 1537 2884 quae
1562 2847 1623 2871 res

157 2899 372 2938 communis
398 2906 461 2939 est
493 2899 685 2938 omnibus.
743 2899 981 2938 Conabimur
1008 2906 1136 2937 autem
1171 2906 1209 2935 et
1238 2910 1325 2943 nos,
1351 2908 1466 2947 quam
1496 2895 1624 2934 facere

157 2960 381 3000 brevissime
400 2961 626 3012 poterimus,
645 2961 839 3013 explicare
861 2973 984 3012 genus
1006 2959 1187 3011 Hagniae.

212 3024 250 3062 6.
281 3023 448 3062 Buselus
468 3023 540 3062 fuit
560 3037 607 3062 ex
629 3023 718 3070 OEo,
746 3023 935 3068 Judices3
963 3022 997 3061 is
1024 3022 1195 3074 quinque
1216 3021 1315 3060 filios
1332 3020 1522 3071 suscepit,
1541 3020 1623 3058 Ha·
