1915 3356
675 184 730 223 IN
763 185 1208 224 CTESIPHONTEM.
1590 189 1660 225 107

763 375 1092 414 DECRETUM.

203 472 294 510 Hoc
314 471 472 511 decreto
492 471 718 510 obliteratur
737 484 870 509 eorum
892 472 1106 522 praemium,
1126 473 1193 522 qui
1214 473 1398 523 populum
1418 473 1667 513 reduxerunt.

204 534 294 572 Hoc
322 533 354 572 si
383 533 591 571 honesturn
611 539 682 578 est,
709 531 806 570 illud
833 539 944 584 turpe
963 533 1053 572 fuit:
1089 533 1120 571 si
1139 533 1193 570 illi
1218 535 1356 572 merito
1374 535 1518 574 honore
1539 536 1667 575 affecti

204 601 307 640 sunt,
319 584 392 633 'hic
410 594 598 632 immerito
617 605 763 631 corona
784 601 957 633 ornatur.

257 657 323 694 63.
353 656 406 694 At
420 656 521 694 enim
541 654 657 692 audio
672 655 868 694 dicturum
888 669 973 694 esse
993 656 1313 700 Demosthenem,
1334 669 1396 694 me
1416 670 1550 708 parum
1566 661 1671 709 juste

203 717 332 756 faeere
351 717 417 768 qui
445 717 634 768 majorum
653 731 713 755 res
742 725 875 768 gestas
904 731 992 756 cum
1013 719 1091 756 suis
1117 718 1364 757 contendam.
1409 718 1548 770 Neque
1569 721 1670 759 enim

202 778 311 828 (aiet)
328 777 573 816 Philammon
586 778 695 830 pugil
712 779 904 831 Olympiis
920 790 1104 819 coronam
1121 781 1284 834 adeptus
1298 787 1370 827 est,
1384 781 1489 832 quod
1502 788 1670 821 veterem

202 839 312 877 illum
331 839 503 890 pugilem
524 840 738 891 Glaucum,
758 841 830 879 sed
851 841 955 892 quod
974 855 1055 880 suae
1075 842 1198 881 aetatis
1218 849 1445 889 certatoreS‚
1467 845 1671 894 superarit.

206 900 331 944 Quasi
349 914 440 939 veto
453 902 650 948 nesciatis,
668 902 863 954 pugilibus
879 903 979 942 inter
1001 917 1086 942 sese
1101 905 1345 956 propositum
1360 918 1446 942 esse
1462 912 1673 953 certamen,

205 962 251 1000 iis
271 969 401 1001 autem
422 963 489 1015 qui
503 976 687 1002 coronam
708 972 879 1016 poscunt
898 979 986 1004 cum
1005 966 1090 1017 ipsa
1110 966 1264 1013 virtute,
1285 967 1396 1018 cujus
1418 967 1535 1005 etiam
1555 980 1676 1006 causa

207 1032 456 1064 coronantur.
506 1026 672 1077 Oportet
689 1027 792 1065 enim
811 1028 1015 1066 mendacio
1036 1040 1176 1066 vacare
1203 1042 1437 1079 praeconem,
1466 1042 1554 1067 cum
1583 1028 1675 1079 quid

204 1085 246 1124 in
266 1086 418 1124 theatro
437 1100 568 1126 coram
584 1087 733 1127 Graecis
747 1090 961 1141 praedicat„
983 1091 1115 1132 Quare
1136 1090 1216 1128 noli
1237 1090 1347 1129 nobis
1362 1091 1536 1142 pluribus
1552 1091 1676 1129 verbis

207 1147 486 1196 demonstrare,
516 1156 554 1189 te
574 1151 613 1188 in
633 1163 713 1202 rep.
733 1151 1040 1190 administranda
1060 1151 1285 1191 Pataecione
1313 1153 1434 1191 fuisse
1463 1153 1674 1199 meliorem,

207 1210 278 1248 sed.
296 1211 363 1249 ubi
381 1211 533 1251 virtutis
553 1226 712 1264 compos
728 1213 858 1262 fueris,
874 1215 929 1253 ita
948 1215 1103 1253 demum
1124 1214 1269 1266 gratias
1289 1228 1313 1253 a
1331 1215 1475 1267 populo
1492 1215 1676 1266 deposce.

208 1272 354 1310 Verum
373 1287 421 1311 ne
446 1288 517 1313 vos
542 1288 566 1321 a
591 1276 789 1327 proposito
819 1278 1030 1323 abducam,
1053 1278 1180 1316 scriba
1197 1279 1308 1317 vobis
1328 1279 1565 1330 epigramma
1583 1278 1678 1316 reci-

209 1335 318 1382 tabit,
339 1336 446 1387 quod
475 1337 515 1375 in
537 1350 604 1377 eos
626 1339 810 1391 scriptum
831 1346 892 1378 est
911 1339 975 1390 qui
1002 1340 1191 1391 populum
1212 1353 1236 1378 a
1255 1340 1382 1392 Phyla
1401 1340 1652 1378 reduxerunt.

759 1490 1120 1530 EPIGRAMMA.

470 1584 581 1615 Hosce
595 1570 777 1615 coronaruui
793 1585 917 1625 antiqua
929 1597 1004 1626 gens
1020 1587 1124 1617 Attica
1137 1587 1251 1627 pulcrae

513 1635 652 1666 Virtutis
668 1647 743 1676 ergo
755 1637 852 1675 jussit
868 1637 982 1667 honore
1001 1638 1075 1673 coli,

472 1686 534 1723 Qui
547 1688 698 1726 quondam
710 1687 840 1728 injustos
854 1688 997 1716 arcebant
1012 1689 1087 1717 urbe
1101 1694 1260 1726 tyrannos,

515 1736 664 1778 Objicere
680 1737 760 1767 hand
782 1737 872 1766 veriti
891 1747 1021 1776 corpora
1034 1747 1089 1776 pro
1106 1739 1217 1776 patria.

213 1831 426 1884 Propterea
446 1829 552 1881 quod
572 1842 639 1869 eos
667 1829 733 1880 qui
753 1837 890 1868 contra
910 1831 1018 1881 leges
1039 1830 1227 1869 dominati
1249 1838 1341 1869 sunt
1370 1834 1591 1879 everterint,
1613 1835 1683 1872 ho-

208 1906 306 1932 nore
335 1891 498 1930 affectos
526 1903 613 1929 esse
634 1889 729 1928 dicit
752 1898 882 1942 poeta.
926 1891 1068 1930 Adhuc
1099 1894 1199 1931 enim
1221 1894 1391 1931 omnium
1411 1907 1524 1932 aures
1545 1909 1612 1933 ror
1643 1910 1684 1933 ea

210 1955 460 2006 personabat,
473 1952 659 2004 populum
674 1953 741 1991 illo
757 1953 923 1992 maxime
936 1962 1109 2006 tempore
1126 1968 1302 1993 eversum
1325 1955 1460 2002 fuisse,
1476 1965 1684 2008 postquam

206 2015 357 2067 judicia
375 2015 426 2052 de
446 2013 614 2052 decretis
634 2021 771 2053 contra
789 2015 897 2066 leges
916 2015 1031 2053 factis
1051 2016 1229 2054 nonnulli
1258 2017 1522 2056 sustulissent.

267 2078 333 2115 64.
363 2076 557 2128 Equidem
578 2082 623 2114 ut
635 2088 708 2128 ego
723 2076 772 2115 de
789 2083 896 2128 patre
915 2090 1003 2115 meo
1021 2078 1241 2123 audiebam,
1262 2078 1325 2129 qui
1340 2092 1443 2117 anno
1457 2080 1582 2117 aetatis
1603 2093 1684 2119 suae

212 2139 346 2191 quinto
365 2145 406 2177 et
435 2138 691 2189 nonagesimo
721 2138 823 2177 diem
854 2139 961 2184 obiit,
989 2152 1078 2177 eum
1109 2140 1282 2177 omnium
1310 2141 1404 2192 reip.
1427 2154 1685 2179 aerumnarurn

210 2201 409 2253 ‘particeps
429 2201 582 2248 fuisset,
598 2213 698 2251 quas
719 2213 824 2252 saepe
839 2213 992 2238 mecum
1010 2214 1077 2252 per
1098 2202 1220 2239 otium
1240 2201 1547 2240 conferebat—z
1577 2203 1608 2241 is
1631 2204 1685 2240 in-

213 2276 320 2313 quam
339 2263 510 2309 dicebat,
530 2263 663 2314 primis
682 2262 757 2301 illis
779 2263 1020 2314 temporibus
1038 2263 1178 2314 quibus
1197 2264 1368 2314 populus
1397 2264 1581 2303 reductus
1602 2266 1686 2304 fue-

214 2331 289 2371 rat,
310 2324 421 2376 siqua
437 2325 487 2363 de
507 2325 675 2362 decretis
697 2331 834 2363 contra
854 2324 961 2376 leges
979 2325 1132 2377 scriptis
1153 2326 1254 2363 actio
1267 2325 1303 2363 in
1319 2325 1510 2374 judicium
1528 2328 1686 2373 venerit,

215 2387 356 2427 similia
373 2388 489 2439 plane
510 2387 631 2425 fuisse
649 2393 688 2425 et
706 2400 848 2425 nomen
866 2394 905 2425 et
923 2387 1081 2425 factum.
1126 2387 1231 2431 Quid
1251 2388 1353 2425 enim
1382 2389 1687 2427 est-sceleratius

214 2450 383 2496 homine,
401 2449 467 2501 qui
487 2462 547 2488 res
567 2449 720 2500 legibus
741 2449 924 2488 adversas
955 2449 1049 2487 dicit
1068 2456 1134 2487 aut
1153 2450 1247 2487 facit
1264 2449 1279 2487 ἲ
1320 2450 1457 2501 Neque
1477 2463 1566 2487 vero
1580 2451 1686 2501 judi—

214 2525 296 2559 ces,
315 2518 359 2549 ut
374 2511 438 2549 ille
457 2512 663 2559 referebat,
682 2512 818 2550 eadem
834 2511 983 2550 ratione
1000 2524 1078 2562 qua
1096 2524 1216 2557 nunc,
1234 2511 1282 2550 de
1301 2524 1421 2550 causa
1441 2519 1683 2562 cognorunt;

217 2581 330 2613 erant
348 2573 451 2612 enim
470 2574 507 2612 in
529 2587 610 2620 eos,
631 2574 697 2625 qui
717 2574 875 2612 decreta
905 2573 1058 2625 legibus
1089 2573 1254 2612 adversa
1273 2573 1456 2619 tulerant,
1483 2573 1607 2611 multo
1627 2575 1686 2611 in-

217 2636 394 2675 festiores
414 2648 532 2687 quam
550 2636 633 2688 ipse
652 2636 768 2674 etiam
797 2642 1016 2682 accusator,
1037 2642 1077 2673 et
1095 2647 1360 2686 saepenumero
1381 2635 1544 2672 scribam
1576 2647 1685 2672 revo-

217 2698 374 2742 cabant,
402 2698 672 2750 jubebantque
704 2699 813 2750 leges
847 2706 887 2736 et
915 2697 1115 2736 decretum
1151 2697 1288 2735 iterum
1318 2697 1494 2742 recitare,
1525 2697 1688 2735 damna-

218 2759 360 2796 bantur
379 2759 546 2811 denique
565 2759 592 2797 ii
611 2759 678 2811 qui
692 2767 828 2799 contra
846 2760 953 2810 leges
969 2759 1202 2811 scripserant
1218 2772 1294 2797 non
1311 2759 1342 2797 si
1360 2759 1560 2796 universas
1581 2758 1688 2810 leges

218 2821 455 2871 transgressi
473 2821 648 2869 fuissent,
669 2823 740 2861 sed
761 2822 792 2861 si
822 2834 940 2860 unam
968 2821 1162 2860 duntaxat
1190 2821 1377 2872 syllabam
1403 2822 1687 2860 immutassent.

221 2883 276 2922 At
293 2883 566 2934 perridiculum
583 2892 655 2931 est,
677 2886 783 2936 quod
808 2898 912 2923 nunc
932 2884 1014 2922 fieri
1035 2884 1145 2922 solet.
1179 2885 1315 2922 Scriba
1334 2884 1532 2921 decretum
1552 2884 1687 2920 recitat

221 2952 359 2985 contra
379 2947 486 2998 leges
515 2947 688 2992 factum;
714 2948 881 2999 jndices
906 2947 1016 2997 quasi
1049 2947 1281 2985 cantilenam
1313 2953 1379 2984 aut
1405 2958 1484 2984 rem
1506 2960 1527 2983 a
1544 2946 1690 2994 judiao
