1948 3306
328 150 375 186 14
719 145 946 188 CONTRA
976 145 1342 190 TIMARGHUM.

323 253 495 291 talacum
509 251 740 290 immanibus
755 253 888 304 flagris
904 254 1146 297 ceciderunt,
1168 253 1286 304 idque
1303 260 1381 291 tam
1400 253 1520 305 longo
1535 259 1724 307 tempore,
1746 262 1792 294 ut

324 315 435 352 vicini
454 314 571 352 etiam
602 313 809 352 clamorem
834 315 1078 353 exaudirent.
1111 315 1304 353 Postridie
1334 315 1546 353 Pittal‘acus
1576 317 1615 354 id
1640 318 1792 356 facinus

323 376 589 427 indignissime
608 377 748 423 ferens,
770 377 898 416 nudus
919 378 957 415 in
985 377 1110 415 forum
1131 377 1249 423 venit,
1268 383 1308 414 et
1327 376 1364 414 in
1387 389 1452 414 ara
1479 378 1609 415 matris
1630 378 1790 417 deorum

323 439 455 478 sedet:
487 452 575 476 cum
596 447 740 484 autem,
760 447 801 476 ut
831 440 886 484 fit,
908 441 1022 477 turba
1041 439 1241 477 hominum
1271 439 1544 485 concurrisset,
1572 447 1788 480 metuentes

325 500 581 551 Hegesander
601 507 640 537 et
662 501 905 545 Timarchus,
926 514 974 538 ne
990 514 1061 538 sua
1081 500 1300 551 petulantia
1318 513 1387 551 per
1405 507 1527 538 totam
1549 502 1682 539 urbem
1702 515 1792 553 pro-

323 561 796 608 clama1·etur‚—instabat
818 567 946 599 autem
966 561 1169 607 concio‚—-—
1184 568 1222 599 et
1241 563 1312 613 ipsi
1327 569 1366 600 et
1383 562 1617 600 collusorum
1634 563 1791 613 quidam

325 631 534 662 accurrunt
555 624 605 661 ad
631 636 753 671 aram,
776 637 822 660 ac
843 623 1171 661 circumsistentes
1192 631 1304 661 orant
1325 624 1558 662 Pittalacum
1580 630 1622 662 ut
1640 631 1791 675 surgat,
1829 652 1834 662 x

323 700 412 725 cum
429 687 614 730 dicerent,
628 692 749 722 totam
767 697 845 722 rem
862 697 929 735 per
945 685 1170 722 ebrietatem
1187 685 1328 722 factam
1344 698 1353 722 :
1374 698 1460 723 esse
1481 691 1597 735 atque
1616 685 1688 723 iste
1703 697 1791 736 pro-

323 749 426 786 fecto
446 747 620 785 nondum
642 747 748 783 hirco
768 753 808 783 et
824 759 963 797 aspero
984 745 1108 790 vultu,
1130 753 1173 782 ut
1200 755 1318 792 nunc,
1338 747 1407 784 sed
1433 747 1560 784 adhuc
1581 746 1698 791 utilis,
1720 747 1791 784 ho-

320 811 465 847 minem
487 809 606 846 barba
634 808 854 859 prehendit,
875 814 915 845 et
933 807 1035 845 illius
1060 808 1244 845 arbitratu
1267 821 1307 845 se
1337 808 1466 845 omnia
1490 808 1680 845 facturum
1700 819 1790 859 pro-

321 871 459 914 mittit;
491 870 649 908 tandem
668 870 908 920 persuadent
927 869 1087 914 homini,
1109 875 1153 907 ut
1172 871 1220 906 ab
1240 882 1308 907 ara
1328 875 1476 920 surgat,
1497 876 1541 907 ut
1560 870 1622 907 cui
1642 869 1789 920 aliquid

319 934 423 984 aequi
438 938 624 983 praestare
645 931 800 968 vellent.
848 931 904 968 Ut
933 938 1062 969 autem
1084 944 1105 968 e
1127 931 1211 968 foro
1230 931 1478 975 discesserat,
1499 944 1578 968 non
1592 931 1674 982 jam
1700 943 1789 969 eum

319 995 522 1034 curabant.
554 993 683 1030 Homo
698 992 813 1043 igitur
827 993 1004 1043 injuriam
1025 1004 1158 1030 eorum
1176 992 1343 1043 graviter
1361 992 1502 1038 ferens,
1517 993 1618 1030 diem
1635 993 1790 1043 utrique

319 1057 427 1096 dicitj
466 1055 582 1099 Quod
603 1062 731 1092 autem
752 1054 788 1091 in
814 1052 881 1106 jus
900 1054 1265 1092 vocasset-—videte
1295 1066 1479 1105 magnum
1506 1054 1624 1091 robur
1654 1054 1788 1105 Hege-

317 1117 701 1158 sandri-—hominem
730 1130 753 1154 a
778 1130 857 1167 quo
878 1117 985 1154 nulla
1015 1116 1085 1154 sibi
1107 1123 1191 1154 orta
1208 1115 1337 1153 fuerat
1356 1115 1507 1167 injuria,
1532 1116 1609 1153 imo
1639 1123 1791 1163 contra,-

317 1194 432 1232 quem
455 1173 541 1229 ipse*
554 1178 693 1229 injuria
707 1178 875 1223 laeserat,
892 1191 1056 1228 eumque
1072 1190 1150 1215 non
1167 1177 1215 1215 ad
1231 1189 1271 1214 se
1288 1177 1530 1224 attinentem,
1548 1177 1618 1216 sed
1634 1190 1787 1215 servum

318 1242 515 1294 publicum
529 1239 705 1285 civitatis,
721 1240 884 1277 abduxit
895 1241 934 1278 in
949 1240 1185 1283 servitutem,
1204 1251 1316 1276 suum
1330 1251 1416 1276 esse
1431 1251 1584 1277 servum
1598 1252 1787 1277 asserens.

316 1303 532 1342 Pittalacus
552 1302 668 1351 igitur
694 1301 804 1338 malis
833 1301 1005 1351 undique
1027 1312 1232 1351 oppressus
1252 1299 1302 1337 ad
1329 1313 1457 1350 genua
1484 1300 1626 1338 accidit
1642 1300 1788 1337 homini

315 1377 499 1418 perquam
519 1364 635 1401 bono.
668 1362 750 1399 'Est
769 1361 924 1412 quidam
948 1362 1123 1399 Glaucus
1144 1360 1436 1410 Cholargensis.
1481 1361 1520 1397 Is
1541 1369 1630 1398 eum
1650 1361 1788 1398 asserit

314 1429 353 1466 in
372 1426 604 1464 libertatem.
652 1424 750 1461 Post
768 1424 841 1461 hoc
861 1423 1081 1461 sortitiones
1096 1422 1334 1473 judiciorum
1363 1422 1552 1460 fecerunt.
1597 1422 1677 1460 Sed
1697 1433 1786 1473 pro-

316 1501 452 1542 gressu
472 1486 655 1536 temporis
677 1486 918 1536 cognitorem
939 1489 1187 1535 sumpserunt
1212 1483 1438 1534 Diopithem
1456 1483 1699 1530 Suniensem,
1718 1495 1788 1535 po-

314 1550 488 1602 pularem
510 1547 773 1597 Hegesandri,
790 1553 830 1584 et
848 1560 916 1597 per
933 1553 1088 1584 aetatem
1105 1545 1207 1583 illius
1225 1545 1507 1583 consuetudine
1527 1556 1651 1583 usum.
1688 1545 1785 1582 Dio-

312 1611 439 1664 pithes
461 1615 642 1660 suscepta
674 1622 714 1646 re
735 1608 863 1646 differt
883 1607 1097 1659 negotium,
1118 1607 1222 1645 aliud
1245 1620 1292 1644 ex
1319 1606 1394 1644 alio
1414 1613 1568 1658 tempus
1595 1607 1669 1644 reis
1690 1619 1783 1645 con-

311 1675 477 1712 donans.
521 1672 575 1708 Ut
604 1676 734 1708 autem
756 1670 1016 1721 Hegesander
1042 1675 1217 1708 vestrum
1236 1675 1463 1719 suggestum
1487 1665 1785 1716 conscenderat,

310 1747 443 1786 -quo
462 1741 636 1784 tempore
658 1731 974 1782 Aristophontem
990 1731 1252 1769 Axeniensem
1273 1730 1538 1781 oppugnabat,
1557 1730 1782 1781 priusquam

308 1800 340 1836 is
369 1797 404 1835 ei
424 1795 616 1834 actionem
636 1794 741 1832 illam
761 1793 926 1831 minatus
946 1800 1051 1831 esset
1071 1793 1175 1844 apud
1196 1792 1396 1844 populum,
1428 1805 1507 1842 qua
1538 1800 1613 1842 ego
1633 1792 1782 1830 Timar-

309 1860 427 1898 chum
456 1870 564 1895 reum
592 1856 734 1903 feci—‚
764 1854 957 1904 Crobylus
987 1855 1077 1892 item
1097 1855 1215 1892 frater
1233 1854 1316 1904 ejus
1350 1852 1556 1890 conciones
1585 1853 1780 1891 habebat:

310 1920 476 1969 denique
504 1919 566 1956 isti
595 1917 706 1968 primi
726 1916 830 1967 apud
857 1928 927 1954 vos
948 1916 1033 1953 ausi
1058 1916 1218 1954 fuerunt
1245 1915 1293 1952 de
1322 1914 1522 1965 republica
1551 1914 1780 1952 Graecorum

307 1980 548 2033 capessenda
565 1980 753 2017 suadere:
776 1986 857 2015 tum
874 1977 1031 2015 demum
1048 1978 1279 2023 Pittalacus,
1300 1976 1500 2026 repudiato
1517 1987 1589 2014 suo
1605 1977 1780 2025 consilio,

307 2050 346 2081 et
365 2042 512 2079 ratione
532 2041 640 2086 inita,
662 2040 748 2090 quis
780 2046 818 2076 et
838 2039 921 2089 ipse
941 2046 1056 2086 esset,
1082 2046 1123 2077 et
1153 2052 1242 2077 cum
1268 2039 1410 2088 quibus
1436 2037 1583 2075 bellum
1614 2046 1780 2089 gereret,

306 2111 411 2143 recte
432 2102 503 2140 sibi
522 2101 867 2140 consuluit—vera
885 2101 987 2138 enim
1008 2099 1178 2138 dicenda
1197 2104 1385 2137 sunt—et
1403 2099 1598 2149 quiescere
1618 2101 1777 2139 statuit:

305 2168 406 2204 bene
427 2177 560 2203 secum
580 2163 643 2214 agi
664 2169 821 2213 putans,
844 2161 873 2199 si
894 2161 990 2199 nihil
1011 2162 1098 2200 novi
1120 2161 1211 2199 mali
1230 2160 1303 2198 sibi
1322 2161 1490 2198 daretur.
1522 2161 1601 2200 Hic
1621 2161 1777 2200 demum

307 2226 564 2278 Hegesander
595 2225 769 2275 pulcram
802 2223 916 2262 istam
946 2223 1146 2262 victoriam
1177 2222 1358 2274 adeptus,
1385 2221 1632 2261 Timarchum
1672 2224 1777 2276 apud

288 2288 291 2291 “
306 2302 347 2326 se
367 2288 474 2326 nulla
492 2300 582 2324 cum
597 2285 778 2323 molestia
796 2284 945 2323 habuit.

364 2352 424 2387 14.
455 2348 506 2385 Et
522 2348 608 2384 haec
628 2360 716 2384 vere
738 2359 760 2384 a
780 2359 841 2384 me
865 2346 956 2391 dici,
979 2346 1083 2383 scitis
1105 2358 1253 2384 omnes.
1285 2345 1387 2383 Nam
1406 2345 1490 2396 quis
1510 2351 1682 2384 vestrum
1702 2351 1776 2395 est,

305 2412 372 2463 qui
389 2422 587 2460 nunquam
609 2409 646 2446 in
668 2408 793 2445 forum
815 2407 1107 2459 cupedinarium
1131 2408 1292 2455 venerit,
1314 2420 1388 2446 nec
1406 2412 1582 2459 sumptus
1611 2407 1774 2446 istorum

305 2471 520 2525 spectarit?
551 2471 631 2508 Aut
657 2470 757 2520 quis,
777 2482 864 2507 cum
894 2470 933 2506 in
953 2469 1112 2507 istorum
1131 2470 1479 2508 commessationes
1496 2469 1698 2508 incidisset
1717 2476 1774 2508 at-

303 2547 380 2587 que
401 2533 605 2579 adulteria,
623 2531 845 2583 reipublicae
861 2531 984 2569 vicem
1003 2544 1080 2568 non
1097 2531 1248 2569 doluit?
1279 2531 1442 2578 Tamen,
1457 2531 1616 2581 quando
1634 2531 1672 2568 in
1691 2531 1774 2571 foro

304 2610 452 2643 sumus,
473 2607 571 2633 voca
599 2593 691 2631 mihi
718 2593 962 2631 Glauconem
996 2593 1318 2643 Cholargensem,
1348 2593 1414 2644 qui
1444 2593 1680 2631 Pittalacum
1710 2606 1774 2632 as-

303 2659 423 2698 seruit
436 2659 474 2696 in
495 2657 711 2694 libertatem
727 2668 736 2693 ε
766 2661 806 2692 et
824 2655 972 2706 reliqua
991 2654 1214 2693 testimonia
1228 2655 1330 2705 lege.

854 2781 1214 2819 TESTIMONIA.

344 2873 489 2901 'restatur
515 2871 633 2900 Glauco
656 2869 762 2899 'l'imaei
781 2870 813 2899 F.
827 2868 1056 2908 Chol-argensis.
1095 2869 1162 2906 Ego
1186 2866 1370 2897 Pittalacum
1396 2866 1515 2896 asserui
1534 2867 1563 2896 in
1588 2864 1771 2904 libertatem,

301 2932 369 2953 cam
387 2922 424 2951 ab
441 2921 646 2960 Hegesaniho
667 2922 704 2950 ad
723 2920 904 2950 servitutem
921 2920 1136 2950 abduceretur.
1172 2917 1339 2957 Aliquanto
1355 2922 1427 2957 post
1443 2927 1491 2947 me
1508 2917 1652 2948 convenit
1675 2918 1770 2948 Pitta-
