1965 3356
12 2547 26 2586 ἐ

604 190 660 227 ΙΝ
691 188 1031 228 STEPHANUM
1065 190 1095 227 1.
1504 191 1579 228 647

178 290 466 342 23.1mpr0bus
491 291 576 337 iste,
608 293 805 344 improbus
831 298 904 339 est,
925 292 1200 341 Athenienses,
1223 295 1305 345 jam
1335 295 1425 334 inde
1456 307 1503 333 ex
1534 307 1582 334 eo

126 361 297 404 tempore
323 366 399 404 quo
429 353 479 391 ad
511 353 699 405 templum
729 353 901 392 Castoris
931 360 971 392 et
1002 354 1175 394 Pollucis
1196 356 1326 394 vaeniit
1345 363 1382 395 et
1406 356 1582 407 injurius.

125 414 247 466 Cujus
273 414 326 453 rei
354 415 508 467 signum
536 416 631 453 illud
659 422 738 454 est:
768 415 887 466 quod,
915 417 945 454 si
970 417 1101 469 justus
1136 418 1283 466 fuisset,
1302 432 1447 471 pauper
1466 428 1582 470 esset,

123 476 391 516 administrata
420 478 565 516 domini
593 478 780 528 pecunffu
810 492 926 523 nunc,
948 492 1036 517 cum
1056 487 1135 518 tam
1155 480 1350 531 ingentem
1377 483 1583 533 pecuniam

122 538 162 576 in
180 546 374 590 potestate
392 539 581 588 habuerit,
603 547 646 578 ut
659 569 661 571 .
675 547 825 578 tantum
844 540 936 579 inde
959 542 1059 582 olam
1080 542 1130 580 sit
1149 542 1373 590 suffuratus,
1394 551 1583 594 quantum

122 616 228 641 nunc
247 602 432 654 possidet,
451 615 498 640 ea
517 615 594 640 non
616 602 774 650 debere,
793 603 862 641 sed
881 611 1044 656 accepta
1063 618 1110 643 ex
1130 604 1360 656 patrimonio
1378 605 1520 645 habere
1542 621 1583 646 se

122 665 324 704 existimat.
378 664 463 716 Age
494 678 564 716 per
596 665 691 703 deos
724 665 973 713 immortales,
995 667 1026 705 si
1046 674 1090 706 ut
1112 668 1236 706 furem
1266 667 1526 719 arripuissem,
1545 669 1584 707 in

122 727 206 778 ipso
223 727 326 765 furto
347 727 642 778 deprehensum,
664 728 914 767 facultatibus
929 743 1026 780 quas
1046 729 1182 780 habes,
1203 729 1235 767 si
1254 730 1335 768 fieri
1355 731 1493 781 possit,
1514 731 1584 769 tibi

122 790 323 842 impositis,
343 797 461 842 atque
481 790 534 829 ita
554 805 578 829 a
596 798 634 829 te
653 792 926 843 postulassem,
947 792 978 830 si
999 783 1161 844 negares
1187 806 1253 830 eas
1275 800 1313 830 te
1335 792 1582 843 surripuisse,

121 853 178 891 uti
198 866 244 892 eo
263 854 425 892 referres
449 853 552 892 unde
581 854 810 906 accepisses,
832 854 881 893 ad
901 868 1108 905 quemnam
1132 868 1198 892 eas
1228 853 1416 892 referres?
1448 854 1584 905 Neque

121 916 224 956 enim
241 916 325 955 illas
345 923 435 955 tuus
454 916 523 955 tibi
542 924 653 969 pater
673 918 843 964 tradidit,
874 931 947 956 nec
977 918 1163 970 reperisti,
1180 931 1309 970 neque
1338 917 1381 956 iis
1410 917 1582 956 alibi-us-

122 993 237 1031 quam
259 979 428 1031 acceptis
459 979 509 1018 ad
537 993 609 1019 nos
637 980 795 1026 venisti;
823 981 1011 1019 barbarus
1038 980 1141 1019 enim
1167 987 1319 1032 emptus
1343 993 1399 1018 es.
1459 980 1510 1018 Et
1527 986 1584 1027 tu,

119 1054 233 1092 quem
253 1040 405 1092 publice
424 1041 670 1080 interfectum
691 1044 897 1094 oportebat
915 1050 1071 1095 propter
1096 1042 1283 1090 facinora,
1303 1054 1464 1093 corpore
1492 1055 1585 1080 con-

120 1109 284 1150 servato,
305 1110 343 1141 et
359 1104 514 1142 civitate
545 1112 678 1142 nostra
707 1105 871 1156 pecunia
903 1105 970 1143 tibi
1001 1111 1239 1156 comparata,
1260 1111 1299 1142 et
1318 1117 1363 1142 eo
1384 1103 1584 1155 dignitatis

119 1171 278 1203 evectus
298 1171 342 1202 ut
358 1164 502 1202 liberos
525 1165 589 1216 qui
605 1165 847 1204 dominorum
861 1173 1015 1204 tuorum
1032 1166 1171 1204 fratres
1188 1174 1318 1204 essent
1344 1178 1584 1217 procreares,

117 1226 384 1277 exceptionem
405 1226 622 1278 opposuisti
650 1241 727 1266 non
756 1228 961 1267 convenire
981 1228 1094 1266 nobis
1117 1228 1307 1266 actionem
1335 1227 1374 1265 in
1406 1240 1491 1265 eam
1518 1240 1585 1278 pe-

118 1287 272 1334 cuniam
289 1301 406 1340 quam
425 1302 448 1326 a
467 1294 504 1327 te
523 1289 769 1340 peteremus?
798 1290 856 1328 Tu
877 1290 987 1329 nobis
1008 1290 1244 1329 conviciatus
1265 1289 1330 1328 es?
1382 1290 1440 1327 Tu
1460 1289 1498 1326 in
1518 1302 1588 1340 pa-

119 1355 215 1389 trem
235 1357 411 1390 nostrum
428 1350 671 1402 inqnisivisfi,
692 1353 780 1404 quis
796 1352 938 1391 fuerit?
986 1354 1085 1396 Quae
1104 1353 1191 1404 quis
1217 1359 1290 1398 est,
1313 1351 1587 1399 Athenienses,

120 1413 186 1464 qui
205 1426 318 1464 aequo
331 1414 430 1453 ferre
451 1414 579 1453 animo
597 1415 812 1467 potuisset?
843 1415 928 1467 Ego
949 1416 1063 1461 enim,
1085 1415 1240 1454 tametsi
1260 1428 1320 1453 me
1338 1414 1448 1453 vobis
1464 1414 1589 1452 omni-

121 1476 194 1514 bus
215 1475 299 1515 aliis
320 1476 566 1516 submissiore
595 1477 722 1516 animo
751 1491 834 1531 esse
863 1485 1029 1530 oportet,
1049 1479 1124 1517 isto
1153 1484 1284 1516 tamen
1313 1490 1400 1516 esse
1430 1476 1589 1515 elatiore

123 1544 299 1590 oportere
318 1553 478 1579 censeo:
505 1546 558 1588 et,
579 1540 611 1579 si
638 1541 756 1579 istum
784 1541 930 1579 nemini
955 1541 1094 1580 cedere
1120 1546 1327 1592 oporteret,
1349 1539 1439 1577 mihi
1460 1546 1592 1577 tamen

122 1614 212 1640 eum
228 1602 368 1641 cedere
388 1609 595 1655 oporteret.
640 1603 769 1642 Simus
790 1604 892 1642 enim
911 1604 965 1643 ita
984 1617 1078 1642 sane
1098 1617 1184 1650 nOS‚
1202 1610 1245 1642 ut
1264 1609 1307 1641 tu
1326 1615 1397 1641 nos
1417 1601 1590 1640 oratione

121 1672 189 1703 tua
207 1664 337 1717 fingis,
357 1665 582 1704 servitutem
600 1672 681 1705 tute
701 1666 863 1705 servisti.

176 1729 242 1766 24.
270 1728 464 1767 Fortassis
485 1735 615 1766 autem
634 1735 675 1767 et
691 1729 768 1767 hoc
788 1741 921 1767 eorum
941 1727 1079 1779 aliquis
1101 1726 1253 1774 dixerit,
1273 1726 1432 1764 fratrem
1460 1739 1589 1765 meum

122 1788 318 1830 Pasiclem
337 1790 430 1828 nihil
451 1790 499 1828 de
518 1803 564 1828 eo
583 1791 690 1841 queri
709 1791 748 1829 in
767 1791 826 1829 his
847 1792 974 1829 rebus.
1029 1790 1113 1841 Ego
1134 1803 1238 1836 vero,
1260 1789 1530 1835 Athenienses,
1552 1795 1591 1827 et

122 1850 171 1889 de
186 1851 436 1897 Pasicle‚-—a
450 1852 560 1890 vobis
575 1853 809 1903 deprecatus
825 1866 873 1890 ne
892 1865 997 1903 aegre
1010 1852 1142 1890 feratis
1163 1858 1203 1890 et
1219 1852 1341 1903 petita
1359 1852 1484 1898 venia,
1501 1851 1532 1889 si
1545 1864 1591 1889 eo

121 1912 378 1964 processerim
397 1913 624 1960 iracundiae,
643 1920 699 1958 ut,
721 1926 918 1951 servorum
947 1926 1120 1951 meorum
1145 1913 1389 1952 contumeliis
1408 1912 1590 1958 irritatus,

122 1987 170 2013 ea
185 1974 344 2013 reticere
363 1987 569 2026 nequeam,
585 1987 673 2025 quae
688 1975 880 2013 hactenus
896 1975 1010 2013 etiam
1030 1974 1113 2012 aliis
1134 1974 1355 2012 dicentibus
1375 1973 1509 2012 audire
1529 1987 1590 2012 me

121 2035 430 2084 dissimulavi—,
451 2036 578 2075 dicam
598 2043 638 2076 et
655 2037 822 2075 tacenda
841 2037 990 2088 loquar.
1050 2037 1136 2088 Ego
1162 2036 1354 2074 uterinum
1383 2049 1469 2074 esse
1499 2036 1589 2074 mihi

122 2098 281 2137 fratrem
299 2098 492 2137 Pasiclem
512 2099 702 2146 existimo,
723 2112 930 2151 germanus
951 2112 999 2136 an
1020 2098 1069 2137 sit
1088 2099 1194 2136 haud
1214 2098 1308 2136 scio.
1344 2099 1472 2149 Atque
1493 2098 1590 2136 adeo

121 2174 256 2199 vereor
279 2174 328 2199 ne
346 2161 519 2200 Pasicles
540 2161 767 2199 delictorum
788 2160 1034 2199 Phormionis
1054 2160 1092 2197 in
1111 2173 1182 2198 nos
1203 2159 1434 2211 principium
1464 2160 1592 2197 fuerit.

124 2223 226 2263 Cum
244 2224 344 2262 enim
369 2237 478 2262 servo
498 2223 602 2262 adsit
620 2224 807 2276 despecto
826 2225 958 2269 fratre,
978 2230 1017 2262 et
1046 2236 1115 2261 eos
1145 2223 1251 2261 colat
1279 2236 1324 2261 ac
1350 2222 1548 2274 suspiciat,
1570 2236 1592 2261 a

122 2286 264 2337 quibus
290 2299 379 2324 eum
398 2286 471 2325 coli
491 2286 758 2333 conveniebat,
779 2299 896 2337 quam
925 2298 973 2323 ea
1004 2298 1065 2323 res
1088 2285 1238 2337 justam
1266 2285 1384 2323 habet
1403 2285 1591 2336 suspicio-

122 2348 238 2386 nem?
266 2347 386 2387 Aufer
404 2348 520 2400 igitur
536 2362 556 2387 e
571 2349 698 2388 medio
714 2349 923 2396 Pasiclem,
939 2354 978 2387 et
996 2355 1085 2386 tuus
1103 2361 1196 2387 sane
1212 2348 1312 2386 filius
1329 2349 1458 2401 potius
1474 2361 1591 2399 quam

123 2409 303 2449 dominus
332 2411 565 2459 nominetur,
587 2424 697 2450 meus
731 2417 862 2450 autem
891 2410 1160 2449 adversarius:
1197 2411 1272 2449 hoc
1301 2410 1401 2449 enim
1431 2410 1591 2456 mavult,

122 2484 240 2523 quam
258 2472 377 2512 frater
397 2486 497 2512 esse.

176 2535 242 2572 25.
263 2534 351 2586 Ego
369 2549 461 2575 vero
481 2549 569 2574 eum
597 2535 726 2574 valere
749 2535 891 2587 jubeo;
920 2541 959 2573 et
978 2547 1075 2585 quos
1098 2533 1190 2572 mihi
1211 2541 1322 2586 pater
1341 2533 1502 2572 tradidit
1522 2533 1587 2571 ad-

115 2595 265 2647 jutores
284 2604 324 2636 et
343 2597 501 2645 amicos,
522 2597 572 2636 ad
599 2611 666 2637 eos
695 2597 821 2643 venio,
844 2597 895 2635 ad
913 2609 981 2635 vos
1010 2596 1185 2635 Judices.
1244 2596 1339 2642 Oro,
1360 2596 1536 2647 supplico
1554 2602 1593 2633 et

122 2659 309 2707 obtestor,
329 2673 378 2698 ne
403 2659 602 2712 patiamini
630 2666 674 2698 ut
703 2673 777 2711 ego
797 2665 836 2698 et
853 2659 943 2696 filiae
962 2665 1121 2711 propter
1149 2658 1316 2710 inopiam
1345 2658 1438 2696 meis
1470 2657 1590 2695 servis

122 2726 160 2758 et
179 2720 283 2760 illius
302 2722 606 2761 assentatoribus
628 2721 770 2760 derisui
790 2721 924 2759 simus.
990 2721 1106 2759 Meus
1127 2721 1236 2759 vobis
1257 2728 1368 2772 pater
1387 2719 1491 2757 mille
1510 2719 1591 2772 cly-

123 2794 217 2833 peos
238 2782 359 2829 dedit,
381 2790 421 2823 et
438 2797 542 2836 saepe
562 2784 670 2822 vobis
690 2783 825 2822 utilem
852 2795 1011 2835 operam
1036 2782 1203 2829 navavit,
1224 2790 1275 2829 et,
1296 2782 1464 2832 quinque
1485 2781 1592 2820 trire-

121 2843 249 2882 mibus
277 2844 380 2883 ultro
401 2845 555 2884 donatis
585 2852 626 2884 et
654 2845 735 2884 suis
761 2844 980 2896 sumptibus
1014 2844 1232 2896 completis,
1252 2843 1404 2881 navalia
1432 2855 1594 2881 munera

122 2903 227 2944 obiit.
283 2906 334 2944 Et
352 2906 438 2946 haec
458 2920 538 2946 non
557 2920 606 2946 eo
625 2919 898 2953 commem0r0‚
919 2906 1025 2957 quod
1046 2919 1112 2943 vos
1136 2905 1246 2943 nobis
1266 2905 1407 2942 debere
1429 2905 1592 2956 gratiam

124 2965 362 3012 existimem;
392 2981 464 3008 nos
494 2968 594 3008 enim
627 2969 814 3008 debemus
834 2968 965 3009 vobis:
995 2967 1064 3007 sed
1087 2981 1134 3006 ne
1163 2980 1231 3020 per
1251 2966 1505 3018 ignorantiam
1528 2980 1594 3006 ve-
