1948 3306
367 441 769 481 ARGUMENTUM
804 441 1101 480 ORATIONIS
1136 440 1431 479 ADVERSUS
1463 439 1794 480 CALLIPPUM.

397 545 514 576 1,ΥοοΝ
545 545 670 585 quidam
698 545 884 575 Heracleota
913 555 1037 584 genere,
1059 544 1204 575 Pusionis
1228 546 1368 575 utebatur
1391 555 1503 575 mensa.
1554 545 1599 580 Is,
1623 544 1653 575 in
1678 543 1811 574 Africam

353 596 561 636 navigaturus,
576 606 713 626 nummos
729 596 1000 635 reliquit,eosque,
1011 599 1044 625 ut
1061 601 1091 625 et
1103 595 1195 625 Pusio
1209 595 1315 625 vivens
1327 595 1462 631 dicebat,
1475 599 1506 624 et
1516 594 1724 635 Apollodorus
1735 603 1820 629 nunc,

352 647 639 686 dicit,Cephisiadae
652 646 853 685 reddijussit:
866 646 1026 686 Callippus
1038 650 1138 676 autem
1150 657 1203 676 eos
1216 646 1407 676 sibidonatos
1421 656 1488 676 esse
1501 645 1622 681 asserit,
1633 649 1666 675 ut
1675 649 1705 674 et
1713 643 1812 674 amico

353 704 384 729 et
398 698 533 730 omnium
551 697 803 727 Heracleotarum
822 698 1025 738 procuratori.
1056 699 1181 728 Mortuo
1197 699 1331 737 Lycone,
1341 697 1470 737 pecunia
1484 695 1677 736 Cephisiadae
1694 695 1815 726 reddita

353 756 414 781 est:
428 750 589 789 Callippus
601 754 752 785 autem,ut
766 749 863 789 inquit
874 750 1169 789 Apollodorus,cum
1181 750 1307 779 Pasioni
1321 760 1420 779 secum
1430 748 1553 778 facienti
1563 747 1651 785 simul
1665 746 1820 786 hospitem

354 802 497 832 invadere
513 802 696 839 persuadere
714 811 771 830 non
790 806 905 841 posset,
922 801 1023 841 ipsum
1041 801 1201 831 Pasionem
1220 801 1306 840 petit,
1324 804 1355 830 et
1369 811 1419 830 res
1436 799 1499 830 dati
1516 798 1619 828 damni
1635 797 1753 828 actione
1770 798 1816 827 in-

355 853 462 883 stituta
484 852 654 892 Lysithidae
680 853 794 882 arbitro
823 853 970 893 permissa
985 858 1043 888 est,
1059 853 1123 892 qui,
1141 852 1270 882 vasione
1293 851 1427 888 vivente,
1440 851 1513 881 nihil
1534 849 1724 890 pronunciat.
1769 847 1816 879 Eo

355 910 486 939 mortuo,
503 914 609 933 rursus
625 905 846 943 Apollodorum
864 905 893 933 in
905 906 956 943 jus
975 908 1062 933 vocat
1077 904 1183 933 eadem
1207 904 1247 933 de
1272 913 1305 933 re
1321 903 1492 943 Gallippus,
1507 911 1671 940 rursusque
1688 899 1769 940 petit
1784 905 1820 930 ut

357 955 548 994 Lysiiliidem
566 955 713 984 arbitrum
727 959 835 985 sumat.
870 956 1079 994 Apollodorus
1096 955 1240 985 arbitrum
1254 954 1406 984 admittit:
1435 954 1490 984 sed
1503 953 1541 982 ad
1554 953 1764 992 magistratum
1780 951 1820 981 do

357 1007 520 1047 Lysithicle
537 1007 639 1043 refert,
655 1012 689 1036 ut
704 1007 862 1046 isjuratus
889 1007 1081 1046 pronunciet,
1104 1017 1163 1046 quo
1185 1006 1286 1038 minuus
1308 1005 1465 1036 arbitrium
1487 1005 1630 1044 Callippo
1658 1004 1820 1035 condonet.

359 1048 539 1098 Lysithides
556 1063 654 1088 autem
673 1058 820 1097 injuratos
837 1058 1029 1098 pronunciat,
1045 1058 1186 1088 damnato
1201 1068 1264 1087 reo.
1305 1057 1407 1094 Quare
1421 1056 1633 1096 Apollodorus
1649 1055 1687 1084 ab
1701 1053 1818 1084 arbitro

359 1110 395 1139 ad
408 1110 560 1148 judicium
576 1109 722 1150 appellat.

726 1400 1460 1455 DEMOSTHENIS

585 1551 1034 1600 ADVERSUS
1094 1522 1588 1607 CALLIPP'UM

964 1677 1222 1720 ORATIO.

423 1805 455 1840 l.
478 1803 572 1841 Nos
599 1811 657 1842 est
677 1817 736 1841 res
757 1803 836 1841 ulla
855 1802 1066 1849 molestior,
1081 1802 1257 1848 Judices,
1281 1814 1398 1853 quam
1417 1814 1505 1839 cum
1522 1801 1580 1839 vir
1595 1799 1827 1839 auctoritate

365 1864 549 1916 praeditus
569 1871 608 1903 et
626 1865 812 1917 eloquens
832 1864 983 1903 mentiri
1003 1864 1122 1902 audet
1139 1877 1184 1902 ac
1204 1864 1367 1902 testibus
1389 1861 1572 1902 abundat.
1611 1862 1710 1899 Tum
1724 1861 1827 1900 enim

366 1926 438 1965 reis
458 1940 620 1965 necesse
641 1934 710 1973 est,
730 1941 806 1966 non
827 1928 875 1965 de
901 1941 941 1965 re
960 1933 1110 1964 tantum
1130 1926 1274 1974 dicere,
1298 1925 1368 1965 sed
1387 1926 1435 1964 de
1456 1924 1675 1979 ipso-etiam
1695 1923 1830 1962 adver-

366 1987 478 2033 sario,
504 1995 661 2040 propter
679 1988 1000 2028 existimationem
1029 1989 1063 2027 ei
1091 1987 1209 2026 fidem
1229 2002 1305 2026 non
1327 2001 1412 2027 esse
1433 1987 1664 2042 habendam.
1722 1986 1830 2024 Nam

366 2049 397 2087 si
418 2050 521 2088 hune
550 2063 695 2089 rnorem
714 2049 949 2102 receperitiS‚
971 2057 1014 2088 ut
1044 2051 1312 2101 eloquentibus
1342 2057 1381 2089 et
1405 2049 1630 2088 auctoritate
1657 2048 1831 2099 praeditis

366 2110 453 2161 plus
483 2111 648 2150 credatis
668 2126 783 2163 quam
803 2112 1130 2160 imbecillioribus,
1151 2112 1180 2150 is
1201 2126 1284 2151 mos
1305 2113 1344 2150 in
1364 2119 1533 2151 vestram
1552 2111 1723 2163 ipsorum
1743 2122 1829 2162 per-

365 2172 504 2211 niciem
525 2173 650 2212 cedet.
709 2174 790 2213 Oro
808 2174 923 2225 igitur
948 2188 1029 2221 vos,
1050 2180 1094 2212 ut
1114 2174 1144 2212 si
1162 2174 1266 2226 quod
1286 2187 1457 2226 unquam
1485 2172 1683 2225 negotium
1706 2171 1832 2223 ipsum

366 2246 434 2284 per
454 2247 494 2272 se
515 2234 770 2286 dijudicastis,
790 2234 924 2274 animis
946 2235 984 2273 in
1005 2242 1180 2274 neutram
1200 2243 1349 2288 partem
1376 2236 1571 2288 propensi,
1591 2247 1663 2273 nec
1678 2246 1830 2272 reorum

368 2308 439 2334 nec
461 2304 745 2345 accusatorum,
775 2298 844 2336 sed
864 2298 987 2349 ipsam
1003 2298 1196 2347 justitiam
1222 2298 1432 2346 intuentes,
1452 2304 1496 2336 ut
1514 2310 1618 2336 nunc
1639 2296 1754 2335 etiam
1774 2296 1830 2334 ita

367 2357 645 2408 pronuncietis.
702 2359 802 2397 Rem
820 2367 947 2397 autem
970 2360 1017 2397 ab
1037 2359 1144 2397 initio
1159 2359 1267 2398 vobis
1287 2361 1464 2399 narrabo.

422 2420 458 2455 2.
489 2418 625 2469 Lycon
659 2419 907 2466 Heracleota‚
939 2420 1116 2467 Judices,
1149 2420 1180 2458 is
1214 2420 1263 2459 de
1293 2434 1369 2472 quo
1397 2421 1512 2460 etiam
1544 2420 1617 2459 iste
1650 2420 1833 2473 loquitur,

369 2493 505 2518 mensa
524 2480 641 2531 patris
669 2482 740 2519 mei
760 2483 956 2527 utebatur,
976 2487 1020 2519 ut
1048 2487 1088 2519 et
1120 2481 1183 2518 alii
1207 2489 1456 2529 mercatores,
1477 2481 1618 2533 hospes
1638 2480 1833 2520 Aristonoi

370 2541 599 2580 Decelensis
619 2549 657 2580 et
674 2542 931 2581 Archebiadae
950 2542 1218 2594 Lamprensis,
1238 2543 1354 2582 homo
1373 2543 1556 2596 prudens.
1604 2544 1657 2591 Is,
1676 2543 1833 2594 naviga-

369 2611 478 2643 turus
512 2605 549 2642 in
581 2604 754 2657 Libyam,
787 2605 998 2644 rationibus
1030 2619 1118 2643 cum
1145 2612 1253 2657 patre
1280 2619 1367 2645 meo
1385 2604 1585 2644 subductis
1612 2619 1741 2644 coram
1760 2606 1835 2644 Ar-

369 2665 557 2705 chebiade
573 2672 612 2704 et
632 2666 809 2714 Phrasio,
824 2667 1028 2718 pecuniam
1059 2680 1176 2717 quam
1207 2666 1448 2719 relinquebat
1471 2667 1505 2705 ei
1530 2666 1836 2714 mandat,·-fuit

370 2735 501 2766 autem
535 2740 581 2766 ea
609 2728 781 2767 sedecim
807 2729 922 2767 minae
952 2734 991 2766 et
1020 2728 1280 2781 quadraginta
1306 2729 1516 2776 drachmae,
1548 2734 1593 2766 ut
1622 2741 1697 2780 ego
1724 2729 1832 2767 vobis

371 2802 488 2840 quam
502 2790 792 2830 accuratissime
806 2790 1077 2837 ostendam—,
1089 2790 1336 2842 Cephisiadae
1351 2790 1607 2836 reddendam,
1624 2790 1690 2842 qui
1705 2790 1834 2829 socius

371 2864 464 2889 suus
507 2858 623 2900 esset,
658 2865 703 2891 ac
742 2852 852 2905 Scyri
883 2852 1088 2900 habitaret,
1116 2853 1185 2891 sed
1222 2853 1261 2891 in
1295 2852 1501 2905 praesentia
1532 2859 1691 2905 propter
1720 2852 1834 2891 aliam

374 2914 679 2964 negotiationem
711 2915 885 2958 abesset:
917 2914 1078 2954 mandat
1109 2914 1224 2954 etiam
1260 2915 1517 2970 Archebiadae
1544 2920 1584 2955 et
1609 2914 1770 2955 Phrasio
1789 2921 1832 2953 ut
