1915 3356
238 397 444 437 LIBANII
473 394 883 497 ARGUMENTIZEM
914 393 1216 434 ORATIONIS
1247 394 1484 434 CONTRA

729 459 804 497 NE
858 459 992 497 RAM.

172 583 221 614 Er
237 583 316 613 hane
331 581 496 613 orationem
513 591 571 611 non
587 584 698 621 putant
713 591 781 611 esse
798 579 1028 615 Demosthenis,
1044 579 1128 619 quod
1151 582 1183 608 et
1203 577 1312 618 supina
1328 575 1379 613 sit,
1393 580 1425 606 et
1442 577 1548 608 multis
1565 578 1595 607 in

128 633 206 665 loeis
223 634 255 664 vi
271 633 366 664 nostri
381 632 511 663 oratoris
526 632 659 662 tenuior.
706 632 931 672 Argumentum
952 636 1053 661 autem
1068 630 1128 660 tale
1144 630 1247 659 habet.
1292 629 1376 668 Lege
1399 628 1541 669 jubente,
1563 630 1597 659 si

127 684 226 715 viro
249 682 504 715 Atheniensi
532 683 694 713 mulier
715 683 949 723 peregrina
971 681 1195 721 nupserit,
1228 684 1273 710 ut
1296 690 1340 709 ea
1372 679 1481 709 vend
1497 685 1599 715 atur,

126 746 170 767 ex
192 737 248 767 hae
262 736 332 775 lege
345 735 488 765 Neaeram
502 734 680 774 aggreditur
693 735 926 769 'rheomnestus,
948 744 1015 764 eam
1041 733 1072 764 in
1088 731 1282 762 matrimonio
1303 740 1371 760 esse
1388 730 1534 770 Stephani
1551 731 1598 760 di-

125 798 212 824 cens,
228 798 298 818 etun
312 786 424 817 ancilla
439 786 594 816 Nicaretae
614 786 720 823 fuerit,
734 790 766 816 et
789 791 878 816 antea
893 789 1044 825 quaestum
1065 794 1194 824 corpore
1212 782 1334 818 fecerit,
1352 793 1432 812 nunc
1448 792 1515 812 esse
1530 782 1598 812 Ste-

125 838 218 878 phani
234 842 362 868 matrem
376 836 521 873 familias,
537 836 590 876 qui
605 846 644 866 ex
661 848 696 867 ea
715 836 831 866 liberos
848 835 1033 876 susceperit.
1077 837 1154 874 Quae
1169 834 1344 874 Stephanus
1369 833 1449 863 haud
1465 833 1599 863 fatetur:

124 894 218 929 atque
236 899 303 920 eam
318 889 401 928 apud
415 898 448 918 se
466 887 655 925 concubinae,
670 899 729 918 non
743 887 853 918 uxoris
869 898 939 918 esse
953 888 1023 917 loco
1038 886 1125 922 dicit,
1138 896 1236 925 neque
1252 895 1290 915 ex
1305 895 1342 915 ea
1356 884 1416 914 sibi
1430 890 1516 914 natos
1528 895 1599 915 esse

124 940 254 971 liberos.
297 941 390 979 Quod
417 943 578 970 aecusator
605 950 800 980 oppugnans,
815 949 875 969 non
900 939 1006 980 paucis
1023 937 1214 977 argumentis
1230 937 1430 972 demonstrat,
1453 947 1518 966 earn
1535 947 1599 966 ma-

127 997 206 1023 trem
220 991 352 1022 familias
367 991 415 1022 illi
429 1002 509 1022 esse.
552 991 603 1022 Fit
615 991 710 1031 igitur
727 996 826 1021 status
838 990 985 1021 orationis
998 989 1225 1029 conjecturalis.
1261 989 1340 1018 Nam
1356 987 1486 1028 quaestio
1501 998 1599 1028 neque

126 1044 167 1075 de
183 1044 375 1085 proprietate
387 1049 446 1080 est,
460 1055 559 1085 neque
573 1045 612 1074 de
628 1043 787 1084 qualitate,
804 1043 856 1073 sed
873 1043 911 1073 de
922 1053 966 1073 re.
1000 1043 1046 1072 Ac
1063 1041 1191 1082 primam
1206 1040 1352 1070 orationis
1367 1044 1484 1079 partem
1496 1040 1597 1069 Theo-

126 1100 264 1126 mnestus
279 1095 407 1127 recitat:
431 1095 543 1126 deinde
567 1102 728 1136 patronum
745 1093 971 1135 Apollodorum*
985 1098 1078 1125 vocat
1102 1101 1245 1124 socerum
1273 1102 1373 1123 suum.
1418 1092 1451 1121 Is
1475 1101 1596 1121 causam

126 1153 259 1189 perorat.

491 1441 1219 1497 DEMOSTHENIS

411 1593 799 1642 CONTRA
881 1590 1306 1641 NEAERAM

725 1735 990 1778 ORATIO.

183 1862 217 1898 1.
247 1858 414 1899 Momm
442 1859 552 1898 fuere
569 1874 658 1912 quae
685 1873 747 1899 me
766 1860 1023 1906 hortarentur,
1046 1859 1319 1906 Athenienses,
1340 1857 1390 1896 ad
1412 1848 1594 1896 Neae'ram

126 1922 203 1961 hoc
228 1922 378 1975 judicio
408 1923 682 1969 accusandam,
703 1930 742 1961 et
760 1923 899 1961 vestris
915 1922 1119 1961 sententiis
1142 1920 1435 1973 subjiciendam.
1493 1920 1596 1958 Nam

125 1998 149 2023 a
169 1984 367 2037 Stephano
387 1985 538 2037 magnis
565 1985 714 2037 injuriis
734 1984 865 2024 affecti
893 1998 1040 2032 summ,
1060 1992 1098 2023 et
1117 1984 1157 2022 in
1182 1991 1355 2023 extrema
1374 1982 1597 2021 discrimina

123 2060 195 2099 per
213 2060 303 2086 eum
323 2047 496 2094 adducti,
512 2054 552 2087 et
565 2061 676 2087 socer
687 2061 812 2098 meus,
825 2054 865 2086 et
877 2060 967 2099 ego,
980 2053 1020 2086 et
1038 2060 1161 2095 soror,
1181 2053 1220 2085 et
1238 2059 1334 2085 uxor
1352 2059 1455 2090 mea3
1478 2058 1596 2097 quare

124 2109 165 2147 in
184 2122 306 2149 causa
331 2110 408 2149 hac
426 2123 506 2148 non
526 2123 550 2148 a
569 2124 630 2149 me
654 2109 869 2157 lacessitur,
891 2110 961 2148 sed
981 2116 1139 2162 propter
1157 2108 1390 2161 exigendam
1411 2108 1595 2146 ultionem

124 2178 342 2211 accusatur.
399 2171 503 2211 Nam
515 2171 733 2211 inimicitias
752 2172 825 2211 iste
841 2172 941 2211 ultro
961 2173 1186 2224 auspicatus
1205 2178 1278 2217 est,
1299 2169 1405 2209 nullo
1424 2183 1596 2222 unquam

124 2246 148 2272 a
166 2234 280 2272 nobis
295 2235 357 2273 vel
377 2234 494 2282 dicto,
514 2234 576 2273 vel
593 2235 701 2274 facto
720 2235 854 2274 laesus,
868 2230 869 2234 ¹
884 2234 1105 2286 Antequam
1121 2241 1249 2273 autem
1268 2233 1317 2271 ad
1334 2246 1413 2271 rem
1429 2233 1594 2278 veniam,

125 2294 220 2347 quid
253 2297 303 2335 ab
335 2310 382 2336 eo
407 2296 583 2349 perpessi
605 2298 738 2345 simus,
760 2305 803 2336 ut
833 2296 925 2335 mihi
955 2296 1043 2348 plus
1062 2296 1184 2335 veniae
1204 2294 1381 2334 tribuatis
1410 2295 1594 2333 ultionem

124 2360 335 2411 expetenti,
356 2366 394 2398 et
413 2367 457 2399 ut
477 2360 516 2398 in
536 2366 709 2399 extrema
728 2359 901 2411 pericula
932 2372 1004 2398 nos
1025 2359 1237 2410 conjecerit
1266 2357 1400 2410 patriae
1428 2357 1596 2408 dignita-

123 2419 251 2473 tisque
272 2421 510 2469 amittendae,
528 2422 638 2461 vobis
659 2422 880 2475 explicabo.

177 2485 217 2521 2.
246 2483 347 2522 Cum
366 2484 534 2537 populus
554 2485 712 2523 decreto
732 2485 891 2524 fecisset
912 2483 1195 2522 Atheniensem
1217 2482 1439 2529 Pasionem,
1460 2489 1499 2519 et
1526 2494 1596 2532 po-

125 2550 248 2584 steros
276 2547 377 2597 ejus,
409 2553 566 2598 propter
598 2547 743 2586 collata
774 2546 857 2599 ejus
892 2546 932 2584 in
961 2545 1238 2597 rempublicam
1264 2544 1468 2589 beneficia,
1488 2550 1597 2594 pater

125 2618 277 2659 quoque
307 2621 431 2656 meus,
462 2609 596 2661 populi
629 2609 840 2647 donatione
873 2609 1101 2660 approbata,
1138 2607 1377 2659 Apollodoro
1406 2607 1490 2655 ejus
1519 2605 1596 2642 filio

125 2680 282 2708 uxorem
298 2670 407 2710 dedit
425 2671 544 2710 filiam
567 2684 690 2718 suam,
711 2684 882 2710 sororem
905 2684 1042 2717 meam,
1057 2684 1077 2708 e
1097 2683 1174 2721 qua
1193 2670 1334 2708 liberos
1351 2681 1448 2719 quos
1466 2668 1596 2709 habet.

129 2732 395 2783 Apollodorus
415 2734 600 2786 suscepit.
660 2733 761 2771 Cum
781 2740 910 2772 autem
930 2732 1210 2784 Apollodorus,
1231 2740 1269 2770 et
1296 2732 1333 2769 in
1354 2743 1537 2775 sorerem,
1559 2737 1598 2766 et

126 2805 198 2832 nos
218 2807 352 2834 omnes
371 2796 566 2847 benignus
588 2803 702 2842 esset,
719 2809 867 2847 nosque
888 2808 1020 2834 revera
1039 2794 1280 2833 necessarios
1302 2801 1342 2831 et
1361 2792 1595 2830 domesticos

127 2853 300 2903 duceret,
318 2857 523 2908 omniaque
543 2857 642 2896 inter
669 2870 741 2896 nos
768 2864 899 2896 essent
918 2857 1150 2902 communia,
1173 2863 1212 2894 et
1232 2868 1305 2906 ego
1326 2868 1485 2893 uxorem
1505 2854 1597 2891 duxi

127 2916 354 2968 Apollodori
387 2919 522 2967 filiam,
549 2933 675 2959 meam
709 2932 760 2958 ex
792 2933 922 2958 sorore
947 2927 1117 2971 neptem.
1176 2918 1393 2969 Progressu
1416 2917 1599 2968 temporis

127 2981 356 3020 senatoriam
392 2980 622 3032 dignitatem
667 2983 826 3021 sortitur
857 2982 1133 3034 Apollodorus.
1190 2982 1453 3032 Approbatns‚-
1472 2979 1595 3027 logiti-
