1915 3356
541 197 770 236 CONTRA
799 195 1182 234 THEOCRINEM.
1525 196 1602 234 763

137 301 227 344 mihi
245 302 392 354 aliquid
411 302 512 353 aequi
531 301 796 354 responderet,
817 298 1002 351 quidnam
1023 297 1384 349 faceret-quando
1411 297 1452 336 id
1489 310 1603 335 suum

136 376 274 402 munus
295 377 379 404 esse
397 363 502 411 dicit,
523 370 568 402 ut
597 376 665 402 eos
697 362 762 414 qui
791 360 984 399 contraria
1014 358 1168 410 legibus
1194 359 1424 406 decernunt,
1445 372 1602 398 coerce-

135 432 243 473 at—,
264 426 296 465 si
316 426 403 478 quis
425 425 529 478 apud
549 438 683 464 omnes
702 424 805 462 cives
826 422 999 461 oratione
1017 421 1151 459 habita
1169 427 1209 458 et
1222 421 1398 471 probata,
1415 420 1604 460 decerne-

134 494 204 534 ret,
219 488 337 528 licere
350 487 616 540 ignominiosis
632 492 673 524 et
686 484 828 524 aerariis
845 496 1043 530 accusare,
1057 482 1241 527 indicare,
1256 481 1417 529 deferre,
1434 496 1479 521 ea
1494 483 1604 522 deni-

135 563 212 600 que
225 563 339 601 agere
357 563 445 602 quae
458 562 560 587 nunc
574 548 680 599 leges
697 547 751 585 eis
771 546 1031 590 interdicunt;
1049 543 1222 596 nunquid
1239 543 1385 582 decreti
1405 552 1603 584 auctorem

133 611 364 651 violatarum
383 612 511 662 legum
533 617 738 649 accusaret
756 608 908 648 necne?
949 609 1052 646 Nam
1073 608 1106 645 si
1126 607 1245 653 dicat,
1265 619 1306 645 se
1333 619 1411 644 non
1432 620 1518 645 esse
1538 621 1603 646 ac-

133 681 372 720 cusaturum,
391 679 452 711 est
476 686 523 710 ne
554 672 737 710 habenda
766 673 800 710 ei
825 671 938 718 fides,
960 684 1000 709 se
1025 683 1106 717 eos,
1127 669 1194 721 qui
1214 669 1389 708 scribant
1409 671 1604 708 contraria

135 735 290 785 legibus
321 734 529 772 observare
554 732 782 785 jactitanti?
827 733 886 770 sin
916 739 1132 779 accusaret,
1152 730 1246 783 quid
1274 730 1454 782 iniquius,
1486 744 1605 782 quam

133 786 208 834 alio
242 801 400 835 auctore
430 794 685 841 intercedere,
708 808 758 833 ne
787 794 827 832 id
860 794 1076 840 decretum,
1100 796 1178 845 quo
1211 806 1256 831 ea
1284 799 1459 845 potestas
1491 793 1605 832 detur

132 859 327 904 omnibus,
344 865 470 897 ratum
488 858 610 904 fieret,
627 865 667 896 et
686 857 936 897 accusatione
953 857 1131 895 instituta
1144 855 1349 907 perspicue
1368 855 1605 904 adscribere,

131 933 213 959 rem
233 933 322 959 esse
340 920 494 972 legibus
512 920 772 967 interdictam,
793 933 901 958 nunc
931 919 1048 958 istum
1074 919 1204 971 ipsum
1234 918 1415 957 factitare
1443 931 1603 957 accusa-

132 982 270 1031 tiones,
289 996 381 1021 cum
400 982 441 1021 id
471 996 598 1034 neque
617 997 639 1022 a
657 983 801 1035 populo
824 982 1053 1034 impetrarit,
1076 994 1205 1032 neque
1231 994 1312 1019 rem
1342 980 1502 1033 publice
1534 981 1603 1019 de-

131 1045 374 1085 liberandam
395 1045 652 1097 proposuerit,
671 1045 824 1097 legibus
844 1045 884 1083 id
905 1043 1148 1097 vetantibus?
1179 1043 1321 1082 Statim
1341 1049 1471 1082 autem
1486 1043 1603 1091 dicet,

132 1107 263 1159 inique
285 1120 418 1146 secum
438 1107 516 1159 agi,
546 1108 577 1146 si
595 1108 682 1147 haec
701 1107 773 1146 sibi
791 1108 918 1146 facere
939 1119 1018 1145 non
1036 1106 1168 1152 liceat,
1188 1106 1400 1157 legumque
1420 1106 1604 1144 severita-

131 1176 225 1216 tem,
255 1170 396 1220 quibus
428 1170 584 1208 futurus
619 1169 670 1208 sit
703 1169 908 1214 obnoxius,
942 1168 975 1206 si
1011 1168 1231 1215 damnetur,
1263 1167 1578 1206 commemorabit
1595 1181 1604 1207 :

131 1230 241 1282 leges
273 1237 404 1269 autem
432 1243 512 1268 non
545 1229 712 1277 curabit,
732 1230 802 1268 sed
827 1235 975 1267 tantam
1008 1229 1079 1267 sibi
1108 1229 1191 1267 dari
1219 1242 1242 1267 a
1269 1228 1380 1268 vobis
1406 1229 1606 1269 licentiam

130 1292 359 1344 postulabit,
379 1299 566 1345 quantam
585 1305 702 1331 nemo
720 1304 894 1344 unquam
913 1298 1047 1343 petere
1068 1291 1142 1329 fuit
1161 1304 1294 1330 ausus.

189 1357 250 1394 13.
278 1356 369 1404 Jarn
398 1355 504 1408 quod
524 1356 575 1395 ad
593 1355 829 1395 delationem
856 1355 1009 1406 attinet,
1030 1366 1156 1406 neque
1182 1354 1456 1402 Theocrinem,
1475 1368 1606 1408 neque

131 1417 381 1458 defensorum
401 1419 486 1470 ejus
515 1418 654 1466 ullum,
682 1417 890 1469 quicquam
911 1416 1015 1468 aequi
1035 1416 1260 1464 allaturum,
1278 1417 1359 1455 fere
1379 1430 1514 1456 omnes
1535 1431 1607 1457 vos

132 1480 229 1519 scire
248 1480 451 1519 existimo:
480 1481 562 1519 fore
582 1487 712 1519 autem
734 1480 911 1526 arbitror,
931 1486 976 1517 ut
1003 1479 1134 1533 dicere
1154 1479 1375 1526 instituant,
1395 1493 1468 1519 nec
1488 1479 1608 1520 licere

132 1541 273 1580 deferri
293 1555 518 1594 quenquam
538 1555 685 1590 eorum,
705 1540 789 1594 qui‘
804 1541 843 1580 in
878 1554 968 1580 arce
997 1555 1076 1580 non
1107 1542 1185 1580 sint
1213 1541 1402 1594 inscripti,
1420 1556 1547 1594 neque
1565 1543 1607 1581 in

131 1604 276 1643 aerariis
307 1618 375 1644 eos
407 1604 611 1644 habendos
632 1617 733 1651 esse,
763 1617 927 1656 quorum
955 1604 1116 1643 nomina
1144 1617 1259 1643 nemo
1286 1604 1492 1644 tradiderit
1511 1619 1607 1644 exa-

130 1666 315 1707 ctoribus.
370 1667 494 1712 Quasi
513 1680 601 1706 vero
621 1680 690 1706 vos
723 1666 851 1719 legem
880 1667 1080 1719 ignoretis,
1101 1681 1187 1719 quae
1217 1667 1361 1706 debere
1388 1668 1436 1705 ab
1469 1681 1517 1707 ea
1544 1667 1606 1718 die

125 1730 250 1781 jubet,
279 1744 303 1769 a
321 1743 400 1781 qua
419 1730 626 1769 damnatus
655 1729 717 1776 sit,
739 1730 820 1768 sive
839 1730 981 1782 legem,
1002 1730 1080 1769 sive
1107 1730 1312 1769 decretum
1331 1729 1506 1769 violarit:
1537 1737 1606 1769 aut

132 1805 212 1830 non
232 1793 411 1831 omnibus
430 1798 566 1831 notum
586 1792 650 1840 sit,
666 1792 944 1839 multislmodis
966 1792 1100 1831 deberi
1117 1793 1266 1836 aerario,
1285 1799 1324 1830 et
1340 1805 1407 1831 eos
1427 1793 1493 1844 qui
1508 1792 1605 1844 legi-

130 1855 206 1892 bus
223 1867 358 1907 parere
376 1854 509 1902 velint,
530 1855 693 1894 solvere.
752 1855 798 1893 Id
818 1855 924 1906 quod
943 1868 991 1894 ex
1010 1855 1097 1907 ipsa
1115 1855 1202 1907 lege
1222 1855 1469 1908 perspicitur.
1515 1855 1603 1907 Age

129 1915 260 1956 denuo
278 1917 371 1956 mihi
389 1930 486 1970 cape
503 1917 632 1969 legem
651 1917 768 1956 hanc.

809 2030 933 2068 LEX.

131 2124 318 2170 Audisne,
351 2130 394 2163 tu
428 2126 580 2176 impura
613 2124 774 2163 bellua?
803 2138 826 2163 a
858 2137 959 2176 qua
992 2124 1080 2162 die
1119 2124 1379 2163 debuerit
1416 2132 1503 2162 aut
1539 2126 1601 2164 le-

133 2200 243 2239 gem
276 2187 528 2225 violarit.
585 2187 664 2225 Sed
697 2200 764 2225 eos
797 2187 903 2225 iilam
932 2198 1088 2238 quoque
1111 2186 1239 2237 legem
1269 2193 1496 2225 ostensuros
1517 2201 1602 2226 esse

131 2249 238 2287 vobis
270 2247 399 2294 audio,
419 2261 507 2300 quae
538 2248 670 2286 delere
698 2249 813 2301 jubet
832 2248 1051 2300 inscriptos,
1073 2247 1105 2286 si
1138 2247 1283 2286 mulcta
1311 2248 1441 2287 soluta
1471 2249 1603 2295 suerit,

130 2317 171 2350 et
188 2316 408 2362 rogaturos,
428 2311 626 2362 quomodo
647 2311 793 2349 mulcta
812 2323 960 2357 eorum,
987 2311 1052 2362 qui
1074 2324 1152 2349 non
1171 2310 1348 2362 inscripti
1377 2311 1469 2358 sint,
1485 2312 1604 2351 deleri

130 2373 278 2425 possit;
308 2373 419 2424 quasi
438 2386 530 2411 vero
561 2386 608 2411 ea
641 2387 720 2412 non
749 2373 797 2412 de
824 2373 1019 2424 inscriptis
1039 2373 1117 2412 lata
1139 2373 1201 2420 sit,
1223 2373 1271 2411 de
1294 2387 1372 2412 non
1392 2373 1603 2426 inscriptis,

130 2442 170 2474 et
189 2435 422 2474 debentibus
455 2442 600 2483 autem,
622 2435 685 2474 lex
715 2436 794 2482 illa,
815 2449 902 2487 quae
922 2435 1037 2487 jubet
1064 2448 1112 2473 ex
1141 2448 1188 2474 ea
1220 2435 1282 2474 die
1310 2436 1464 2483 debere,
1486 2450 1509 2475 a
1527 2450 1604 2488 qua

130 2499 341 2537 mulctatus
362 2499 425 2546 sit,
444 2499 620 2550 legemve
641 2505 709 2537 aut
728 2498 926 2537 decretum
947 2498 1113 2537 violarit.
1144 2498 1249 2543 Quid
1266 2499 1382 2551 igitur
1401 2513 1478 2538 non
1509 2513 1604 2551 neg·

130 2562 244 2600 lectae
275 2562 492 2614 scripturae,
525 2562 663 2614 inquit,
691 2575 750 2600 me
785 2575 964 2606 accusas,
997 2562 1061 2614 qui
1092 2575 1181 2600 cum
1213 2562 1392 2609 debeam,
1426 2575 1501 2600 non
1530 2563 1602 2600 sim

133 2622 369 2676 inscriptus?
399 2624 503 2668 Quia
522 2624 586 2663 lex
607 2637 686 2663 non
718 2624 757 2662 in
785 2637 853 2662 eos
873 2625 940 2675 qui
961 2624 1119 2671 debent,
1142 2632 1182 2663 et
1202 2624 1376 2677 inscripti
1399 2638 1476 2663 non
1498 2632 1603 2670 sunt,

133 2685 322 2737 neglectae
342 2687 542 2738 scripturae
559 2686 628 2725 dat
646 2686 862 2725 actionem:
885 2687 955 2725 sed
976 2686 1014 2724 in
1035 2699 1115 2734 eos,
1135 2686 1200 2738 qui
1215 2687 1392 2738 quamvis
1414 2686 1602 2739 inscripti,

134 2761 211 2787 non
233 2747 363 2788 soluta
382 2749 606 2801 reipublicae
626 2749 786 2794 mulcta,
803 2748 921 2788 deleti
938 2748 1094 2788 fuerint.
1124 2750 1233 2801 Cape
1253 2749 1396 2800 legem,
1409 2762 1454 2786 ac
1470 2748 1602 2787 recita.

811 2885 931 2925 LEX.

138 2983 290 3024 Auditis
313 2984 451 3036 legem,
477 2984 651 3033 Judices,
671 2991 802 3037 aperte
834 2983 976 3029 dicere,
1010 2984 1053 3022 si
1087 2983 1210 3034 quis
1249 2997 1281 3021 ιε
1297 2996 1346 3021 ra
1363 2977 1475 3022 rius'
1501 2996 1562 3023 no
1579 2998 1603 3022 n
