1915 3356
718 208 1009 248 EPISTOLAE.
1511 211 1583 246 841

137 318 334 365 pertetarn
354 311 554 364 epistolam
572 311 786 350 lamentari.
844 311 945 350 Nam
965 324 1039 362 ego
1062 324 1163 349 nunc
1182 311 1226 349 iis
1243 312 1441 351 conflictor
1461 312 1587 358 rebus,

136 375 241 426 quod
261 375 404 413 utinam
420 381 525 413 esset
543 374 664 422 aliter,
685 388 732 412 eo
749 374 868 412 modo
887 386 964 425 quo
983 374 1146 425 quisque
1167 374 1308 412 talibus
1328 376 1365 412 in
1387 375 1496 413 malis
1517 375 1588 413 sibi

132 435 322 487 indulget,
353 443 396 475 ut
414 436 610 475 doloribus
631 443 670 474 et
690 435 867 487 lacrymis
898 442 937 473 et
969 436 1101 487 patriae
1121 436 1313 486 vestrique
1333 436 1526 475 desiderio
1554 444 1592 475 et

133 512 391 538 aerumnarum
411 511 582 537 mearum
600 497 920 544 consideratione,
939 511 1026 548 quae
1057 497 1185 536 omnia
1208 497 1300 534 mihi
1320 498 1494 548 querelas
1522 498 1592 537 eli-

134 561 266 600 ciunt:
297 575 384 612 quae
413 561 445 598 si
478 574 564 598 cum
591 559 772 610 aequitate
805 560 1044 609 reputabitis,
1065 560 1101 597 in
1125 559 1240 597 nullis
1262 559 1356 597 meis
1380 567 1589 598 vestrarum

132 636 259 661 rerum
279 621 670 662 administrationibus
687 622 750 660 vel
769 622 942 660 mollitiei
960 623 1021 660 vel
1040 622 1252 660 timiditatis
1269 622 1378 672 argui
1399 635 1459 660 me
1476 634 1590 673 posse

133 685 341 737 reperietis.
397 684 450 721 Et
479 684 563 721 haec
594 684 779 722 hactenus
809 685 855 722 ad
884 697 1018 722 omnes
1049 697 1145 722 vos:
1176 684 1349 735 privatim
1380 697 1471 722 vero
1503 697 1590 722 cum

132 747 179 785 iis
198 748 262 798 qui
283 759 341 784 me
369 746 572 784 lacessunt
589 759 717 784 coram
746 746 854 784 vobis
874 746 961 784 volo
982 746 1191 797 disputare.
1249 745 1349 784 Nam
1371 759 1430 792 ea,
1450 745 1489 782 in
1509 746 1593 796 qui-

132 810 205 848 bus
218 815 358 847 vestrae
374 808 604 859 ignorationi
625 808 923 852 subservierunt,
943 815 1100 859 propter
1114 799 1183 845 vos
1203 807 1251 845 ab
1270 807 1322 846 eis
1340 807 1444 846 facta
1463 815 1591 853 sunto,

131 884 256 922 neque
275 884 350 922 ego
371 883 514 909 accuso
534 870 756 921 quicquam.
813 870 1027 921 Postquam
1048 883 1137 907 vero
1157 870 1394 920 cognovistis
1422 882 1490 906 vos
1527 868 1594 906 illa

132 931 351 983 cujusmodi
371 933 460 978 sint,
482 932 526 979 si,
553 939 597 970 ut
627 932 795 984 reliquos
815 932 952 970 missos
972 932 1135 977 faciunt,
1167 932 1222 969 ita
1246 938 1286 969 et
1315 944 1376 969 me
1396 931 1593 981 quiescere

134 992 276 1040 sinent,
307 1002 412 1034 recte
442 994 609 1034 sacient:
640 995 699 1033 sin
729 995 925 1046 exagitare
953 1008 1013 1032 me
1047 993 1294 1039 instituerint,
1328 1001 1416 1044 peto
1450 1000 1493 1030 ut
1523 1006 1591 1031 vos

134 1068 268 1094 omnes
293 1069 403 1108 opem
434 1056 525 1094 mihi
561 1057 708 1104 feratis,
726 1070 854 1108 neque
874 1056 1123 1099 committatis
1152 1064 1195 1094 ut
1213 1055 1376 1094 istorum
1397 1054 1486 1093 odia
1505 1055 1592 1105 plus

129 1117 285 1157 valeant
300 1131 417 1170 quam
434 1125 563 1158 vestra
580 1118 867 1158 benevolentia.
918 1118 1068 1157 Valete.

832 1437 907 1474 III.

456 1538 547 1587 DE
599 1539 900 1589 LYCURGI
945 1539 1225 1589 LIBERIS.

799 1674 927 1682 -—-.

303 1743 717 1783 DEMOSTHENES
749 1744 984 1783 SENATUI
1016 1742 1350 1788 POPULOQUE
1379 1742 1421 1780 S.
1468 1746 1475 1753 ”

186 1849 290 1894 Qum
310 1849 406 1888 meis
427 1849 466 1887 in
485 1851 600 1888 rebus
616 1851 703 1900 jure
724 1849 866 1888 avobis
886 1849 1003 1887 tribui
1021 1848 1113 1886 mihi
1127 1855 1318 1898 putarem,
1337 1845 1596 1898 superioribus

132 1911 291 1963 exposui
309 1911 454 1950 literis:
485 1925 574 1963 quae
604 1925 694 1950 cum
722 1911 833 1950 vobis
852 1910 1056 1956 videbitur,
1077 1910 1170 1948 mihi
1200 1908 1439 1948 concedetis.
1497 1907 1596 1944 Haec

132 1981 260 2012 autem
295 1973 346 2012 de
376 1974 517 2024 quibus
550 1987 653 2012 nunc
688 1974 828 2020 scribo,
860 1986 937 2011 non
957 1973 1102 2024 negligi
1126 1985 1149 2010 a
1167 1971 1292 2020 vobis,
1314 1983 1441 2023 neque
1461 1969 1598 2008 adver-

132 2035 245 2074 sandi
272 2036 342 2074 sed
360 2036 550 2088 aequitatis
572 2037 703 2075 studio
730 2036 930 2086 cognosci,
950 2036 1079 2074 velim.
1139 2036 1344 2088 Contingit
1367 2034 1469 2073 enim
1491 2032 1596 2078 mihi,

132 2110 354 2150 quanquam
384 2112 544 2150 peregre
570 2099 746 2150 degenti,
767 2099 909 2137 multos
931 2098 1064 2136 audire
1083 2098 1148 2149 qui
1167 2111 1235 2136 vos
1257 2099 1306 2137 ob
1337 2111 1383 2136 ea
1410 2108 1498 2147 quae
1517 2094 1598 2146 Ly-

130 2159 241 2211 curgi
268 2160 397 2199 liberis
428 2161 654 2200 acciderunt
678 2160 973 2213 reprehendant.
1030 2161 1089 2199 Ac
1116 2161 1250 2199 literas
1269 2161 1388 2198 hasce
1407 2158 1598 2198 misissem

130 2228 288 2273 propter
321 2235 382 2261 res
412 2222 527 2261 etiam
560 2224 608 2262 ab
642 2236 689 2262 eo
720 2224 874 2262 vivente
902 2231 1048 2274 gestas,
1069 2222 1118 2261 de
1145 2224 1286 2274 quibus
1313 2235 1424 2274 aeque
1444 2233 1598 2259 mecum

131 2295 284 2331 omnes,
316 2284 348 2322 si
369 2285 507 2323 voletis
529 2285 657 2324 officio
689 2286 813 2337 fungi,
841 2286 1004 2336 gratiam
1033 2286 1068 2324 ei
1100 2286 1305 2325 habebitis.
1365 2284 1440 2329 Qui
1459 2290 1504 2321 ut
1520 2284 1598 2335 pri-

131 2357 235 2383 mum
254 2346 304 2385 ad
319 2347 616 2398 Rempublicam
637 2355 869 2393 accesserat,
889 2348 928 2385 in
945 2348 1144 2386 curatione
1164 2347 1412 2399 vectigalium
1433 2346 1600 2383 urbano-

131 2420 290 2459 rumque
309 2422 510 2447 munerum
532 2423 573 2448 se
592 2410 811 2456 collocavit,
833 2410 883 2448 de
903 2417 1006 2448 statu
1029 2409 1194 2448 Graeciae
1218 2424 1264 2448 ac
1291 2409 1483 2448 sociorum
1505 2406 1598 2445 nihil

132 2470 298 2509 scribere
317 2471 477 2515 solitus3
506 2484 595 2510 cum
616 2484 706 2510 vero
722 2485 853 2510 eorum
873 2472 1004 2519 etiam,
1024 2472 1091 2523 qui
1111 2485 1191 2523 prae
1212 2485 1254 2510 se
1274 2471 1407 2524 populi
1427 2470 1599 2508 studium

132 2533 324 2580 ferebant,
342 2533 519 2586 plerique
538 2547 608 2572 vos
628 2534 904 2581 deseruissent,
923 2534 1055 2586 populi
1074 2534 1248 2585 partibus
1269 2547 1310 2572 se
1334 2532 1500 2576 addixit,
1520 2543 1599 2568 non

133 2596 238 2646 quod
255 2596 347 2634 inde
367 2608 530 2635 munera
549 2603 590 2635 et
607 2597 752 2635 reditus
773 2610 911 2649 capere
932 2597 1212 2636 liceret—nam
1239 2596 1409 2635 adversae
1441 2592 1598 2631 factioni

132 2655 218 2694 haec
242 2657 370 2695 omnia
388 2657 586 2709 proposita
611 2666 788 2704 erant—,
808 2671 932 2709 neque
958 2657 1063 2708 quod
1090 2657 1161 2696 has
1192 2664 1322 2708 partes
1349 2655 1472 2705 magis
1493 2661 1602 2691 extra

132 2717 347 2769 periculum
361 2732 448 2758 esse
466 2719 792 2759 videret—multa
811 2720 912 2758 enim
928 2727 968 2758 et
984 2720 1191 2757 manifesta
1208 2718 1380 2769 pericula
1402 2730 1460 2754 res
1480 2716 1599 2753 habe.-

133 2781 214 2828 bat,
239 2794 325 2832 quae
344 2781 394 2829 ei,
414 2782 480 2834 qui
505 2782 639 2834 populi
672 2783 941 2821 auctoritatem
972 2782 1138 2820 diceudo
1159 2781 1389 2831 agendoque
1418 2785 1600 2822 tueretur.

134 2841 240 2881 adire
270 2856 431 2882 necesse
457 2852 608 2883 erat—t
629 2845 698 2883 sed
721 2845 826 2897 quod
854 2852 994 2882 natura
1014 2844 1211 2895 popularis
1233 2851 1271 2881 et
1289 2843 1344 2880 vir
1365 2843 1492 2879 bonus
1515 2841 1601 2879 fuit.

135 2903 368 2955 Quanquam
400 2913 528 2944 autem
559 2919 690 2946 coram
720 2907 878 2945 videbat
898 2913 975 2943 tarn
996 2919 1078 2950 eos,
1099 2906 1163 2956 qui
1185 2904 1331 2956 populo
1362 2917 1473 2955 opem
1500 2904 1599 2942 serre

831 2971 854 3004 5
879 2981 900 3004 r
