1981 3356
604 241 897 280 ADVERSUS
928 241 1236 282 LACRITUM.
1579 247 1656 282 543

185 361 282 400 quas
310 348 350 386 in
383 349 471 387 navi
501 349 752 391 habuissent;
783 347 967 385 habuisse
998 355 1129 386 autem
1161 348 1198 386 in
1227 362 1275 387 ea
1294 356 1333 386 et
1353 349 1590 387 salsamenta
1617 357 1656 388 et

181 411 314 449 vinum
334 411 460 450 Coum
479 418 518 449 et
537 411 613 449 alia
633 410 828 462 quaedam.
888 411 988 452 Quae
1005 410 1135 449 omnia
1160 424 1201 449 se
1223 410 1407 449 dicebant
1426 412 1505 451 illic
1525 425 1656 451 coem-

181 479 251 525 pta
282 479 461 512 vecturos
496 473 614 510 fuisse
646 472 839 516 Athenas,
874 472 947 509 nisi
990 472 1030 510 in
1073 473 1161 511 navi
1188 473 1407 524 periissent.
1476 475 1534 512 Ae
1567 488 1655 526 quae

182 535 323 575 dixerit
340 535 424 574 haec
445 535 613 572 fuerunt.

239 599 276 636 8.
312 597 455 649 Operae
484 596 652 647 pretium
677 602 805 634 autern
827 602 887 634 est
906 595 1039 634 andire
1065 595 1263 634 hominum
1295 597 1455 635 istorum
1474 597 1654 649 petulan-

181 659 275 698 tiam
294 666 334 697 et
353 658 570 697 mendacia.
629 658 730 696 Nam
751 672 841 696 cum
861 671 959 696 nave
975 672 1063 709 quae
1084 659 1331 710 naufragium
1352 659 1443 697 fecit
1462 659 1554 697 nihil
1575 666 1656 698 erat

180 721 236 760 eis
256 720 493 767 commercii,
508 720 578 758 sed
599 726 683 758 erat
702 719 800 758 alius
823 720 889 771 qui
906 720 1068 759 Athenis
1089 728 1285 759 mutuarat
1304 721 1353 759 ad
1374 722 1534 759 naulum
1550 721 1655 760 Pon-

180 783 300 822 ticum
321 790 360 822 et
379 783 427 822 ad
448 783 647 834 navigium
663 796 672 821 z
705 783 912 835 Antipater
931 797 1072 822 nomen
1089 783 1172 822 erat
1188 784 1385 831 creditori,
1401 785 1567 822 Cittieus
1585 797 1653 836 ge-

179 858 285 893 nere,
307 851 346 884 et
374 844 509 883 villum
548 844 644 884 illud
665 844 792 883 Coum
821 845 1019 898 octoginta
1044 859 1136 885 vasa
1156 846 1235 884 vini
1254 847 1453 898 fugientis,
1475 852 1514 885 et
1534 846 1656 885 salsa-

178 915 312 956 menta
345 908 493 946 homini
530 908 684 947 cuidam
723 907 906 959 agricolae
939 909 976 946 in
1009 908 1099 947 navi
1128 901 1368 947 vehebantur
1404 908 1656 961 Panticapaeo

178 969 441 1009 Theudosiam
467 970 507 1009 in
528 984 642 1009 usum
663 983 864 1022 operarum
885 971 1127 1010 rusticarum.
1186 971 1292 1016 Quid
1312 971 1429 1022 igitur
1448 971 1543 1009 istas
1564 984 1656 1010 cau·

181 1045 246 1071 sas
279 1031 459 1079 afferunt,
479 1046 568 1084 quae
600 1032 756 1070 minime
775 1032 853 1070 huc
879 1033 1106 1084 pertinent?
1148 1034 1256 1085 Cape
1281 1033 1559 1081 testimonium,
1580 1034 1656 1085 pri-

179 1107 286 1132 mum
308 1094 572 1146 Apollonidae,
596 1100 637 1132 ut
656 1101 810 1133 constet
829 1095 1081 1147 Antipatrum
1103 1103 1302 1134 mutuasse
1318 1095 1368 1134 ad
1384 1109 1537 1142 navem,
1558 1108 1654 1133 nau-

178 1155 345 1207 fragium
373 1169 465 1194 vero
485 1155 759 1194 nihilomnino
781 1156 830 1194 ad
860 1156 957 1194 istas
984 1158 1202 1208 pertinere:
1234 1157 1375 1196 deinde
1404 1157 1587 1196 Erasiclis
1615 1164 1654 1195 et

178 1218 350 1270 Hippiae,
370 1218 572 1269 octoginta
588 1218 780 1267 duntaxat
795 1218 1003 1270 amphoras
1025 1227 1160 1258 vectas
1180 1232 1266 1258 esse
1287 1219 1325 1257 in
1345 1219 1449 1258 navi.

734 1365 1143 1405 TESTIMONIUM.

220 1459 428 1500 Apollonides
447 1461 708 1492 Halicarnasseus
726 1466 856 1492 testatur
878 1473 912 1492 se
929 1462 1010 1491 scire
1028 1461 1239 1500 Antipatrum,
1253 1460 1402 1490 Cittieum
1420 1470 1544 1499 genere,
1562 1470 1654 1500 pecu-

177 1510 258 1541 niam
271 1516 430 1542 mutuasse
446 1512 476 1542 in
491 1513 622 1543 Pontum
641 1513 680 1543 ad
691 1522 799 1543 navem
816 1524 884 1553 qnae
901 1518 983 1543 esset
1002 1513 1161 1553 Hyblesii,
1178 1517 1209 1542 et
1225 1513 1261 1542 ad
1277 1512 1399 1542 naulum
1414 1512 1577 1541 Ponticum
1592 1524 1598 1540 ς
1622 1522 1656 1540 se

176 1572 253 1592 vero
279 1563 485 1594 communiter
506 1564 688 1604 possedisse
704 1574 816 1594 navem
846 1575 914 1594 cum
940 1563 1107 1603 Hyblesio,
1132 1573 1301 1602 servosque
1326 1572 1401 1592 suos
1422 1573 1482 1592 nna
1503 1562 1600 1592 fuisse
1624 1562 1654 1591 in

174 1613 247 1643 navi
261 1624 270 1652 3
300 1618 343 1651 et,
366 1625 435 1645 curn
463 1616 581 1654 periret
609 1615 710 1651 navis,
738 1616 867 1646 affuisse
890 1616 1021 1645 famulos
1047 1626 1133 1651 suos,
1162 1615 1284 1654 sibique
1309 1615 1519 1652 renunciasse,
1543 1625 1653 1644 navem

175 1665 296 1705 perisse
310 1676 438 1696 vacuam
455 1667 654 1706 Panticapaeo
668 1667 877 1697 Theudosiam
895 1672 1028 1696 euntem.

219 1717 377 1747 Erasicles
394 1722 528 1747 testatur
542 1728 574 1747 se
592 1718 756 1757 navigasse
778 1729 846 1747 curn
865 1717 1035 1757 Hyblesio,
1053 1718 1242 1756 gubernante
1259 1727 1369 1747 navem
1383 1717 1412 1746 in
1430 1717 1585 1753 Pontum;
1611 1722 1652 1750 et.

174 1777 244 1797 cum
261 1768 348 1798 navis
362 1769 573 1799 Theudosiam
590 1769 789 1809 Panticapaeo
805 1769 982 1803 veheretur,
1002 1768 1082 1798 scire
1099 1779 1133 1798 se
1150 1778 1259 1798 navem
1279 1768 1342 1798 isse
1357 1774 1535 1803 vacuam,et
1551 1768 1654 1807 ipsius

172 1816 374 1858 Apollodori,
394 1820 560 1850 nun0.hoc
581 1820 703 1860 judicio
728 1820 786 1855 rei,
803 1830 860 1849 non
886 1819 982 1849 fuisse
1007 1819 1110 1849 vinum
1134 1819 1164 1849 in
1192 1819 1276 1854 navi,
1292 1820 1346 1849 sed
1368 1824 1561 1849 transvectas
1584 1829 1654 1849 esse

171 1869 391 1901 Theudosiano
408 1870 532 1901 cuidam
551 1871 614 1901 civi
632 1871 712 1901 Coas
725 1871 822 1901 serias
838 1871 962 1901 circiter
977 1871 1145 1910 octoginta.
1191 1870 1332 1911 Hippias
1345 1871 1516 1911 Athenippi
1532 1872 1567 1901 F.
1586 1871 1653 1900 Ha-

171 1920 379 1953 licarnasseus
396 1927 528 1953 testatur
542 1934 575 1953 se
592 1923 756 1963 navigasse
772 1933 839 1953 cum
854 1922 1010 1962 Hyblesio
1033 1922 1240 1962 inspectorem
1262 1922 1364 1959 navis,
1381 1932 1450 1962 quae
1466 1933 1534 1953 cum
1550 1922 1653 1952 Panti-

173 1982 280 2013 capaeo
304 1975 517 2004 Tbeudosiam
533 1975 710 2010 veheretur,
727 1975 915 2014 imposuisse
940 1974 1167 2015 Apollodorum
1189 1975 1220 2004 in
1245 1984 1312 2004 eam
1336 1975 1472 2004 lanarum
1491 1985 1546 2004 vas
1563 1984 1654 2004 unum

173 2027 265 2064 atque
280 2025 420 2061 alterum,
437 2030 468 2055 et
483 2026 738 2056 salsamentorum
755 2036 830 2055 vasa
846 2026 989 2056 undecim
1002 2032 1053 2055 aut
1069 2025 1249 2061 duodecim,
1267 2032 1298 2056 et
1314 2025 1507 2065 capr-inarum
1524 2025 1651 2064 pellium

172 2074 342 2106 fasciculos
358 2076 437 2106 duos
453 2081 506 2106 aut
520 2081 595 2112 tres,
616 2081 830 2116 praetereaque
859 2077 944 2106 nihil.
992 2077 1111 2106 Praeter
1128 2077 1182 2106 lios
1208 2076 1314 2106 testati
1341 2080 1411 2106 sunt
1437 2087 1476 2105 ex
1505 2076 1575 2106 aliis
1601 2086 1653 2105 au-

172 2127 258 2157 disse
275 2138 308 2157 se
324 2128 431 2157 eadem
449 2128 636 2167 Euphiletus
651 2128 818 2158 Damotimi
835 2128 871 2157 F.
890 2128 1095 2167 Aphidmeus,
1115 2127 1262 2167 Hippens
1278 2127 1445 2157 Timoxeni
1461 2128 1495 2157 F.
1508 2128 1651 2166 Thymae-

171 2177 273 2212 tudes,
289 2178 447 2208 Sostratus
461 2178 606 2218 Philippi
625 2179 663 2208 F.
679 2178 845 2213 Histiaeus,
863 2178 1103 2208 Archenomides
1124 2179 1277 2208 Stratonis
1294 2178 1331 2207 F.
1349 2177 1522 2215 Thriasius,
1539 2178 1649 2210 Philti-

172 2229 247 2259 ades
262 2229 408 2260 Ctesiclis
424 2230 462 2260 F.
480 2231 670 2269 Xypetaeon.

172 2321 343 2361 Istorum
363 2323 481 2374 igitur
498 2322 700 2362 hominurn
721 2328 832 2361 tanta
846 2329 906 2361 est
925 2322 1192 2375 impudentia:
1222 2335 1292 2360 vos
1315 2328 1459 2367 autem,
1476 2323 1499 2360 J
1506 2322 1649 2372 udices,

169 2383 241 2436 ipsi
260 2385 432 2436 cogitate
449 2399 540 2424 cum
562 2384 701 2423 animis
722 2384 876 2432 vestris,
896 2398 991 2422 num
1012 2397 1111 2436 quos
1133 2398 1307 2436 unquam
1330 2385 1462 2423 sciatis
1491 2393 1559 2424 aut
1580 2399 1648 2425 au-

169 2447 316 2487 dieritis
337 2462 358 2487 e
378 2447 507 2489 Panto
527 2448 660 2487 vinum
686 2448 862 2487 Athenas
891 2448 1119 2501 negotiandi
1139 2460 1260 2487 causa
1279 2449 1525 2500 importasse,
1549 2461 1648 2499 prae-

170 2509 303 2549 sertim
333 2511 475 2549 Coum.
533 2510 637 2548 Nam
669 2517 807 2549 contra
839 2511 969 2563 potius
999 2511 1038 2549 in
1071 2510 1242 2549 Pontum
1278 2509 1473 2548 invehitur
1500 2523 1520 2548 e
1553 2509 1648 2548 locis

168 2572 280 2611 nobis
294 2572 481 2620 finitimis,
498 2586 519 2611 e
535 2572 770 2625 Peparetho,
793 2580 833 2611 et
856 2574 928 2620 Co,
949 2580 989 2611 et
998 2573 1201 2620 Thasium,
1222 2579 1261 2612 et
1275 2571 1519 2619 Mendaeum,
1540 2579 1579 2610 et
1598 2585 1646 2610 ex

166 2634 253 2673 aliis
272 2634 508 2686 quibusdam
535 2633 687 2686 oppidis
718 2635 845 2674 omnis
875 2636 1048 2687 generis:
1078 2648 1099 2673 e
1129 2634 1257 2674 Ponto
1289 2641 1418 2673 autem
1439 2633 1514 2671 alia
1539 2647 1647 2684 quae-

169 2695 259 2735 dam
278 2703 382 2744 sunt,
401 2710 490 2749 quae
503 2696 582 2735 huc
602 2696 879 2748 importentur.

220 2759 259 2798 9.
290 2759 391 2797 Cum
410 2772 502 2798 vero
522 2771 595 2797 nos
616 2772 685 2797 eos
705 2759 969 2798 detineremus
989 2766 1029 2798 et
1054 2759 1351 2811 inquireremus,
1371 2756 1549 2807 nunquid
1578 2771 1646 2809 pe-

168 2819 294 2858 cuniae
321 2820 499 2860 Ponticae
529 2821 729 2868 evasisset,
757 2821 958 2874 respondit
981 2821 1156 2861 Lacritus
1184 2822 1272 2867 iste,
1293 2825 1451 2858 centum
1482 2824 1646 2858 stateres

145 2890 149 2898 ’
170 2881 385 2934 Cyzicenos
404 2882 590 2931 evasisse,
619 2890 658 2922 et
677 2883 717 2921 id
736 2896 872 2922 aurum
894 2884 1050 2922 fratrem
1087 2896 1200 2922 suum
1232 2888 1436 2920 mutuasse
1457 2881 1496 2918 in
1517 2879 1646 2921 Ponto

168 2943 404 2983 naviculario
424 2944 581 2984 cuidam
602 2944 811 2984 Phaselitae
831 2946 905 2984 civi
937 2952 976 2985 et
995 2945 1174 2984 familiari
1204 2957 1291 2992 suo,
1312 2955 1441 2994 neque
1472 2945 1645 2995 potuisse

167 3017 409 3057 recuperare.
428 3006 499 3045 sed
525 3006 607 3045 fere
626 3006 668 3046 id
685 3020 838 3057 quoque
866 3007 1040 3058 periisse.
1099 3006 1197 3045 Haec
1229 3012 1321 3045 sunt
1352 3018 1441 3056 quae
1471 3004 1645 3044 Lacritus
