1965 3356
172 464 570 507 ARGUMENTUM
601 462 898 501 ORATIONIS
929 461 1223 499 ADVERSUS
1254 459 1597 499 LEOCHAREM

438 549 440 551 ·
646 524 719 562 DE
742 522 1125 561 HAEREDITATE.

187 627 378 655 AncmAnA
394 624 459 654 sine
469 623 575 653 liberis
586 623 741 659 defuncto,
752 623 916 652 Leocrates
927 622 1138 652 haereditatem
1148 620 1242 661 cepit,
1255 621 1337 660 quod
1351 624 1381 650 et
1395 626 1540 660 cognatus
1550 623 1616 660 ejus

159 680 253 710 esset,
267 680 298 705 ot
321 686 354 705 se
381 675 418 705 ab
433 674 587 704 Archiada
604 673 783 713 adoptatum
800 684 868 703 esse
885 673 1012 704 «liceret.
1058 674 1105 704 Ac
1131 674 1167 703 ad
1192 678 1312 712 tempus
1337 683 1403 703 eam
1426 672 1494 712 ipse
1509 674 1616 703 tenuit.

159 727 281 757 Deinde
292 726 353 756 filio
364 736 421 756 suo
437 726 597 755 Leostrato
610 735 665 754 suo
677 724 746 755 loco
760 724 924 754 Archiadae
938 725 1096 765 adoptato,
1111 724 1226 754 familia
1237 715 1330 760 cedit,
1343 724 1415 753 etin
1428 733 1510 753 suam
1528 724 1621 765 redit,

157 779 245 818 qnasi
261 789 296 808 ea
307 789 357 809 res
373 778 442 817 lege
457 777 575 807 liceret.
597 777 684 807 Idem
699 777 773 806 fecit
788 776 878 807 etiam
895 777 1085 813 Leostratns,
1096 781 1126 807 et
1145 784 1202 816 pro
1224 786 1257 805 se
1278 776 1309 805 in
1321 774 1484 805 Archiadae
1504 775 1619 804 familia

157 831 266 861 relicto
282 830 344 860 filio
357 829 475 859 nomine
493 830 654 864 Leocrate,
668 828 778 868 ipsein
793 828 841 857 sui
855 828 1002 858 naturalis
1015 828 1112 868 patris
1128 827 1273 858 familiam
1289 826 1391 856 rediit.
1437 827 1619 856 Postremus

156 880 251 920 igitur
275 880 325 910 hic
351 881 514 911 Leocrates
538 879 701 910 Archiadae
718 879 882 919 adoptatus
906 881 997 909 orbus
1016 879 1150 910 decessit
1163 890 1170 908 z
1195 880 1283 917 cujus
1310 877 1520 908 haereditatem
1542 876 1622 907 adiit

157 932 383 966 Aristodemus,
394 941 534 960 asserens
554 941 587 960 se
599 941 708 970 genere
722 931 896 970 proximum
909 941 976 961 esse
986 931 1160 966 Archiadae,
1177 929 1265 971 cujus
1281 930 1318 959 ab
1333 929 1420 959 initio
1445 929 1498 958 illa
1517 928 1622 964 suerit,

157 987 190 1013 et
203 985 331 1022 propter
344 981 433 1011 illum
448 981 588 1011 Leocrati
602 986 757 1021 postremo
774 982 997 1020 adoptivorum.
1045 983 1216 1026 Leochares
1233 986 1345 1017 autem,
1362 980 1500 1011 defuncti
1517 981 1620 1015 frater,

160 1035 198 1064 de
214 1035 391 1065 baereditate
404 1034 602 1070 contendens,
619 1035 648 1064 in
665 1035 773 1074 primis
795 1035 847 1065 ille
863 1036 986 1074 quidem
1004 1036 1168 1074 adoptione
1185 1035 1301 1071 nititur,
1314 1040 1348 1065 nt
1363 1034 1446 1064 filius
1463 1033 1621 1064 Leocratis

161 1086 358 1126 adoptativus
372 1097 379 1115 τ
404 1086 458 1115 sed
473 1091 572 1116 tamen
588 1086 679 1116 etiam
694 1097 726 1116 se
741 1086 900 1116 Archiadae
914 1077 1076 1126 cognatum
1093 1097 1163 1116 esse
1179 1086 1300 1116 asserit.
1330 1086 1364 1115 Is
1381 1096 1466 1121 vero,
1483 1085 1534 1124 qui
1550 1084 1624 1115 Ari-

159 1139 329 1169 stodemum
354 1139 501 1175 defendit,
518 1140 638 1178 generis
658 1140 916 1178 propinquitatem
934 1140 1132 1170 Aristodemo
1147 1140 1221 1170 dare
1244 1139 1463 1175 haereditatem,
1482 1139 1621 1178 adoptio-

160 1200 230 1219 nem
251 1193 351 1219 autem
371 1190 607 1219 commentitiam
626 1200 694 1219 esse
711 1190 847 1220 affirmat.
894 1192 1003 1230 Neque
1020 1192 1100 1221 enim
1117 1192 1234 1226 vivens,
1251 1191 1362 1230 inquit,
1378 1192 1544 1221 Leocrates
1561 1191 1621 1220 sibi

159 1241 349 1271 Leocharem
364 1241 535 1281 adoptavit,
551 1245 585 1271 ut
601 1241 687 1281 leges
704 1242 899 1281 praecipiunt,
916 1243 971 1272 sed
988 1243 1042 1272 sub
1061 1245 1127 1281 ejus
1144 1243 1261 1272 obitum
1279 1248 1311 1272 ut
1327 1253 1381 1272 nos
1398 1242 1485 1272 bouis
1498 1241 1620 1272 frauda-

159 1302 260 1323 remur
270 1298 377 1323 contra
387 1292 472 1332 leges
489 1293 568 1323 facta
578 1297 626 1323 est
641 1293 777 1332 adoptio.
824 1293 1000 1324 Orationem
1012 1294 1104 1324 habet
1114 1293 1302 1325 Aristodemi
1315 1293 1406 1323 filius.

524 1648 1255 1704 DEMOSTHENIS

412 1800 817 1849 ADVERSUS
878 1798 1370 1849 LEOCHAREM

461 1942 548 1983 DE
581 1941 1025 1984 HAEREDITATE
1056 1939 1319 1983 ORATIO.

217 2060 250 2097 1.
271 2059 423 2098 Cum
443 2059 649 2098 Leocharis
665 2060 720 2105 fit,
735 2059 910 2103 Judices,
931 2064 976 2096 ut
1000 2064 1038 2096 et
1058 2057 1141 2109 ipse
1161 2057 1200 2095 in
1223 2057 1287 2108 jus
1308 2063 1470 2095 vocetur
1490 2064 1529 2094 et
1547 2069 1620 2107 ego

158 2121 387 2160 adolescens
418 2121 522 2172 apud
553 2135 621 2160 vos
654 2122 772 2160 verba
798 2121 952 2167 faciam,
973 2119 1078 2171 quod
1111 2132 1177 2157 eas
1208 2118 1453 2157 haereditates
1484 2131 1622 2169 capere

159 2183 291 2222 studet
306 2196 394 2234 quae
412 2182 506 2220 nihil
525 2183 575 2221 ad
592 2184 719 2235 ipsum
739 2183 921 2227 attinent,
942 2188 981 2220 et
996 2187 1152 2233 propter
1173 2194 1238 2219 eas
1268 2180 1368 2218 falso
1393 2179 1496 2231 apud
1522 2192 1622 2230 prae-

158 2251 282 2286 torem
307 2245 531 2283 testificatus
562 2251 634 2284 est.
693 2245 816 2283 Nobis
837 2244 940 2282 enim
968 2256 1131 2282 necesse
1160 2243 1246 2289 fuit,
1274 2255 1363 2280 cum
1390 2242 1453 2280 lex
1481 2255 1622 2293 genere

158 2306 340 2358 proximis
365 2307 659 2359 propinquitatis
686 2310 752 2356 jus
781 2307 938 2352 tribuat,
963 2313 1006 2343 ut
1034 2305 1241 2344 Archiadae
1273 2305 1453 2355 cognatis
1484 2304 1549 2355 qui
1573 2304 1621 2341 ab

158 2367 266 2406 initio
284 2368 549 2407 haereditatem
569 2368 734 2419 reliquit,
756 2381 904 2413 cavere,
934 2381 983 2406 ne
1011 2367 1073 2406 vel
1093 2367 1177 2418 ejus
1192 2367 1336 2405 familia
1356 2366 1622 2417 exstinguere-

159 2436 236 2476 tur,
258 2431 319 2468 vel
337 2430 546 2469 haereditas
567 2431 617 2469 ad
636 2445 701 2470 eos
718 2431 999 2477 devolveretur,
1020 2430 1070 2468 ad
1096 2443 1194 2481 quos
1215 2430 1369 2468 minime
1389 2429 1620 2480 pertineret:

159 2492 232 2531 iste
245 2501 376 2531 autem
388 2507 478 2532 cum
497 2506 569 2532 nec
591 2507 733 2545 genere
753 2494 802 2532 sit
820 2493 997 2532 defuncti
1016 2492 1129 2538 filius,
1145 2506 1218 2531 nec
1234 2492 1384 2543 legibus
1400 2491 1622 2542 adoptatus,

158 2561 204 2593 ut
231 2568 305 2606 ego
329 2556 547 2604 ostendam,
566 2556 664 2595 adeo
683 2565 825 2595 temere
846 2555 988 2594 falsum
1009 2554 1240 2593 testificatus
1269 2561 1343 2599 est,
1363 2561 1403 2592 et
1422 2554 1530 2592 nobis
1549 2552 1622 2589 eri-

160 2617 244 2668 puit
262 2617 541 2658 haereditate-m.
600 2618 680 2657 Oro
711 2626 842 2657 autern
861 2631 943 2664 vos,
965 2617 1139 2665 Judices,
1160 2624 1204 2655 ut
1232 2624 1270 2655 et
1298 2616 1398 2668 patri
1421 2615 1511 2652 huic
1535 2627 1621 2661 meo

160 2685 200 2716 et
219 2678 310 2717 mihi
327 2692 440 2731 opem
461 2680 606 2728 feratis,
627 2680 655 2718 si
677 2694 764 2732 quae
783 2694 897 2732 aequa
918 2687 1008 2718 sunt
1027 2679 1249 2726 dixerimus,
1270 2692 1394 2730 neque
1414 2677 1621 2729 negligatis

160 2738 335 2779 homines
353 2754 558 2794 pauperes,
575 2749 614 2780 et
632 2743 783 2794 inopes,
797 2749 836 2781 et
849 2732 981 2794 iniqua
998 2742 1166 2782 factione
1181 2748 1384 2794 potentum
1399 2752 1621 2791 oppressos.

214 2803 253 2840 2.
274 2802 359 2841 Nos
377 2804 479 2842 enim
498 2805 659 2843 veritate
678 2802 768 2844 freti
785 2804 861 2843 huc
881 2805 1044 2857 ingressi
1064 2818 1208 2851 sumus,
1224 2806 1322 2842 bene
1342 2802 1404 2853 agi
1420 2800 1622 2839 nobiscum

162 2868 342 2913 putantes
366 2865 397 2903 si
418 2865 505 2917 quis
531 2879 602 2905 nos
627 2867 701 2905 frui
730 2866 863 2919 legum
889 2869 1076 2920 praesidiis
1103 2867 1295 2920 patiatur:
1325 2865 1386 2903 isti
1414 2872 1542 2902 autem
1563 2864 1620 2902 fa-

159 2924 351 2964 ctionibus
379 2934 417 2966 et
441 2928 710 2980 largitionibus
732 2930 801 2968 niti
817 2945 896 2970 non
917 2930 1159 2969 destiterunt.
1206 2928 1342 2979 Neque
1364 2940 1451 2965 vero
1471 2927 1620 2964 mirum.

162 2986 222 3024 De.
253 2986 379 3026 alieno
407 2990 509 3028 enim
539 2999 714 3043 sumptus
750 2993 855 3032 haud
886 3000 1044 3043 gravate
1076 2992 1244 3035 faciunt;
1274 2989 1434 3042 proinde
1465 2996 1505 3027 et
1540 3001 1619 3026 suae
