1965 3356
617 220 677 259 IN
708 218 1041 259 STEPHANUM
1071 218 1127 255 11.
1520 219 1592 256 651

813 349 928 387 LEX.

184 428 363 460 Adversarii
375 428 548 459 necessario
563 428 640 459 alter
655 426 782 458 alterius
797 426 994 467 interrogatis
1009 426 1224 466 respondeant,
1241 436 1298 455 uon
1314 426 1527 458 testificentur.

197 507 234 542 7.
266 505 432 544 Proinde
464 504 704 544 considerate
737 504 864 554 legem
891 503 1007 549 hanc,
1028 516 1115 553 quae
1144 501 1247 540 salso
1275 503 1491 541 testimonio
1525 504 1591 541 ob-

139 567 274 605 noxios
293 580 377 606 esse
389 567 514 619 jubet,
540 566 656 618 idque
679 566 729 605 ob
761 564 857 603 illud
887 564 1028 617 ipsum,
1059 563 1166 615 quod
1183 564 1436 602 testificentur
1462 572 1596 604 contra

139 627 280 679 legem.

800 714 926 752 LEX.

179 793 329 824 Teneatur
349 793 438 825 etiam
453 793 521 824 falsi
536 793 704 825 testimonii
720 792 748 824 is
760 793 812 834 qui
827 794 1008 824 testificatus
1023 797 1070 823 est
1086 793 1124 823 ob
1135 783 1193 823 h'oo
1209 791 1320 833 ipsum,
1333 791 1413 832 qnod
1429 795 1532 822 contra
1549 790 1593 821 le—

136 854 204 883 gem
218 845 415 875 testifieatur:
440 850 472 875 et
484 846 511 877 is
527 845 580 885 qui
597 855 666 876 eum
681 845 826 886 producit
842 845 951 875 eodem
967 844 1071 874 modo.

191 921 228 958 8.
256 921 342 959 Jam
363 927 403 960 et
421 934 442 959 e
466 921 607 960 tabulis
627 921 790 973 intelligi
811 927 955 973 potest,
981 922 1018 958 in
1040 921 1180 972 quibus
1201 920 1386 971 scriptum
1404 926 1463 958 est
1485 919 1593 957 testi-

133 982 319 1029 monium,
345 996 432 1021 eum
447 983 533 1022 haec
552 983 652 1022 falso
673 997 756 1022 esse
783 983 1049 1021 testificatum:
1081 995 1170 1020 nam
1192 988 1230 1019 et
1255 982 1474 1020 candidatae
1504 988 1594 1019 sunt

135 1053 176 1082 et
194 1044 298 1083 domi
315 1045 571 1084 concinnatae.
628 1045 820 1084 Convenit
841 1052 975 1083 autem
1000 1043 1046 1082 iis
1074 1043 1137 1095 qui
1160 1057 1218 1082 res
1240 1044 1363 1082 factas
1382 1043 1594 1082 testifican—

132 1112 207 1153 tur,
229 1107 409 1146 confecta
425 1107 646 1146 testimonia
665 1107 780 1145 domo
800 1106 951 1145 afferre:
967 1119 1032 1144 eos
1053 1119 1142 1144 vero
1155 1105 1222 1156 qui
1242 1105 1291 1143 de
1311 1105 1591 1157 provocationi-

133 1158 504 1214 bus'testifieantur,
529 1183 618 1207 cum
636 1169 792 1208 fortuito
813 1169 1048 1207 adstiterunt
1074 1168 1214 1206 ceratis
1246 1168 1455 1206 inscribere
1482 1169 1592 1207 testi·

129 1230 321 1274 monium;
345 1237 402 1278 ut,
417 1230 448 1268 si
467 1230 562 1282 quid
579 1231 798 1269 adscribere
811 1230 872 1268 vel
893 1229 1022 1268 delere
1038 1229 1243 1276 voluerint,
1261 1229 1374 1268 facile
1394 1230 1556 1280 possint.
1618 1226 1623 1230 “

185 1293 223 1329 9.
245 1291 413 1331 Proinde
435 1293 520 1331 haec
539 1292 668 1331 omnia
687 1292 901 1332 ostendunt
933 1304 1020 1330 eum
1046 1291 1147 1330 falsa
1175 1304 1262 1330 esse
1282 1291 1533 1330 testificatum
1553 1299 1592 1330 et

131 1362 267 1393 contra
277 1355 424 1407 legem:
437 1355 525 1395 volo
540 1362 668 1394 autem
679 1356 788 1394 vobis
808 1363 847 1394 et
864 1355 940 1393 hoc
956 1355 1083 1406 ipsum
1097 1354 1317 1402 ostendere,
1331 1367 1456 1406 neque
1470 1354 1592 1393 ullum

130 1417 267 1456 fecisse
298 1423 574 1456 testamentum
598 1424 746 1470 patrem
780 1424 970 1464 nostrum,
990 1429 1118 1468 neque
1149 1416 1256 1468 leges
1288 1417 1329 1455 id
1357 1417 1591 1468 permittere.

132 1479 174 1517 Si
194 1479 278 1530 quis
298 1479 400 1518 enim
426 1492 496 1519 vos
515 1486 639 1531 roget,
668 1479 807 1531 quibus
829 1479 978 1531 legibus
1004 1479 1118 1517 nobis
1144 1478 1181 1516 in
1208 1477 1363 1517 civitate
1384 1478 1591 1517 vivendum

130 1541 194 1589 sit,
213 1541 392 1594 receptis,
412 1541 504 1580 satis
523 1542 618 1589 scio,
645 1541 942 1594 respondebitis.
1000 1541 1125 1592 Leges
1146 1547 1275 1580 autem
1294 1547 1440 1587 vetant,
1462 1540 1590 1592 legem

129 1604 229 1642 ferre
247 1603 296 1642 de.
321 1617 399 1643 uno
426 1604 524 1650 viro,
551 1603 627 1643 nisi
653 1604 790 1643 eadem
820 1604 965 1642 feratur
989 1603 1039 1642 de
1070 1602 1258 1642 universis
1279 1602 1590 1641 Atheniensibus.

129 1667 234 1705 Haec
262 1666 379 1718 igitur
413 1667 476 1705 lex
500 1666 639 1705 iisdem
667 1666 796 1705 vivere
830 1666 982 1717 legibus
1005 1678 1078 1705 nos
1101 1666 1227 1717 jubet,
1247 1677 1325 1703 non
1355 1664 1451 1703 alios
1477 1665 1589 1704 aliis:

128 1736 242 1780 pater
266 1735 394 1767 autem
420 1728 515 1767 obiit
535 1728 749 1781 Dyscineto
774 1734 966 1781 praetore;
989 1727 1171 1766 Phormio
1191 1726 1445 1766 Atheniensis
1461 1728 1587 1766 factus

128 1798 202 1837 est,
213 1790 457 1842 Nicophemo
471 1790 810 1842 praetore‚decimo
824 1796 915 1842 post
934 1803 1048 1835 anno,
1070 1802 1187 1841 quam
1206 1795 1316 1840 pater
1334 1795 1466 1827 noster
1479 1788 1587 1827 obiit.

128 1853 206 1898 Qui
219 1852 333 1904 igitur
349 1859 470 1905 pater,
486 1852 669 1904 ignorans
688 1864 777 1890 eum
796 1852 876 1890 fore
890 1851 1182 1898 Atheniensem,
1197 1857 1236 1889 et
1253 1863 1412 1889 uxorem
1427 1851 1462 1888 ei
1477 1863 1587 1888 suam

126 1916 313 1962 dedisset,
332 1922 373 1954 et
390 1915 502 1954 nobis
527 1914 807 1953 contumeliose
839 1914 1075 1960 insultasset,
1098 1920 1137 1952 et
1164 1911 1396 1951 beneficium
1426 1925 1448 1949 a
1479 1911 1588 1950 vobis

126 1984 329 2029 acceptum
345 1976 660 2029 contempsisset,
683 1982 724 2015 et
747 1977 856 2028 leges
877 1976 990 2015 etiam
1019 1972 1293 2028 despexisset?
1335 1973 1477 2013 Utrum
1496 1985 1587 2012 vero

123 2040 325 2079 honestius
344 2041 388 2086 ‚ei
415 2040 568 2086 fuisset,
594 2039 737 2078 viventi
764 2039 850 2078 haec
869 2040 1011 2087 facere,
1045 2039 1078 2078 si
1094 2038 1294 2085 voluisset,
1314 2050 1364 2076 an
1384 2037 1585 2083 defuncto,

125 2107 400 2140 testamentum
421 2102 639 2154 relinquere
660 2101 773 2154 cujus
798 2101 1009 2141 factionem
1039 2114 1118 2140 non
1145 2100 1352 2139 habebat?
1394 2099 1473 2138 Sed
1491 2099 1585 2151 ipsis

124 2164 276 2215 legibus
295 2163 448 2213 auditis,
468 2162 725 2216 cognoscetis,
745 2176 833 2202 eum
854 2163 1049 2203 condendi
1068 2162 1293 2203 testamenti
1318 2163 1382 2215 jus
1410 2174 1488 2200 non
1513 2160 1583 2201 ha-

126 2225 272 2265 buisse.

790 2315 919 2354 LEX.

162 2393 346 2434 Quicunque
361 2404 420 2425 nou
436 2393 548 2425 ndseiti
563 2394 692 2432 fuerant,
707 2399 742 2426 ut
760 2405 860 2434 neque
884 2393 1057 2424 renunciari
1073 2392 1130 2429 eis,
1142 2403 1200 2424 nee
1216 2393 1285 2432 lege
1298 2393 1329 2423 in
1344 2402 1399 2423 eos
1409 2390 1586 2432 agiliceret,

124 2454 191 2474 cum
208 2445 301 2475 Solon
316 2445 526 2485 magistratum
551 2444 654 2481 iniret,
669 2445 714 2475 eis
739 2455 793 2475 sua
820 2445 922 2485 legare
946 2455 1001 2474 suo
1024 2444 1171 2474 arbitratu
1192 2443 1297 2480 liceat,
1312 2443 1370 2473 nisi
1387 2443 1500 2473 liberos
1516 2452 1585 2481 ger-

124 2505 228 2526 manos
243 2505 341 2526 mares
358 2496 531 2533 habuerint,
547 2495 608 2526 nisi
629 2495 700 2536 quis
716 2496 810 2526 suerit
825 2496 926 2526 furore
941 2495 1088 2535 percitus,
1105 2499 1157 2525 aut
1177 2499 1346 2531 senectute,
1361 2498 1413 2524 aut
1427 2492 1588 2528 veneficio,

122 2551 176 2576 aut
187 2548 294 2577 morbo
309 2547 509 2587 praepeditus,
533 2552 586 2577 aut
601 2558 619 2578 a
632 2546 762 2578 muliere
780 2547 943 2587 impulsus,
961 2546 1043 2587 [aut]
1060 2556 1162 2576 earum
1181 2556 1284 2576 rerum
1300 2545 1403 2586 aliqua
1418 2554 1486 2585 quae
1509 2542 1587 2582 legi-

122 2597 181 2628 bus
194 2597 366 2630 interdictae
383 2604 466 2636 sunt,
481 2603 534 2629 aut
544 2592 739 2635 necessitate,
755 2605 807 2629 aut
820 2598 953 2629 vinculis
965 2598 1203 2628 circumventus.

181 2675 242 2713 10.
271 2675 422 2727 Legem
435 2675 651 2724 audivistis,
665 2689 751 2727 quae
765 2681 998 2714 testamenta
1013 2674 1182 2713 condere
1203 2686 1279 2712 non
1299 2673 1402 2719 sinit,
1423 2671 1454 2710 si
1474 2671 1582 2709 liberi

123 2733 200 2773 sint
214 2738 407 2787 germani:
435 2737 497 2776 isti
529 2750 618 2776 vero
647 2750 735 2775 cum
767 2736 900 2775 dicant
922 2737 1008 2775 haec
1027 2743 1210 2774 testatum
1240 2748 1326 2773 esse
1358 2740 1521 2785 patrem,
1541 2745 1584 2771 se

123 2795 340 2836 interfuisse
356 2798 560 2837 ostendere
581 2810 659 2837 non
679 2804 856 2850 possunt.
915 2797 990 2836 Est
1008 2804 1048 2835 et
1065 2797 1160 2835 illud
1187 2796 1431 2835 considerare
1457 2807 1585 2846 operae

123 2857 300 2908 pretium,
319 2860 386 2911 qui
415 2874 494 2899 non
522 2860 663 2899 adsciti
682 2860 838 2907 fuerint,
861 2859 932 2898 sed
957 2859 1130 2911 germani
1148 2859 1225 2896 sint
1249 2858 1343 2904 nati,
1362 2856 1435 2894 illis
1455 2855 1585 2907 largiri

124 2919 265 2970 legem,
285 2919 316 2959 si
333 2921 415 2959 orbi
434 2922 524 2970 sint,
543 2929 588 2961 ut
607 2935 678 2962 sua
695 2921 840 2974 legent.
898 2921 950 2960 At
968 2927 1078 2973 pater
1096 2927 1230 2959 noster
1250 2933 1274 2958 a
1290 2918 1436 2971 populo
1456 2917 1584 2957 adsci-

124 2987 186 3020 tus
215 2981 287 3020 fuit
322 2982 361 3020 in
400 2982 605 3023 civitatem.
644 2984 775 3028 Quare
806 2997 854 3022 nc
879 2997 925 3022 ea
958 2983 1113 3035 quidem
1142 2982 1287 3022 ratione
1314 2980 1422 3020 licuit
1455 2980 1488 3019 ei
1527 2988 1585 3018 te-
