1915 3356
662 183 721 221 IN
752 181 1206 221 CTESIPHONTEM.
1616 182 1666 219 99

197 288 332 325 barum
352 287 544 340 principes
561 287 766 326 imminens
779 287 861 338 jam
877 285 1092 338 periculum
1109 285 1582 335 reformidarent—neque
1603 285 1662 321 in-

186 348 313 398 juria:
343 362 422 387 non
442 349 545 387 enim
565 362 632 387 eos
661 356 788 387 orator
819 349 961 386 militiae
990 346 1096 384 rudis
1122 347 1345 397 ordinisque
1378 346 1550 384 desertor
1578 358 1662 383 mo-

193 417 343 457 nuerat,
365 411 435 449 sed
450 410 655 448 Phocense
671 411 764 448 illud
781 408 994 448 decennale
1010 408 1155 446 bellum
1175 415 1361 446 aeternum
1381 407 1517 447 animis
1539 408 1659 446 docu-

192 478 366 510 mentum
398 473 642 519 infixerat—‚
670 484 756 509 cum
777 471 862 508 haec
892 470 1008 522 igitur
1036 469 1089 507 ita
1108 481 1150 506 se
1169 469 1368 517 haberent,
1388 482 1555 520 cumque
1576 469 1658 507 ani-

191 533 451 572 madverteret
476 547 523 572 ea
552 532 854 579 Demosthenes,
874 545 920 570 ac
939 532 1202 582 suspicaretur
1223 530 1445 568 Boeotorum
1465 530 1659 582 principes

188 608 324 645 pacem
345 595 521 647 privatim
543 595 726 641 coituros,
747 607 841 632 auro
863 594 943 632 sine
965 608 1006 632 se
1027 607 1049 631 a
1069 593 1252 644 Philippo
1278 600 1453 643 accepto,
1480 607 1559 631 non
1589 593 1658 630 sibi

189 656 398 695 vivendum
418 657 637 702 arbitratus,
667 657 698 694 si
718 670 795 707 qua
823 656 1038 708 largitionis
1068 655 1257 693 societate
1278 654 1563 699 excluderetur,
1599 668 1657 691 re-

190 725 306 769 pente
325 719 366 755 in
385 718 612 756 concionem
633 717 807 769 prosiliit,
828 724 867 756 et
886 731 1012 769 neque
1034 717 1188 755 dicente
1209 729 1405 766 quoquam
1425 715 1658 761 mortalium,

188 792 324 830 pacem
345 792 434 817 cum
454 779 636 830 Philippo
656 780 782 817 facere
802 786 992 830 oportere,
1013 792 1140 829 neque
1159 784 1341 828 negante,
1371 776 1440 814 sed
1460 775 1551 826 quia
1569 789 1659 813 cen-

191 847 293 878 seret
311 853 352 878 se
368 840 442 879 hoc
459 841 581 879 veluti
612 841 806 892 praeconio
828 841 1050 878 Boeotorum
1073 830 1311 891 principibus
1331 839 1453 876 multo
1483 844 1572 876 ante
1593 836 1661 874 de-

190 901 382 948 nuntiare,
403 909 448 940 ut
478 915 612 940 secum
631 903 776 952 praedae
796 909 921 953 captae
940 909 1091 953 partem
1116 901 1463 945 communicarent,
1484 914 1552 951 per
1582 900 1660 937 Mi-

190 976 346 1001 nervam
361 963 530 1014 jurabat,
546 976 659 1014 quam
681 963 829 1001 scilicet
846 976 891 1001 eo
905 963 1117 1001 fabricatus
1138 969 1198 1001 est
1214 962 1373 1000 Phidias
1392 969 1436 999 ut
1450 961 1537 999 inde
1553 974 1659 1011 quae-

190 1031 291 1062 stum
312 1025 456 1063 faceret
469 1031 508 1062 et
527 1025 717 1076 pejeraret
733 1024 1037 1071 Demosthenes,
1053 1026 1084 1062 si
1105 1024 1190 1075 quis
1206 1037 1343 1075 pacem
1357 1037 1441 1062 esse
1458 1036 1546 1061 cum
1567 1023 1659 1059 Phi-

186 1085 293 1137 lippo
311 1087 529 1124 faciendam
558 1086 715 1133 diceret,
736 1100 777 1124 se
806 1100 893 1125 eum
920 1086 1071 1139 capillis
1093 1094 1288 1138 arreptum
1315 1086 1354 1123 in
1375 1099 1569 1124 carcerem
1591 1086 1658 1123 ab·

187 1147 407 1193 ducturum,
439 1148 694 1200 Cleophontis
728 1149 900 1186 imitatus
930 1149 966 1186 in
1000 1148 1308 1186 administranda
1340 1161 1420 1199 rep.
1457 1148 1658 1193 rationem,

186 1209 251 1260 qui
269 1210 374 1248 bello
394 1210 689 1248 Lacedaemonio
710 1210 905 1248 civitatem
925 1210 1065 1248 dicitur
1083 1210 1313 1261 perdidisse.
1344 1210 1421 1247 Sed
1442 1222 1527 1247 cum
1554 1209 1659 1246 The-

186 1272 374 1309 banorum
412 1272 606 1323 principes
645 1272 680 1310 ei
717 1285 794 1310 non
829 1272 1088 1319 attenderent,
1127 1272 1349 1323 militesque
1394 1279 1546 1309 vestros
1578 1275 1660 1319 jam

188 1345 366 1384 egressos
386 1333 642 1379 remisissent,
662 1340 706 1371 ut
725 1347 795 1371 vos
816 1334 864 1371 de
884 1346 982 1384 pace
1001 1334 1292 1381 consultaretis,
1310 1334 1362 1371 ibi
1381 1347 1474 1371 vero
1503 1334 1660 1371 omnino

187 1408 326 1433 amens
343 1396 479 1442 evasit,
499 1401 538 1433 et
555 1408 776 1434 conscenso
802 1402 993 1446 suggestu
1025 1395 1250 1433 Boeotorum
1278 1395 1473 1446 principes
1494 1395 1659 1432 Graeciae

186 1457 402 1508 proditores
431 1457 652 1508 appellavit,
675 1457 894 1508 scitumque
916 1470 956 1494 se
976 1458 1170 1495 facturum
1193 1457 1289 1494 dixit
1312 1458 1344 1494 is
1365 1457 1429 1507 qui
1458 1469 1658 1507 nunquam

188 1518 341 1556 hostem
367 1519 483 1556 rectis
502 1518 624 1556 oculis
643 1518 806 1556 intuitus
825 1524 899 1563 est,
929 1525 971 1555 ut
995 1531 1065 1560 vos
1086 1518 1237 1568 legatos
1258 1517 1412 1556 Thebas
1441 1517 1660 1563 mitteretis,

187 1580 254 1631 qui
275 1593 298 1618 a
318 1580 517 1618 Thebanis
547 1575 751 1617 transitum
768 1568 1028 1630 'postularent
1059 1586 1195 1617 contra
1226 1579 1458 1629 Philippum.
1499 1579 1659 1616 Summo

188 1641 304 1692 igitur
318 1640 467 1692 pudore
484 1640 612 1678 affecti
631 1640 904 1678 Thebanorum
922 1640 1132 1690 principes,
1149 1652 1194 1676 ac
1213 1639 1321 1676 veriti
1336 1653 1384 1677 ne
1402 1653 1532 1677 revera
1549 1639 1659 1677 Grae-

188 1715 321 1740 corum
358 1692 576 1753 proditores
613 1714 700 1739 esse
738 1700 972 1748 viderentur,
1003 1713 1026 1738 a
1056 1713 1153 1751 pace
1186 1700 1443 1747 divertebant,
1473 1708 1589 1751 atque
1609 1701 1659 1740 ad

189 1765 314 1803 aciem
333 1764 597 1803 instruendam
616 1764 886 1815 properabant.

240 1828 307 1865 48.
338 1826 427 1865 Hoc
447 1827 532 1864 loco
553 1825 784 1876 optimorum
818 1824 983 1862 virorum
1018 1825 1240 1863 meminisse
1267 1825 1428 1876 dignum
1460 1833 1530 1871 est,
1560 1839 1659 1877 quos

187 1889 261 1926 iste
282 1901 369 1926 cum
391 1888 508 1926 sacris
529 1900 608 1925 non
629 1886 763 1932 litatis,
785 1900 863 1924 non
894 1886 1171 1934 annuentibus,
1191 1887 1230 1924 in
1250 1894 1424 1938 apertum
1444 1889 1659 1938 pericnlum

188 1950 426 2001 ablegasset,
442 1961 562 1987 ausus
582 1954 654 1994 est,
673 1948 878 1998 fugacibus
908 1954 947 1986 et
965 1947 1042 1986 loci
1063 1948 1323 1986 desertoribus
1344 1948 1510 1998 pedibus
1531 1949 1569 1986 in
1597 1956 1659 1986 tu-

188 2012 336 2049 mulum
363 2017 602 2048 mortuorum
640 2010 866 2055 ascendere,
889 2022 1100 2060 eorumque
1127 2010 1393 2048 fortitudinem
1421 2010 1658 2049 collaudare.

189 2074 226 2111 O
247 2073 298 2111 ad
316 2085 376 2111 res
394 2084 556 2123 magnas
579 2071 778 2122 seriasque
799 2071 972 2122 agendas
1003 2071 1201 2109 hominum
1230 2071 1402 2108 omnium
1425 2071 1658 2119 fufflissirne,

189 2136 240 2174 ad
278 2133 462 2173 orationis
500 2133 778 2172 confidentiam
819 2132 991 2170 omnium
1027 2132 1433 2171 accommodatissime
1452 2137 1459 2170 !
1497 2133 1658 2171 hoccine

188 2209 279 2235 mox
304 2208 419 2248 agere
452 2195 683 2242 contendes,
710 2194 748 2231 in
778 2206 845 2232 ora
874 2194 1034 2231 istorum
1064 2194 1233 2237 intuens,
1266 2193 1406 2232 debere
1434 2200 1472 2231 te
1502 2201 1660 2245 propter

190 2258 355 2297 civitatis
388 2258 629 2296 calamitates
665 2268 810 2295 corona
843 2255 1069 2294 honestari?
1112 2257 1206 2301 Vos,
1243 2256 1273 2294 si
1305 2256 1334 2293 is
1356 2255 1509 2302 dixerit,
1538 2257 1658 2306 patie-

190 2319 295 2367 mini,
314 2331 471 2371 unaque
497 2332 586 2357 cum
607 2318 651 2356 iis
672 2317 738 2368 qui
760 2316 935 2355 defuncti
956 2326 1048 2355 sunt
1067 2324 1197 2356 vestra
1217 2317 1366 2355 scilicet
1387 2317 1660 2355 commonetur

188 2380 403 2420 memoria?
433 2380 582 2419 Adeste
609 2378 701 2416 mihi
721 2377 920 2430 paulisper
944 2379 1097 2425 animis,
1118 2378 1394 2424 Athenienses,
1417 2391 1492 2416 non
1520 2379 1599 2430 jam
1620 2379 1659 2416 in

183 2443 333 2495 judicio
358 2442 427 2481 sed
452 2443 490 2480 in
521 2441 699 2484 theatro;
732 2440 862 2492 ponite
888 2441 997 2479 vobis
1025 2448 1116 2478 ante
1139 2440 1273 2478 oculos
1301 2453 1521 2492 praeconem
1542 2439 1659 2490 prod-

190 2512 344 2544 euntem
390 2502 787 2555 praedicationemque
819 2515 866 2540 ex
897 2502 1103 2554 plebiscito
1136 2502 1346 2548 facturum,
1380 2515 1425 2540 ac
1459 2502 1658 2539 vobiscum

190 2567 447 2612 considerate,
485 2571 612 2602 utrum
649 2563 792 2615 putetis
823 2570 1062 2602 mortuorum
1100 2564 1336 2614 propinquos
1369 2563 1499 2614 plures
1534 2562 1659 2612 lacry-

191 2641 275 2667 mas
314 2628 537 2679 profusuros
571 2627 620 2664 ob
652 2626 929 2676 tragoediarum
966 2625 1192 2676 spectacula
1230 2632 1270 2662 et
1302 2624 1459 2661 acerbos
1499 2623 1659 2661 heroum

191 2703 321 2736 casus,
354 2689 420 2739 qui
439 2700 529 2727 mox
556 2686 594 2725 in
617 2700 772 2725 scenam
792 2686 1072 2738 producentur,
1092 2699 1140 2724 an
1162 2686 1211 2723 ob
1231 2685 1396 2722 civitatis
1417 2685 1659 2734 iniquitatem

191 2759 232 2792 et
254 2750 503 2789 dementiam.
535 2749 632 2793 Quis
654 2748 769 2794 enim,
790 2761 868 2786 non
896 2747 950 2785 vir
970 2747 1085 2785 modo
1107 2747 1286 2791 Graecus,
1308 2746 1377 2783 sed
1396 2745 1456 2782 vcl
1476 2745 1593 2783 homo
1614 2746 1660 2782 li-

191 2813 371 2853 beraliter
402 2810 618 2858 institutus,
639 2824 718 2849 non
738 2811 982 2862 ingemiscat,
1004 2810 1033 2848 si
1073 2809 1165 2846 nihil
1197 2809 1316 2854 aliud,
1336 2808 1431 2845 illud
1463 2808 1597 2846 saltem
1627 2809 1664 2846 in

193 2875 346 2914 theatro
364 2873 602 2919 recordatus,
624 2873 699 2911 hoc
719 2871 916 2923 quondam
937 2870 999 2910 die
1021 2870 1231 2921 tragoedis,
1252 2877 1296 2907 ut
1315 2882 1432 2913 nunc,
1452 2868 1489 2905 in
1509 2882 1666 2908 scenam

197 2934 426 2987 prodituris,
444 2947 520 2986 quo
539 2940 710 2985 tempore
729 2933 866 2972 melius
885 2938 967 2971 erat
980 2939 1129 2971 morata
1149 2931 1280 2969 civitas
1296 2938 1334 2969 et
1350 2929 1569 2969 melioribus
1590 2944 1657 2981 gu-
