1948 3306
344 196 420 232 660
631 195 687 232 IN
720 194 992 233 EVERGUM
1023 194 1095 232 ET
1126 194 1509 233 MNESIBULUM.

344 298 395 336 ad
414 298 650 349 praetorium,
671 299 761 336 dum
781 298 1099 344 introduceretur,
1118 311 1310 349 nusquam
1337 299 1542 350 quicquam
1568 295 1804 337 contradixit

343 360 381 396 in
412 360 574 411 judicio,
609 374 734 411 neque
768 362 949 411 cuiquam
983 360 1088 398 litem
1120 361 1253 407 movit,
1275 373 1399 412 neque
1432 373 1650 411 quenquam
1681 359 1799 398 alium

342 420 484 458 habere
515 434 608 459 vasa
641 422 817 467 asseruit,
839 435 965 471 neque
999 434 1046 459 ea
1070 434 1110 459 se
1135 421 1296 459 reddere
1332 429 1510 473 oportere
1542 422 1709 472 negavit,
1730 419 1800 458 sed

343 489 478 520 contra
498 496 539 520 se
560 484 647 521 ferri
678 484 904 521 sententiam
928 496 1066 533 passus
1087 490 1168 521 est:
1198 496 1328 520 verum
1350 498 1370 521 e
1391 483 1568 534 praetorio
1595 483 1800 533 degressus

343 544 462 582 nihilo
483 546 605 595 magis
637 545 825 588 reddidit;
860 544 928 582 sed
950 544 979 582 si
1000 558 1040 582 se
1062 544 1324 591 subduxisset,
1345 545 1469 582 donec
1490 557 1563 594 ego
1580 557 1668 581 cum
1694 542 1799 580 navi-

341 606 414 644 bus
435 607 618 652 abissem,
640 614 679 644 et
699 620 739 644 se
760 606 796 643 in
818 606 1024 658 praesentia
1045 607 1215 656 quietum
1241 607 1319 644 fore
1340 607 1501 658 putavit,
1521 613 1560 644 et
1580 618 1721 643 moram
1741 604 1799 642 in·
1825 633 1830 644 .

342 674 612 714 tercessnram‚
629 677 666 707 et
691 682 764 714 me,
788 683 874 719 quae
902 669 983 720 ipse
1004 669 1171 706 debebat
1191 677 1442 714 armamenta,
1464 676 1643 707 coactum
1662 668 1704 705 iri
1723 667 1802 706 huc

341 744 534 769 reversum
563 733 709 783 reipub.
741 732 915 778 reddere,
935 738 1004 769 ant
1036 733 1265 778 successori,
1285 732 1349 782 qui
1370 745 1389 770 e
1409 732 1532 770 classe
1557 744 1692 769 navem
1714 743 1800 768 eam

342 794 555 832 sortiretur.
614 794 717 838 Quid
749 795 849 831 enim
881 801 1014 831 contra
1042 794 1147 830 illum
1167 793 1292 831 dicere
1319 794 1544 844 potuissem,
1566 792 1730 831 decretis
1763 797 1802 828 et

338 853 488 904 legibus
505 855 788 900 ostendentem,
805 856 942 893 debere
957 868 1016 892 me
1034 861 1272 892 armamenta
1291 854 1500 893 exhibere?
1529 853 1800 905 Theophemus

339 923 483 963 autem,
502 917 703 968 interjecta
725 931 843 962 mora,
866 917 897 954 si
918 917 1192 967 postulassem,
1210 916 1384 953 dicturus
1406 916 1481 954 fuit
1500 930 1541 954 se
1557 915 1799 958 reddidisse;

340 988 378 1016 et
398 979 456 1017 his
477 980 595 1030 signis
617 980 844 1017 redditionis
865 978 1318 1029 abusurus,temporibus
1337 984 1375 1015 et
1394 978 1652 1015 necessitate:
1673 989 1801 1027 neque

341 1053 401 1078 me
421 1041 480 1079 vel
499 1041 674 1088 stultum,
694 1042 754 1080 vel
785 1041 854 1080 sibi
887 1054 1055 1092 unquam
1084 1041 1250 1077 amicum
1277 1039 1407 1085 fuisse,
1428 1046 1472 1077 ut
1497 1039 1615 1077 ullam
1642 1038 1803 1076 interce-

341 1102 433 1140 dere
452 1116 613 1149 moram,
633 1117 749 1154 quum
770 1110 810 1141 et
827 1103 1017 1140 triremem
1035 1102 1179 1152 reipub.
1201 1101 1442 1146 instruerem,
1460 1107 1498 1138 et
1515 1100 1653 1138 classis
1674 1112 1800 1137 essem

340 1171 506 1211 curator,
527 1158 566 1203 et
584 1165 675 1203 talia
697 1165 850 1203 decreta
870 1165 976 1201 faeta
996 1171 1138 1208 essent,
1158 1169 1196 1200 et
1227 1163 1288 1200 lex
1319 1162 1398 1199 lata
1427 1162 1475 1200 de
1500 1161 1706 1212 exigend0‚
1729 1174 1802 1199 sua

341 1239 459 1264 causa
477 1241 617 1278 passus
639 1240 777 1265 essem.
836 1227 925 1264 Hoc
941 1225 1102 1263 consilio
1116 1224 1387 1275 Theophemus
1403 1229 1485 1261 tum·
1501 1222 1658 1274 quidem
1677 1236 1800 1261 arma-

340 1296 471 1326 menta
490 1302 566 1326 non
585 1289 786 1334 reddebat,
816 1287 885 1326 sed
905 1301 945 1325 se
973 1287 1233 1330 subduxerat3
1264 1293 1354 1337 post
1374 1291 1503 1323 autem
1531 1284 1800 1323 fraudaturum

339 1351 525 1400 putabat:
566 1351 615 1388 ad
649 1346 746 1395 haec,
775 1350 824 1388 ad
850 1349 1123 1398 jusjurandum
1162 1348 1389 1399 confugiens
1421 1347 1534 1385 facile
1564 1350 1800 1398 peJeraturus

339 1410 426 1457 suit,
452 1411 490 1448 id
511 1411 615 1462 quod
635 1418 673 1448 et
692 1411 775 1448 aliis
796 1411 896 1449 feeit.
954 1411 1055 1448 Mira
1074 1410 1172 1447 enim
1190 1412 1271 1458 ejus
1293 1408 1452 1447 avaritia
1471 1415 1532 1447 est
1550 1415 1589 1446 et
1606 1409 1801 1460 rapacitas

338 1472 377 1510 in
394 1473 667 1519 contractibus,
690 1479 733 1511 ut
751 1486 825 1524 ego
845 1472 954 1510 vobis
974 1472 1098 1523 reipsa
1125 1471 1412 1510 demonstrabo.
1470 1471 1570 1509 Cum
1590 1470 1689 1508 enim
1716 1472 1801 1510 haec

340 1543 581 1573 armamenta
614 1536 775 1573 deberet
807 1534 955 1586 reipub.
984 1533 1273 1589 Theophemus,
1297 1547 1343 1572 ea
1372 1533 1488 1571 verbo
1509 1533 1559 1571 ad
1577 1533 1799 1584 Aphareum

338 1596 542 1642 referebat,
565 1610 677 1647 quem
698 1610 736 1634 re
757 1597 793 1634 in
809 1599 871 1645 jus
891 1610 969 1634 non
1001 1597 1176 1641 vocabat,
1196 1596 1301 1647 quod
1329 1596 1421 1634 satis
1451 1595 1601 1634 sciebat
1625 1609 1667 1634 se
1690 1609 1797 1635 men-

339 1658 438 1696 dacii
457 1659 674 1696 convictum
695 1659 751 1705 iri,
776 1658 807 1696 si
828 1658 1068 1710 injudicium
1084 1658 1268 1696 venisset.
1324 1657 1527 1709 Aphareus
1542 1657 1646 1696 enim
1665 1665 1798 1697 osten-

337 1719 467 1766 debat,
497 1734 584 1758 eum
614 1720 829 1758 aestimasse
863 1729 1099 1758 armamenta
1130 1728 1182 1766 et,
1208 1733 1296 1758 cum
1335 1718 1498 1758 triremis
1526 1720 1796 1770 praefecturam

337 1782 495 1829 subiret,
527 1783 690 1834 pretium
721 1783 927 1834 recepisse.
985 1783 1100 1821 Nunc
1129 1789 1254 1820 autem
1278 1795 1325 1820 ea
1355 1795 1395 1819 se
1417 1781 1649 1820 Demochari
1676 1783 1795 1821 tradi-

335 1843 440 1882 disse
461 1844 563 1889 dicit,
589 1850 628 1882 et
645 1857 784 1894 pueros
813 1844 1071 1882 Democharis
1090 1842 1291 1895 injudicio
1318 1842 1502 1893 exagitat,
1528 1843 1595 1882 ilio
1616 1852 1765 1883 mortuo
1783 1858 1794 1884 2

336 1918 466 1956 quem,
487 1906 578 1943 dum
594 1905 750 1953 viveret,
770 1907 806 1943 in
822 1906 887 1957 jus
907 1905 984 1944 non
1003 1906 1156 1944 vocavit
1169 1904 1456 1956 Theophemus,
1476 1918 1536 1943 me
1557 1913 1796 1945 armamenta

336 1968 384 2005 ab
403 1980 450 2005 eo
469 1968 700 2018 postulante,
721 1969 790 2006 sed
810 1982 927 2006 morae
947 1967 1235 2020 interponendae
1257 1980 1412 2006 causam
1433 1968 1644 2018 quaeritans
1670 1982 1794 2008 arma-

334 2029 473 2067 mentis
503 2029 680 2067 fraudare
708 2031 881 2081 rempub.
901 2030 1077 2069 instituit.
1135 2030 1189 2068 Ut
1209 2036 1338 2068 autem
1364 2042 1455 2068 vera
1476 2043 1535 2068 me
1554 2029 1679 2069 dicere
1699 2044 1794 2070 con—

335 2097 424 2138 stet,
444 2091 664 2130 testimonia
677 2091 784 2129 vobis
804 2091 995 2143 legentur.

883 2228 1235 2267 TESTIMONIA.

390 2322 453 2359 10.
484 2321 581 2360 Haec
599 2334 687 2360 cum
705 2336 779 2374 ego
794 2323 924 2361 omnia
937 2323 1164 2374 cogitarem,
1179 2330 1219 2362 et
1237 2324 1408 2363 audirem
1424 2338 1471 2363 ex
1484 2325 1529 2363 iis
1549 2325 1689 2376 quibus
1701 2340 1790 2365 cum

334 2382 587 2434 Theophemo
606 2397 667 2422 res
690 2383 829 2430 fuerat,
852 2398 928 2436 quo
948 2392 1052 2423 esset
1071 2386 1110 2422 in
1129 2385 1398 2425 controversiis
1420 2387 1590 2438 ingenio,
1609 2394 1649 2426 et
1666 2401 1790 2427 arma-

331 2452 463 2483 menta
483 2446 531 2483 ab
548 2458 594 2483 eo
616 2459 694 2483 non
719 2446 941 2497 reciperem,
972 2446 1119 2485 accessi
1138 2447 1188 2485 ad
1216 2447 1349 2486 classis
1367 2449 1588 2500 praefectos,
1609 2450 1658 2488 ad
1679 2463 1790 2489 sena-

331 2513 426 2554 tum,
447 2507 496 2545 ad
515 2507 715 2558 populum,
734 2521 977 2558 conquerens
997 2522 1075 2546 non
1104 2509 1267 2547 reddere
1297 2510 1389 2548 mihi
1408 2518 1647 2550 armamenta
1664 2512 1790 2550 Theo-

330 2568 526 2620 phemum,
542 2583 629 2621 quae
642 2569 790 2621 judicio
808 2570 931 2609 vietus
952 2570 1133 2608 deberet:
1165 2571 1403 2611 accedebant
1430 2579 1470 2611 et
1498 2573 1561 2611 alii
1579 2573 1789 2612 triremium

327 2630 500 2681 praefecti
516 2631 565 2669 ad
585 2639 776 2678 senatum,
796 2632 861 2682 qui
881 2645 904 2670 a
918 2632 1149 2670 debentibus
1169 2640 1407 2672 armamenta
1425 2647 1504 2673 non
1524 2634 1788 2686 accipiebant:

329 2692 460 2731 multis
489 2692 617 2744 itaque
636 2694 762 2732 verbis
792 2694 916 2740 factis,
936 2704 1093 2733 senatus
1119 2695 1231 2733 nobis
1256 2695 1414 2734 decreto
1442 2696 1662 2748 respondet,
1681 2697 1788 2749 quod

328 2755 436 2792 vobis
452 2755 684 2804 recitabitur,
699 2763 756 2803 ut,
775 2768 1006 2807 quocunque
1032 2756 1149 2794 modo
1170 2770 1385 2808 possemus,
1405 2757 1660 2809 exigeremus.

892 2870 1217 2911 DECRETUM.

329 2956 449 2995 Facto
468 2957 541 2996 hoc
562 2957 721 2998 decreto
741 2959 780 2997 in
800 2956 952 3006 senatu,
973 2960 1077 3011 quod
1101 2973 1125 2999 a
1145 2959 1297 3000 nemine
1315 2961 1541 3000 violatarum
1560 2961 1691 3013 legum
1721 2974 1787 3001 ac-
