1948 3306
328 192 405 229 764
734 191 960 231 CONTRA
993 191 1383 232 THEOCRINEM.

326 294 507 333 soluto
546 295 866 348 reipublicae
909 294 1093 336 debito
1131 297 1398 344 deleatur,
1431 297 1544 347 dari
1584 297 1633 337 in
1675 309 1784 338 eum

326 356 596 394 actionem
657 358 1047 410 expunctionis
1096 359 1235 411 apud
1287 359 1547 405 sexviros,
1579 373 1683 398 non
1710 361 1786 399 -in

328 426 438 455 e'um
469 418 556 469 qui
587 418 745 458 debet
771 432 862 458 nec
891 421 1183 472 inscriptus
1213 428 1300 469 est,
1328 421 1412 460 sed
1445 422 1645 460 deferri
1676 435 1787 460 eum

323 487 378 518 ct
413 480 542 519 aliis
582 482 752 534 poenis
781 482 1032 520 mulctari
1058 484 1261 538 jubere.
1310 484 1384 521 Sed
1407 483 1499 534 quid
1518 490 1559 521 tu
1578 497 1788 522 meomnes

325 541 540 581 ulciscendi
575 543 750 582 inimicos
770 544 850 582 vias
881 543 1038 592 edoceS,
1058 558 1103 583 ac
1136 559 1211 584 non
1240 546 1368 598 potius
1387 559 1472 585 eam
1492 546 1693 593 rationem,
1713 558 1792 597 qua

322 616 364 642 es
385 603 579 644 adductus
600 605 639 643 in
653 605 857 657 judicium,
879 606 1054 644 refutas?

380 668 441 704 14.
473 667 685 706 Moerocles
717 674 822 706 certe
855 667 920 719 qui
953 669 1153 707 decretum
1183 670 1222 708 in
1247 684 1312 709 eos
1336 671 1442 718 fecit,
1461 671 1528 722 qui
1553 676 1789 709 mercatores
1823 659 1828 668 ⁸

319 727 467 777 injuriis
487 729 672 774 afficiant,
692 743 764 768 nec
794 729 901 768 vobis
931 736 1098 777 tantum,
1121 731 1190 770 sed
1211 730 1325 771 sociis
1354 733 1468 771 etiam
1499 731 1707 784 persuasit,
1732 731 1790 769 in-

320 792 488 831 eundam
508 805 593 831 esse
613 794 817 839 rationem,
838 805 916 844 qua
935 792 1165 832 facinorosis
1185 794 1399 841 resistatur,
1420 795 1550 832 statim
1577 794 1676 832 adeo
1696 806 1790 832 con-

320 861 381 893 tra
400 854 559 893 decreta
592 868 663 893 sua
691 854 903 893 defendere
933 854 1191 894 Theocrinem
1217 869 1296 894 non
1316 857 1534 907 erubescet,
1554 868 1680 906 neque
1702 868 1791 893 sua-

321 915 414 954 dere
434 916 543 955 vobis
565 916 769 962 dubitabit,
789 924 869 955 tarn
890 923 1022 968 aperte
1048 917 1270 956 convictum
1290 917 1339 955 de
1358 916 1512 969 injustis
1532 922 1791 955 mercatorum

321 977 596 1025 delationibus,
628 986 672 1017 ut
705 978 930 1027 absolvatis,
962 987 1080 1031 atque
1114 979 1271 1031 impune
1303 977 1532 1022 dimittatis;
1573 991 1650 1016 non
1681 978 1793 1016 aliter

321 1053 439 1093 quam
459 1040 491 1079 si
511 1046 715 1093 propterea
728 1041 946 1079 censuisset
960 1041 1169 1093 piratarum
1186 1040 1492 1092 grassationibus
1512 1039 1791 1085 obsistendum,

321 1109 365 1141 ut
385 1102 451 1154 qui
468 1102 668 1155 navigant,
697 1109 880 1154 superato
910 1103 1024 1141 maris
1058 1103 1244 1155 periculo,
1268 1102 1349 1142 istis
1376 1104 1416 1141 in
1445 1110 1561 1155 portu
1585 1102 1793 1155 pecuniam

321 1164 551 1216 penderent,
573 1172 640 1204 aut
653 1172 913 1204 mercatorum
929 1165 1074 1217 aliquid
1090 1166 1306 1213 interesset,
1326 1166 1448 1205 vitato
1464 1166 1601 1206 Macro
1614 1166 1654 1204 in
1666 1166 1793 1204 Theo·

321 1227 467 1266 crinem
496 1227 679 1267 incidere.
739 1229 825 1279 Ego
854 1241 945 1266 vero
973 1241 1061 1280 quae
1081 1228 1181 1267 inter
1207 1226 1471 1280 navigandum
1499 1228 1696 1276 accidunt,
1715 1241 1794 1267 non

320 1289 431 1328 vobis
453 1290 524 1328 sed
557 1289 720 1329 ducibus
748 1289 1027 1341 longarumque
1047 1290 1201 1328 navium
1221 1291 1413 1343 praefectis
1432 1290 1691 1330 adscribenda
1703 1304 1794 1329 cen·

323 1364 391 1391 seo
408 1365 417 1391 :
459 1365 548 1404 quae
582 1359 672 1390 vero
705 1352 744 1389 in
775 1351 938 1399 Piraeeo,
960 1359 1000 1390 et
1032 1352 1137 1403 apud
1167 1352 1433 1404 magistratus,
1453 1353 1576 1400 vobis,
1610 1353 1676 1404 qui
1707 1353 1793 1391 haec

322 1414 453 1453 omnia
471 1415 508 1452 in
528 1420 724 1466 potestate
739 1413 903 1453 habetis.
942 1414 1072 1459 Quare
1086 1414 1208 1466 magis
1228 1415 1391 1454 cavendi
1412 1422 1504 1453 sunt
1522 1415 1588 1466 qui
1607 1415 1669 1453 hic
1683 1415 1794 1466 leges

322 1477 483 1524 violant,
501 1490 618 1528 quam
639 1477 703 1528 qui
736 1477 828 1515 foris
859 1476 1017 1519 decreta
1036 1477 1267 1528 negligunt3
1299 1484 1343 1515 ut
1369 1490 1418 1516 ne
1444 1477 1518 1529 ipsi
1543 1477 1664 1529 aequis
1695 1478 1794 1516 ferre

323 1539 462 1577 animis
494 1552 541 1578 ea
573 1552 663 1590 quae
683 1540 796 1584 fiunt,
818 1546 858 1577 et
886 1539 1077 1578 scelerum
1110 1539 1248 1578 horum
1280 1553 1370 1578 esse
1396 1539 1554 1587 conscii,
1574 1539 1794 1578 videamini.

326 1601 411 1640 Nec
429 1601 545 1648 enim,
569 1614 658 1639 cum
678 1614 701 1639 a
721 1600 867 1647 Melus,
886 1614 909 1639 0
930 1601 1156 1648 Moerocles‚
1172 1615 1219 1641 ex
1236 1608 1303 1640 tuo
1321 1602 1480 1640 decreto
1499 1602 1634 1641 decem
1647 1602 1796 1641 talenta

326 1664 378 1706 ob
398 1670 577 1715 receptos
597 1663 742 1714 piratas
769 1663 985 1714 exigamus,
1014 1664 1132 1703 istum
1152 1664 1412 1712 absolvemus,
1431 1664 1498 1716 qui
1524 1671 1564 1703 et
1591 1672 1700 1703 tuum
1728 1664 1795 1703 de-

324 1731 475 1764 cretum
494 1731 534 1764 et
547 1725 655 1776 leges
675 1738 762 1776 quae
776 1726 918 1764 civium
932 1726 1261 1765 consociationem
1281 1732 1450 1774 tuentur,
1469 1727 1649 1766 violavit:
1670 1740 1795 1779 neque

326 1801 417 1826 cum
451 1788 680 1827 insularium
718 1788 875 1841 injurias
911 1789 1199 1841 prohibeamus,
1235 1790 1302 1841 qui
1339 1797 1384 1828 ut
1412 1791 1602 1838 justitiam
1649 1791 1795 1838 colant,

325 1850 465 1889 classe<
482 1851 600 1889 missa
627 1851 795 1902 cogendi
827 1859 930 1897 sunt,
950 1865 1020 1890 vos
1053 1851 1237 1899 nefarios,
1256 1852 1397 1903 quibus
1429 1851 1467 1890 in
1500 1852 1575 1891 hoc
1608 1866 1795 1892 consessu

326 1912 513 1951 mulctam
541 1913 710 1964 irrogare
740 1912 897 1962 debent,
917 1913 957 1952 hi
989 1913 1207 1954 absolvent.
1265 1914 1427 1954 Minime
1455 1928 1560 1963 vero,
1590 1916 1622 1955 si
1647 1915 1794 1968 sapitis.

329 1974 469 2014 Recita
486 1974 720 2015 columnam.

911 2124 1202 2165 COLUMNA.

396 2225 457 2261 15.
487 2223 546 2261 Ac
567 2222 616 2261 de
635 2221 790 2274 legibus
810 2222 971 2274 ipsaque
999 2235 1040 2261 re
1066 2222 1173 2261 haud
1199 2221 1279 2260 scio
1310 2221 1422 2274 plura
1450 2220 1582 2260 dicere
1613 2233 1798 2272 quorsum

331 2286 658 2333 attineat,-satis
690 2285 793 2324 enim
813 2299 881 2324 vos
909 2299 957 2324 ea
982 2298 1177 2336 cognosse
1198 2297 1405 2329 censeo—,
1426 2284 1514 2322 volo
1535 2289 1665 2323 autem
1684 2296 1799 2335 aequa

331 2362 372 2386 re
406 2360 476 2399 pro
506 2360 567 2384 me
598 2347 681 2398 ipso
713 2354 752 2386 ct
785 2354 894 2398 patre
921 2361 945 2386 a
976 2347 1086 2385 vobis
1108 2353 1231 2393 orata,
1262 2346 1515 2393 descendere,
1545 2359 1669 2397 neque
1688 2346 1797 2384 vobis

329 2409 475 2448 diutius
494 2409 689 2447 facessere
709 2409 923 2460 negotium.
969 2409 1070 2460 Ego,
1087 2409 1259 2455 Judices,
1281 2422 1369 2447 cum
1389 2407 1489 2460 patri
1512 2407 1799 2460 opitulandum,

331 2472 448 2523 idque
462 2472 614 2523 justum
633 2485 719 2509 esse
738 2478 930 2523 putarem,
950 2484 1092 2509 nomen
1111 2471 1223 2509 istius
1243 2471 1378 2518 detuli,
1398 2477 1443 2509 ut
1472 2470 1551 2509 dixi
1579 2470 1700 2517 initia,
1720 2484 1799 2508 non

329 2535 513 2586 ignorans
535 2541 574 2572 et
592 2533 636 2571 iis
657 2534 723 2585 qui
744 2533 962 2585 vituperare
984 2534 1117 2572 volent
1135 2534 1376 2585 suppetitura
1393 2533 1526 2579 verba,
1547 2533 1684 2585 quibus
1704 2540 1801 2571 aeta-

331 2603 411 2634 tem
440 2609 565 2635 meam
597 2596 896 2643 calumnientur,
918 2604 956 2634 et
989 2595 1219 2642 laudaturis,
1239 2596 1305 2648 qui
1338 2609 1401 2634 me
1431 2596 1643 2648 prudenter
1673 2596 1799 2634 facere

331 2659 539 2710 putabunt,
558 2658 625 2709 qui
644 2658 781 2697 ulcisci
798 2664 1005 2710 paternum
1023 2657 1173 2696 hostem
1194 2657 1425 2696 instituerim
1443 2671 1451 2696 :
1481 2671 1614 2696 verum
1641 2657 1738 2711 haec,
1758 2665 1802 2696 ut

331 2720 488 2758 fortuna
504 2719 674 2768 tulisset,
697 2721 753 2758 sic
774 2720 877 2771 apud
898 2721 1095 2758 auditores
1115 2726 1301 2758 eventura
1318 2719 1547 2766 existimavi,
1564 2719 1656 2757 mihi
1671 2726 1799 2758 autem

332 2782 560 2821 mandatum
580 2783 709 2834 patris,
724 2784 877 2835 justum
905 2782 1134 2834 praesertim,
1155 2795 1243 2821 esse
1270 2781 1575 2834 exsequendum.
1632 2780 1801 2824 Quando
1835 2793 1840 2798 ’

334 2845 436 2882 enim
470 2845 712 2884 ostenderem
743 2858 804 2883 me
835 2845 871 2883 ei
904 2843 1211 2897 opitulaturum?
1241 2843 1332 2882 Non
1351 2857 1441 2882 cum
1458 2843 1631 2882 vindicta
1649 2842 1799 2894 legibus

333 2906 592 2945 conceditur?
624 2920 711 2945 cum
733 2920 807 2958 ego
829 2920 912 2945 sum
933 2908 1129 2959 particeps
1149 2913 1323 2958 paternae
1342 2905 1602 2945 calamitatis?
1629 2918 1716 2943 cum
1738 2918 1800 2942 so-

334 2969 393 3007 lus
413 2976 521 3021 pater
538 2976 597 3008 est
617 2969 858 3008 derelictus?
886 2970 926 3008 id
954 2970 1061 3023 quod
1088 2969 1204 3008 modo
1235 2968 1390 3008 accidit.
1449 2968 1549 3008 Nam
1570 2973 1710 3022 praeter
1725 2965 1800 3005 alia
