1915 3356
463 180 536 219 DE
562 182 718 221 MALE
744 184 921 222 GESTA
952 183 1286 224 LEGATIONE.
1308 166 1310 168 >
1555 190 1601 226 41

146 294 217 318 suo
238 279 486 321 defendendo
507 297 576 322 nos
596 292 809 335 superaret,
832 286 905 323 iste
926 299 968 323 se
999 287 1125 325 fontes
1145 289 1376 339 eloquentioe
1397 289 1607 326 uberrimos

145 341 288 382 habere
307 344 575 394 pollicebatur,
601 360 646 385 ae
667 346 717 383 de
738 350 825 394 jure.
848 346 1093 398 Amphipolis
1120 350 1287 400 bellique
1309 350 1495 401 principio
1515 350 1608 388 talia

145 404 337 443 dicturum
355 407 523 454 dicebat,
539 416 580 445 ut
596 422 638 446 os
660 408 827 458 Philippi
842 408 979 459 grandi
999 409 1178 458 siccoque
1192 414 1311 457 junco
1328 418 1545 456 consueret,
1559 424 1606 449 ac

143 477 431 515 persuasurum,
460 476 505 507 ut
535 478 575 507 et
607 470 868 506 Athenienses
901 469 1159 507 Leosthenem
1186 471 1414 521 reciperent,
1442 480 1481 510 et
1515 472 1604 510 Phi-

142 527 272 578 lippus
292 529 551 581 Amphipolim
571 529 875 567 Atheniensibus
895 531 1125 569 restitueret.

202 591 263 628 ll.
295 591 355 628 Ne
374 604 464 628 vero
491 591 630 641 longus
657 591 728 628 sim
758 591 868 628 istius
897 593 1119 642 arrogantia
1138 594 1395 639 recensenda²
1420 607 1508 632 cum
1529 594 1605 645 pri-

142 662 245 688 mum
262 651 300 688 in
320 651 595 689 Macedoniam
619 652 872 698 venissemus,
892 654 1161 692 constituimus
1181 654 1280 692 inter
1299 669 1385 701 nos,
1405 669 1492 693 cum
1515 656 1605 693 Phi-

142 711 288 763 lippum
307 713 500 751 accessuri
520 726 709 759 essemus,
728 722 773 751 ut
791 722 885 752 natu
907 716 1060 753 maximi
1079 715 1190 766 primi
1211 717 1325 753 verba
1353 715 1540 760 facerent,
1568 723 1608 754 et

141 775 279 825 reliqui
299 789 368 826 pro
388 783 517 815 aetate.
576 777 670 815 Erat
688 785 818 815 autern
841 786 1016 816 nostrum
1041 785 1148 833 natu·
1163 779 1360 823 minimus,
1392 786 1436 815 ut
1464 778 1605 825 aiebat,

142 835 444 876 Demosthenes.
480 838 539 877 Ut
564 839 665 877 intro
692 840 819 878 vocati
843 840 1115 878 sumus—haec
1148 840 1352 891 diligenter
1389 840 1503 878 velim
1534 854 1604 879 vos

138 899 458 938 animadvertere.
495 900 598 938 Hinc
613 902 715 939 enim
731 901 971 952 perspicietis
986 901 1150 939 hominis
1166 901 1351 939 invidiam
1364 902 1604 949 immensam,

139 959 336 1011 ingentem
368 962 615 1001 timiditatem
646 964 758 1001 simul
786 970 825 1000 et
854 964 1056 1010 malitiam,
1089 971 1128 1001 et
1155 964 1255 1001 tales
1279 963 1440 1001 insidias
1468 971 1604 1001 contra

139 1022 172 1073 ej
181 1023 318 1060 usdem*
334 1030 372 1061 et
391 1037 536 1061 mensae
556 1031 596 1062 et
617 1024 822 1075 legationis
844 1025 987 1072 socios,
1007 1025 1141 1076 quales
1158 1038 1236 1063 non
1264 1025 1377 1063 facile
1398 1025 1604 1076 quisquam

139 1084 201 1122 vel
228 1092 364 1122 contra
384 1085 670 1124 inimicissimos
698 1093 964 1137 compararet„
1000 1086 1102 1125 Nam
1123 1100 1211 1125 cum
1231 1087 1351 1125 salem
1373 1087 1536 1126 civitatis
1566 1094 1606 1125 et

139 1158 313 1183 mensam
333 1147 528 1197 publicam
557 1148 714 1185 maximi
749 1161 792 1186 se
814 1149 942 1187 facere
964 1149 1080 1196 dicat,
1101 1162 1180 1187 non
1211 1157 1271 1187 est
1299 1163 1347 1188 ex
1368 1157 1500 1187 nostro
1520 1150 1604 1188 solo

139 1207 305 1256 (dicetur
324 1209 443 1257 enim)
465 1214 597 1259 neque‘
611 1209 732 1247 nostri
751 1211 918 1260 generis.
953 1211 1036 1249 Nos
1058 1224 1161 1259 vero,
1181 1212 1246 1262 qui
1267 1225 1379 1250 sacra
1405 1218 1445 1250 et
1464 1225 1603 1250 monu-

136 1273 269 1306 menta
289 1269 477 1320 majorum
512 1270 700 1308 habemus
726 1271 764 1308 in
795 1272 941 1322 patria,
954 1280 994 1310 et
1011 1274 1244 1311 commercia
1263 1282 1381 1324 atque
1410 1274 1603 1312 familiari-

126 1336 237 1367 ‘tates
259 1331 456 1369 vobiscum
477 1332 670 1377 liberales,
692 1341 731 1370 et
749 1331 924 1383 legitima
944 1335 1153 1381 connubia,
1173 1342 1212 1372 et
1232 1335 1369 1372 affines
1387 1343 1427 1372 et
1448 1336 1604 1382 liberos,

137 1391 300 1429 Athenis
324 1393 490 1444 quidem
531 1393 675 1431 fuimus
707 1394 830 1444 digni,
861 1395 1000 1444 quibus
1039 1395 1136 1433 fides
1173 1408 1196 1433 a
1225 1397 1334 1434 vobis
1379 1396 1603 1443 haberetur,

134 1453 322 1504 (alioquin
348 1455 448 1491 enim
471 1468 541 1493 nos
561 1469 638 1492 non
655 1455 892 1505 legassetis),
912 1456 950 1493 in
973 1457 1252 1494 Macedoniam
1276 1464 1402 1495 autem
1425 1459 1602 1509 profecti,

136 1516 265 1554 subito
286 1530 420 1554 sumus
450 1517 543 1554 facti
561 1518 791 1568 proditores.
818 1523 820 1525 '
849 1518 937 1568 Ipse
958 1531 1062 1564 vero,
1089 1518 1154 1568 qui
1173 1519 1318 1556 nullam
1346 1527 1493 1570 partem
1518 1533 1603 1558 cor-

136 1577 243 1628 poris
255 1591 335 1615 non
352 1577 527 1616 venalem
539 1575 671 1624 habet,
691 1590 739 1615 ne
755 1569 839 1615 eam
861 1577 1019 1628 quidem
1040 1579 1143 1615 unde
1163 1592 1298 1617 vocem
1319 1581 1471 1625 emittit,
1492 1582 1602 1632 quasi

133 1639 324 1677 Aristides
340 1646 444 1677 esset
458 1638 523 1690 qui
543 1639 686 1677 tributa
701 1639 851 1678 Graeeis
871 1638 1075 1688 ordinavit,
1089 1647 1129 1679 et
1141 1640 1272 1693 justus
1291 1642 1602 1693 cognominatur,

133 1708 334 1739 aversatur
355 1708 394 1739 et
406 1701 564 1753 despuit
583 1701 878 1753 largitiones.—-

192 1764 253 1801 12.
270 1808 273 1811 ἢ
288 1763 432 1802 Audite
452 1764 568 1815 igitur
587 1777 655 1801 eas
676 1765 882 1810 orationes,
903 1777 998 1815 quas
1020 1778 1092 1804 nos
1109 1765 1315 1805 habuimus
1336 1779 1406 1818 pro
1424 1768 1532 1806 vobis
1553 1781 1600 1807 ac

134 1824 305 1863 vicissim
325 1839 406 1872 eas,
427 1839 526 1876 quas
546 1838 734 1876 magnum
761 1826 983 1877 reipublicae
1010 1828 1292 1865 munimentum
1312 1829 1601 1869 Demosthenes

74 1895 82 1899 ”
133 1886 326 1932 recitavit,
357 1894 403 1924 ut
421 1886 558 1925 ordine
578 1900 625 1925 ac
645 1887 883 1938 pedetentim
905 1888 1059 1938 singula
1080 1890 1210 1939 capita
1234 1891 1494 1929 accusationis
1523 1892 1603 1930 dis·

133 1948 296 1987 solvam.
328 1948 471 1987 Laudo
486 1955 615 1986 autem
637 1962 756 2000 supra
776 1949 933 1987 modum
955 1963 1089 1988 omnes
1105 1952 1367 2002 vos,judices,
1387 1952 1491 2003 quod
1509 1967 1599 1992 cum

135 2010 304 2056 silentio,
322 2017 362 2048 et
379 2016 424 2047 ut
447 2023 602 2060 aequum
622 2017 695 2056 est,
718 2023 789 2048 nos
818 2011 975 2049 auditis.
1018 2012 1153 2062 Itaque
1173 2014 1204 2050 si
1225 2013 1330 2064 quod
1350 2014 1494 2052 crimen
1521 2029 1600 2053 non

132 2072 324 2118 refellero,
356 2085 417 2109 me
451 2072 593 2122 ipsum,
616 2085 694 2109 non
726 2085 795 2109 vos
828 2073 1009 2123 culpabo.
1046 2073 1145 2110 Cum
1179 2075 1296 2124 igitur
1320 2083 1414 2112 natu
1433 2077 1600 2127 majores

132 2147 203 2185 pro
229 2134 426 2184 legatione
445 2135 562 2171 verba
581 2134 780 2180 fecissent,
802 2134 851 2172 ad
865 2148 936 2172 nos
954 2136 1135 2185 pervenit
1160 2137 1277 2175 series
1306 2138 1503 2176 orationis.
1543 2140 1601 2178 Ea

131 2208 245 2246 porro
266 2195 420 2246 singula
437 2209 526 2246 quae
545 2195 621 2233 illic
643 2209 666 2233 a
688 2209 748 2233 me
771 2196 878 2233 dicta
896 2203 999 2243 sunt,
1020 2203 1060 2234 et
1080 2197 1248 2236 vicissim
1266 2212 1354 2249 quae
1373 2212 1396 2237 a
1416 2199 1599 2252 Philippo

133 2264 226 2295 sunt
249 2270 452 2308 responsa,
472 2270 541 2308 pro
561 2257 750 2295 concione
775 2257 976 2308 perspicue
1008 2259 1232 2297 renunciavi
1262 2260 1364 2311 apud
1398 2262 1598 2300 universos

133 2320 414 2358 Athenienses:
444 2332 549 2357 nunc
569 2332 639 2371 per
662 2320 791 2371 capita
815 2320 1007 2358 duntaxat
1034 2320 1140 2359 vobis
1173 2322 1212 2359 in
1231 2323 1454 2361 memoriam
1475 2337 1521 2362 ea
1540 2338 1599 2363 re-

131 2395 271 2420 vocare
291 2383 471 2420 conabor.

189 2446 250 2484 13.
285 2445 452 2482 Primum
477 2445 580 2496 apud
601 2458 689 2483 eum
719 2447 1018 2484 commemoravi
1039 2453 1241 2498 paternam
1268 2449 1597 2495 benevolentiam,

129 2513 170 2544 et
197 2507 386 2545 beneficia
404 2520 488 2557 quae
514 2507 555 2543 in
580 2508 785 2558 Amyntam
815 2514 964 2559 patrem
1003 2508 1172 2560 Philippi
1197 2510 1474 2556 contulissetis,
1505 2510 1599 2549 nihil

129 2569 445 2620 praetermittens,
462 2568 534 2606 sed
553 2569 686 2607 ordine
706 2571 835 2607 omnia
853 2583 1186 2610 commemorans:
1226 2579 1265 2610 et
1284 2572 1425 2610 deinde
1446 2574 1597 2620 merita,

129 2643 292 2680 quorum
323 2630 408 2681 ipse
426 2631 536 2668 testis
555 2637 650 2668 erat.
710 2631 810 2669 Nam
834 2632 1008 2683 Amynta
1033 2645 1169 2670 recens
1195 2633 1396 2678 defuncto,
1432 2641 1471 2672 et
1502 2635 1597 2672 Ale-

130 2691 281 2729 xandro
295 2691 452 2729 fratrum
474 2699 563 2729 natu
577 2692 759 2737 maximo,
780 2692 972 2730 Perdicca
984 2701 1023 2731 et
1043 2693 1223 2745 Philippo
1242 2695 1385 2746 pueris,
1406 2695 1598 2746 Eurydice

130 2760 260 2804 autem
291 2760 410 2791 matre
430 2766 562 2792 eorum
593 2754 641 2792 ab
660 2754 705 2791 iis
726 2766 822 2805 quos
842 2755 988 2793 amicos
1007 2756 1077 2793 sibi
1097 2769 1184 2794 esse
1205 2758 1368 2807 putabat
1399 2757 1598 2804 destituta,

130 2822 170 2853 et
185 2815 379 2852 Pausania
393 2815 430 2852 in
447 2815 647 2866 imperium
668 2829 799 2854 eorum
816 2816 1037 2863 invadente,
1055 2818 1118 2868 qui
1134 2819 1311 2867 quamvis
1329 2818 1451 2862 exsul,
1471 2827 1598 2857 tamen

128 2884 285 2928 propter
302 2883 477 2926 tempora
491 2877 656 2914 multum
670 2885 835 2928 poterat,
857 2885 902 2915 ut
916 2879 980 2928 qui
1000 2885 1041 2916 et
1055 2879 1260 2916 multorum
1280 2879 1410 2916 studia
1425 2880 1597 2926 haberet,

128 2945 168 2976 et
187 2938 341 2977 Graecis
361 2937 482 2989 copiis
500 2939 674 2978 munitus
693 2947 810 2985 esset,
837 2946 876 2976 et
908 2940 1228 2990 Anthemuntem‚
1261 2940 1467 2989 Therman,
1491 2943 1598 2981 Stre-

825 3003 849 3025 *
880 3014 903 3037 (¹-
