1915 3356
507 191 800 230 ADVERSUS
834 188 1181 226 EUBULIDEM.
1498 190 1570 226 751

115 297 300 348 ciperent,
315 294 551 347 persuadere
571 306 649 332 non
668 292 895 344 potuissem,
907 290 985 329 hue
1000 303 1063 330 me
1081 291 1284 343 inscripsi?
1305 290 1408 331 Ubi?
1425 291 1577 334 Quibus

114 357 339 403 rationibus,
357 357 498 408 quibus
516 356 605 394 illos
630 355 696 406 qui
727 353 899 406 germani
926 353 1031 392 cives
1070 366 1149 390 non
1183 360 1276 391 sunt
1303 353 1363 392 uti
1393 351 1579 392 constat?

114 419 333 470 Nusquam.
367 418 575 464 Quomodo
594 416 782 456 tandem?
811 415 857 454 In
878 429 924 455 eo
945 415 1168 467 municipio,
1186 415 1226 453 in
1247 429 1323 466 quo
1342 428 1438 454 avus
1457 415 1579 468 patris

113 479 190 518 mei
209 487 334 532 pater,
353 481 391 520 in
412 494 489 533 quo
508 487 617 533 pater
635 491 746 518 meus
765 484 944 517 versatus
964 483 1038 526 est,
1054 477 1093 515 in
1107 489 1184 529 quo
1203 489 1265 515 me
1281 484 1477 515 versatum
1491 490 1580 517 esse

115 548 289 581 constat.

172 604 233 642 15.
264 604 315 643 Et
343 616 422 655 quo
446 610 563 656 pacto
582 616 688 641 nunc
717 602 825 641 vobis
857 601 1074 640 evidentius
1105 600 1310 653 quisquam
1337 601 1490 651 probet,
1513 605 1581 651 jus

114 663 189 703 sibi
208 678 294 705 esse
307 664 501 705 civitatis?
523 666 681 717 Cogitet
700 664 803 703 enim
817 665 1083 716 unusquisque
1098 671 1285 710 vestrum,
1298 662 1580 710 Athenienses,

112 739 284 777 quonam
315 727 391 766 alio
415 726 547 773 modo,
582 740 702 779 quam
732 739 807 778 ego
848 726 938 772 feci,
968 734 1157 777 cognatos
1191 738 1283 763 suos
1312 724 1583 765 demonstrare

111 795 262 840 posset,
281 802 371 828 cum
389 802 460 841 pro
479 789 698 828 testimonio
718 789 863 835 dicant,
893 802 982 826 cum
1002 788 1147 841 jurent,·
1168 800 1259 826 cum
1283 786 1373 826 olim
1387 786 1469 838 jam
1488 787 1581 826 inde

112 863 136 889 a
153 850 364 902 primordio
382 851 499 890 iidem
520 842 624 891 sirit?
654 851 764 897 Quas
787 852 838 890 ob
857 863 919 889 res
940 863 1013 902 ego
1032 849 1203 888 bonitate
1223 862 1353 888 causae
1373 848 1510 896 fretus,
1530 848 1582 887 ad

110 925 180 951 vos
200 912 384 965 confugi;
411 914 519 965 quod
538 914 706 961 videam,
726 912 1003 959 Athenienses,
1019 910 1255 961 judiciorum
1279 910 1466 962 majorem
1496 922 1582 949 esse

111 975 398 1022 auctoritatem,
426 989 506 1015 non
537 976 656 1015 modo
687 989 805 1028 quam
834 974 1152 1021 Halimusiorum‚
1181 973 1248 1025 qui
1278 986 1341 1011 me
1367 973 1580 1023 ejecerunt,

112 1036 183 1075 sed
202 1036 319 1076 etiam
336 1050 455 1088 quam
475 1045 651 1085 senatus,
670 1044 710 1076 et
727 1036 874 1089 populi.
930 1035 1019 1074 Nec
1046 1035 1198 1087 injuria.
1256 1034 1452 1085 Quicquid
1479 1034 1581 1072 enim

111 1104 322 1150 spectetur,
343 1099 547 1138 sententiae
566 1108 706 1138 vestrae
720 1099 948 1150 justissimae
961 1095 1073 1135 sunt.
1131 1096 1313 1148 Cogitate
1331 1095 1430 1133 illud
1450 1096 1581 1144 etiam,

109 1173 194 1207 vos,
214 1161 280 1212 qui
299 1174 320 1199 e
339 1161 490 1212 magnis
509 1160 729 1211 municipiis
748 1160 855 1206 estis,
876 1158 986 1197 nulla
1004 1172 1046 1197 re
1065 1159 1218 1210 privare
1239 1171 1488 1210 quemquam,
1508 1171 1584 1197 nec

111 1222 374 1269 accusatione,
401 1234 476 1260 nec
496 1222 740 1260 defensione.
796 1221 856 1259 Ac
882 1221 1006 1259 multa
1033 1221 1139 1259 bona
1157 1221 1267 1259 vobis
1297 1221 1491 1267 eveniant,
1516 1221 1582 1272 qui

110 1296 159 1322 ea
175 1296 217 1322 re
235 1290 340 1321 recte
357 1283 419 1321 usi
438 1283 548 1330 estis,
569 1282 635 1334 qui
661 1282 707 1320 iis
726 1281 840 1320 etiam
867 1282 934 1332 qui
958 1294 1105 1319 moram
1132 1282 1338 1333 petierunt,
1359 1281 1520 1333 parandi
1541 1295 1583 1321 se

109 1345 338 1384 facultatem
366 1358 446 1384 non
475 1345 683 1384 ademistis.
740 1344 830 1388 Qua
860 1357 904 1383 re
937 1351 976 1383 et
1004 1344 1318 1391 calumniatores,
1347 1352 1388 1383 et
1417 1358 1485 1384 eos
1515 1347 1582 1397 qui

110 1414 268 1459 propter
297 1405 535 1446 simultatem
566 1406 651 1445 aliis
681 1405 927 1453 insidiantur,
946 1405 1189 1444 convincitis.
1246 1407 1307 1445 Ac
1332 1419 1402 1445 vos
1423 1408 1582 1459 quidem

111 1468 302 1507 laudandi
321 1468 428 1515 estis,
449 1468 725 1516 Athenienses,
746 1469 812 1521 qui
831 1474 962 1507 autem
986 1481 1026 1506 re
1055 1469 1161 1507 bona
1180 1475 1219 1507 et
1239 1472 1349 1518 justa
1367 1470 1470 1509 male
1491 1478 1584 1510 sunt

111 1532 237 1578 abusi,
268 1531 527 1583 vituperandi.
582 1531 632 1570 In
657 1531 929 1571 nullo'autem
961 1531 1186 1583 municipio,
1208 1545 1324 1584 quam
1359 1532 1400 1570 in
1431 1540 1582 1581 nostro,

112 1593 308 1633 crudelius
340 1607 428 1632 esse
461 1603 593 1633 actum
622 1593 832 1646 reperietis.
890 1595 936 1632 In
968 1606 1014 1632 eo
1035 1593 1138 1633 enim
1160 1594 1322 1632 fratrum
1342 1595 1583 1634 uterinorum

112 1663 152 1695 et
172 1669 445 1708 germanorum
471 1656 567 1695 alios
595 1656 811 1708 ejecerunt,
845 1656 940 1695 alios
966 1669 1067 1695 non:
1097 1663 1137 1695 et
1154 1656 1332 1695 homines
1351 1664 1447 1696 natu
1466 1670 1582 1709 gran-

112 1718 182 1758 des
215 1719 364 1771 inopes,
391 1731 555 1770 quorum
584 1718 685 1757 filios
716 1719 969 1758 retinuerunt.
1039 1718 1193 1757 Harum
1226 1718 1343 1757 etiam
1376 1731 1517 1766 rerum,
1548 1719 1582 1758 si

110 1780 241 1827 vultis,
259 1780 480 1819 testimonia
499 1780 609 1820 vobis
635 1780 841 1820 exhibebo.
898 1780 1094 1832 Quodque
1120 1781 1292 1819 omnium
1309 1781 1583 1832 gravissimum

112 1853 186 1891 est,
204 1843 360 1891 factiosi
378 1843 418 1882 id
439 1844 642 1889 fecerunt;
671 1857 799 1896 neque
818 1857 885 1896 per
903 1844 998 1883 deos
1018 1856 1086 1882 oro
1105 1857 1189 1892 vos,
1208 1844 1246 1882 in
1266 1844 1409 1882 malam
1428 1851 1582 1896 partem

111 1907 319 1959 quisquam
335 1913 510 1946 vestrum
529 1906 707 1959 accipiat,
730 1907 763 1945 si
786 1920 854 1946 eos
879 1907 945 1959 qui
963 1920 1024 1946 me
1054 1907 1251 1949 laeserunt.
1279 1906 1475 1958 improbos
1495 1918 1583 1945 esse

112 1968 336 2008 ostendero.
394 1969 543 2008 Eorum
570 1969 674 2008 enim
704 1970 814 2008 vobis
844 1969 1093 2022 improbitate
1118 1968 1437 2015 demonstranda,
1456 1968 1582 2020 ipsam

113 2030 372 2070 calamitatem
393 2045 511 2084 quam
531 2032 665 2084 accepi
693 2039 918 2071 narraturus
945 2032 1040 2070 mihi
1065 2031 1213 2070 videor.
1272 2031 1356 2076 Isti,
1385 2044 1474 2070 cum
1498 2030 1583 2082 qui-

112 2092 204 2131 dam
233 2093 408 2133 homines
436 2095 640 2146 peregrini,
661 2094 765 2134 cives
791 2095 873 2133 fieri
904 2094 1063 2142 vellent,
1092 2093 1362 2132 Anaximenes
1390 2100 1430 2131 et
1462 2093 1581 2131 Nico-

112 2162 269 2208 stratus,
289 2158 545 2197 communiter
573 2157 710 2209 quinas
742 2158 909 2210 quisque
940 2157 1148 2196 drachmas
1175 2158 1275 2196 inter
1306 2170 1348 2196 se
1373 2157 1582 2195 distribue-

111 2226 217 2259 runt.
275 2220 363 2259 Hoc
395 2233 485 2260 cum
514 2221 614 2260 scire
642 2235 685 2260 se
717 2234 841 2273 neque
874 2221 1102 2268 Eubulides,
1131 2233 1259 2272 neque
1292 2220 1470 2272 gregales
1497 2220 1581 2272 ejus

113 2281 261 2334 ejurare
280 2283 465 2335 audeant,
492 2296 597 2322 nunc
616 2290 746 2322 tamen
774 2297 841 2323 eos
860 2297 939 2322 non
967 2287 1178 2333 ejecerunt.
1236 2282 1342 2327 Quid
1363 2289 1493 2321 autem
1513 2295 1581 2321 eos

111 2344 288 2395 privatim
306 2358 383 2384 non
402 2345 575 2384 facturos
602 2347 762 2398 putatis,
783 2346 851 2398 qui
870 2345 1023 2398 publice
1043 2345 1131 2383 haec
1160 2344 1289 2383 facere
1315 2357 1395 2383 non
1425 2344 1582 2383 dubita-

111 2406 231 2445 runt?
267 2407 434 2455 Multos,
453 2407 726 2456 Athenienses,
747 2408 966 2448 Eubulidea
983 2407 1102 2447 factio
1121 2414 1161 2446 et
1177 2406 1348 2459 perdidit
1366 2414 1406 2445 et
1425 2419 1582 2445 conser-

111 2468 228 2516 vavit,
248 2470 400 2521 argenti
419 2469 556 2522 gratia.
594 2470 698 2509 Nam
718 2471 822 2522 prius
843 2470 1067 2510 etiam—ad
1087 2482 1167 2508 rem
1188 2468 1305 2507 faciet
1317 2468 1420 2520 quod
1441 2469 1580 2514 dicam,

113 2530 516 2572 Athenienses-cum
542 2532 721 2572 tribunus
748 2533 875 2585 plebis
905 2540 1012 2572 esset
1044 2531 1250 2570 Eubulidae
1272 2539 1396 2583 pater,
1423 2539 1466 2569 ut
1487 2530 1579 2576 dixi,

113 2592 350 2646 Antiphilus,
368 2603 633 2634 commentum
653 2596 865 2648 excogitat,
887 2602 931 2633 ut
949 2608 972 2634 a
999 2594 1234 2646 quibusdam
1253 2606 1430 2632 nummos
1451 2592 1579 2631 aufer-

114 2661 184 2702 ret,
204 2663 246 2694 et
271 2656 338 2703 ait,
356 2669 399 2696 se
421 2670 628 2696 commune
656 2657 788 2696 album
809 2657 1039 2710 perdidisse.
1096 2657 1227 2701 Quare
1253 2655 1449 2708 persuasit
1469 2654 1580 2693 Hali-

115 2716 249 2756 musiis
267 2724 311 2756 ut
326 2719 427 2757 inter
455 2732 543 2758 sese
571 2718 757 2771 suffragia
783 2720 944 2759 ferrent.
1000 2719 1052 2757 Et
1070 2726 1277 2758 accusatos
1298 2719 1433 2757 decem
1453 2719 1580 2756 muni-

114 2778 218 2830 cipes
238 2779 365 2831 ejecit,
392 2793 490 2832 quos
509 2794 645 2821 omnes
665 2789 805 2834 praeter
825 2796 944 2821 unum
958 2782 1115 2835 judices
1137 2787 1383 2833 receperunt.
1418 2780 1486 2830 ,Et
1505 2780 1581 2820 hoe

117 2839 285 2879 seniores
316 2854 453 2882 omnes
481 2850 638 2883 norunt.
709 2845 882 2883 Multum
911 2851 1014 2884 certe
1045 2844 1183 2891 abfuit,
1214 2851 1257 2881 ut
1281 2842 1431 2894 aliquos
1464 2842 1581 2882 relin-

115 2909 293 2952 querent,
318 2904 383 2955 qui
401 2904 662 2946 Athenienses
691 2919 769 2946 non
804 2913 950 2953 essent,
974 2919 1062 2944 cum
1092 2917 1298 2957 germanos
1330 2904 1446 2943 etiam
1473 2904 1579 2944 cives

117 2975 185 3014 per
203 2963 412 3006 factionem
432 2966 633 3019 ejicerent,
653 2981 752 3021 quos
766 2969 958 3020 judicium
978 2968 1136 3019 recepit.
1178 2967 1355 3020 Cumque
1375 2966 1474 3019 patri
1492 2979 1579 3007 meo

0 3242 206 3356 lm,
