1998 3306
391 238 468 274 580
832 242 1128 282 ADVERSUS
1159 243 1402 282 BOEOTUM

389 337 574 386 offensus,
602 340 654 379 ibi
685 342 723 380 in
751 356 793 382 se
819 345 1033 384 incursaret
1043 361 1054 390 3
1087 347 1200 385 simul
1231 347 1416 400 deceptus
1438 359 1461 385 a
1479 352 1599 384 matre
1618 344 1742 392 istius,
1761 355 1850 396 quae

380 397 544 448 jurarat,
567 414 609 440 se
636 403 767 443 delato
788 405 858 444 sibi
882 407 1135 458 jurejurando
1164 423 1210 448 ea
1229 409 1277 448 de
1304 423 1344 448 re
1376 422 1453 448 non
1467 408 1695 460 juraturam‚
1723 406 1847 457 iisque

386 459 501 498 factis
521 463 668 502 nullam
688 466 786 505 inter
805 468 908 519 ipsos
930 469 1094 520 amplius
1113 470 1195 508 fore
1215 470 1528 516 controversiam,
1542 475 1582 508 et
1599 481 1687 506 eum
1703 474 1846 506 certam

383 524 587 570 pecuniam
607 526 691 578 ipsa
710 528 809 580 apud
833 537 1071 580 sequestrem
1092 530 1232 583 deponi
1245 533 1441 584 jussisset,
1462 538 1556 570 tunc
1575 543 1625 568 ex
1645 534 1848 580 compacto

379 582 656 634 jusjurandum
676 590 710 627 ei
731 590 878 628 defert:
910 605 985 642 quo
1006 591 1072 630 illa
1093 601 1267 645 accepto,
1286 608 1364 633 non
1386 595 1504 633 modo
1531 594 1658 638 istum,
1680 591 1750 629 sed
1772 602 1848 627 una

384 654 473 681 cum
507 659 552 685 eo
585 649 699 688 etiam
729 652 892 689 alterum
919 653 1064 704 juravit
1092 668 1112 692 e
1145 663 1254 707 patre
1283 670 1369 695 meo
1396 669 1482 694 esse
1511 655 1702 707 genitum.
1757 652 1847 695 QUO
1898 662 1904 675 ⁸

383 703 500 753 facto,
521 708 573 750 illi
606 724 767 751 necesse
788 713 860 751 fuit
887 713 980 752 istos
1011 716 1059 754 ad
1079 718 1242 756 curiales
1261 718 1523 762 introducere,
1544 728 1668 766 neque
1688 713 1768 751 ulla
1785 726 1845 751 re-

380 765 488 817 liqua
507 770 580 810 fuit
598 775 814 813 excusatio.
870 776 1105 825 Introduxit,
1127 779 1340 831 adoptavit,
1366 786 1410 817 ut
1429 792 1517 830 quae
1545 778 1846 815 intercesserunt

381 840 569 878 resecem,
591 834 631 872 in
651 836 782 875 album
803 838 999 889 inscripsit
1025 841 1237 892 Apaturiis‚
1266 842 1382 880 istum
1414 841 1519 893 apud
1545 838 1708 879 curiales
1730 838 1843 875 Boeo-

381 895 476 938 tum,
498 895 658 935 alterurn
679 905 808 937 autem
829 899 1099 952 Pamphilum:
1138 917 1212 955 ego
1244 917 1333 942 vero
1363 902 1608 941 Mantitheus
1637 899 1845 950 inscriptus

381 964 498 992 eram.
557 958 657 997 Cum
685 973 775 999 vero
805 961 858 1000 sic
888 963 1097 1002 accidisset
1115 973 1158 1003 ut
1177 972 1286 1017 pater
1305 974 1516 1017 antequam
1534 965 1574 1002 in
1592 962 1843 1013 municipium

380 1014 564 1069 adscripti
592 1029 725 1060 essent
750 1030 976 1071 moreretur,
995 1025 1068 1063 iste
1095 1027 1146 1065 ad
1174 1027 1387 1079 municipes
1413 1027 1531 1072 venit,
1551 1033 1591 1065 et
1614 1038 1683 1077 pro
1703 1025 1842 1062 Boeoto

380 1086 422 1111 se
459 1076 718 1120 Mantitheum
754 1084 940 1123 inscribit.
1008 1086 1124 1130 Quod
1157 1095 1345 1139 quantum
1382 1086 1646 1127 incommodet
1675 1084 1842 1137 primum

380 1135 485 1182 mihi,
503 1138 644 1180 deinde
666 1144 772 1183 vobis
799 1145 928 1193 etiarn,
950 1160 1024 1198 ego
1055 1148 1217 1197 docebo,
1237 1150 1303 1188 ubi
1332 1163 1464 1189 eorum
1497 1163 1584 1200 quae
1610 1147 1697 1186 dico
1722 1153 1841 1185 testes

377 1198 611 1248 produxero.

999 1354 1212 1393 TESTES.

377 1438 501 1482 Quem
521 1440 638 1492 igitur
657 1443 704 1481 ad
724 1446 880 1484 modum
902 1460 973 1486 nos
994 1456 1103 1499 pater
1121 1447 1369 1500 inscripserit,
1390 1459 1411 1484 e
1430 1444 1593 1484 testibus
1613 1440 1813 1481 audivistis
1827 1454 1841 1480 ε

375 1511 438 1537 me
466 1508 611 1548 autem,
637 1506 741 1556 quod
770 1507 843 1546 iste
872 1509 1178 1563 violandumjus
1208 1510 1279 1548 sibi
1307 1508 1427 1554 ducit,
1447 1506 1638 1563 actionem
1657 1504 1762 1542 hanc
1781 1504 1839 1541 in-

374 1560 549 1602 stituisse
579 1568 814 1616 necessario,
847 1570 886 1608 id
913 1571 995 1622 jam
1028 1573 1246 1610 ostendam.
1305 1570 1393 1620 Ego
1422 1568 1524 1607 enim
1551 1580 1630 1604 non
1659 1566 1840 1618 profecto

372 1620 490 1662 homo
512 1638 595 1663 sum
617 1627 715 1666 adeo
736 1631 915 1681 stupidus
935 1640 1003 1670 aut
1028 1634 1258 1685 incogitanS,
1287 1638 1344 1677 ut,
1363 1644 1452 1669 cum
1479 1628 1712 1681 patrimonii,
1731 1627 1838 1679 quod

372 1694 486 1723 omne
506 1686 624 1726 fiebat
643 1703 786 1738 meum,
805 1701 1010 1744 postquam
1031 1695 1125 1733 istos
1144 1695 1349 1746 adoptarat
1366 1699 1489 1744 pater,
1508 1691 1662 1729 tertiam
1689 1690 1838 1747 auferre

370 1752 519 1796 partem
536 1752 809 1800 concesserim,
828 1755 867 1792 in
884 1768 1007 1806 eaque
1024 1770 1064 1794 re
1085 1756 1342 1807 acquiescam,
1358 1755 1406 1792 de
1421 1752 1692 1793 nominelitem
1708 1752 1838 1789 inten-

369 1806 527 1847 derem:
558 1812 631 1850 nisi
654 1815 818 1852 mutatio
846 1817 1013 1855 nominis
1041 1825 1079 1855 et
1101 1817 1192 1855 mihi
1213 1829 1394 1867 magnam
1414 1814 1665 1866 ignominiam
1683 1819 1837 1864 pareret

366 1866 609 1922 ignaviaeque
637 1876 834 1925 probrum,
858 1884 897 1915 et
926 1877 1028 1916 idem
1058 1878 1171 1916 istum
1197 1878 1340 1916 habere
1367 1889 1508 1915 nomen
1537 1882 1695 1927 propter
1715 1874 1837 1912 multa

367 1929 456 1968 ferri
477 1945 555 1970 non
574 1943 721 1985 posset.

420 1995 458 2030 3.
490 1994 662 2034 Primum
682 1999 797 2047 enim,
816 2002 848 2038 si
867 2002 1024 2052 publica
1042 2003 1199 2054 privatis
1220 2000 1473 2041 anteferenda
1493 2005 1597 2047 sunt,
1616 2011 1694 2050 quo
1720 1999 1833 2037 nobis

366 2057 587 2106 respublica
606 2061 806 2100 mandabit
821 2063 951 2110 modo,
972 2064 1004 2102 si
1023 2065 1115 2115 quid
1135 2066 1205 2103 erit
1224 2063 1446 2103 obeundum
1462 2061 1477 2099 2
1506 2061 1611 2099 Num
1627 2061 1681 2099 ita
1700 2060 1833 2098 decer-

366 2124 462 2155 nent
494 2119 667 2169 tribules,
702 2129 744 2161 ut
772 2124 821 2162 de
856 2125 938 2163 aliis
955 2125 970 2161 ?
1014 2126 1184 2164 Proinde
1221 2125 1484 2164 Mantitheum
1521 2122 1683 2161 Mantiae
1711 2122 1831 2161 filium

364 2179 585 2219 Thoricium
617 2196 678 2220 me
712 2184 937 2230 decernent,
959 2187 989 2222 si
1018 2186 1170 2224 aedilem
1200 2193 1268 2224 aut
1294 2184 1633 2238 gymnasiarchum
1653 2191 1721 2222 aut
1737 2198 1830 2223 con-

365 2241 577 2279 vivatorem
606 2250 674 2281 aut
702 2245 806 2282 aliud
838 2246 1035 2297 quippiam
1066 2248 1301 2299 reliquorum
1333 2260 1539 2285 munerum
1572 2246 1830 2285 decreverint.

366 2302 455 2345 Qua
479 2310 610 2341 autem
636 2318 676 2343 re
711 2305 966 2354 discernetur,
988 2321 1100 2347 mene
1121 2322 1169 2347 an
1192 2315 1229 2347 te
1259 2307 1530 2348 decreverint?
1568 2308 1627 2345 Tu
1646 2307 1748 2346 enim
1767 2321 1828 2346 me

365 2364 487 2412 dices,
507 2379 581 2417 ego
610 2374 660 2405 te.
718 2368 808 2406 Jam
826 2382 918 2407 vero
947 2383 1018 2408 nos
1051 2377 1193 2421 praetor
1222 2377 1349 2418 vocat,
1370 2377 1437 2409 aut
1466 2369 1565 2408 alius
1588 2369 1691 2421 apud
1712 2382 1829 2420 quem

363 2439 483 2465 causa
501 2435 562 2466 est
581 2428 759 2480 agenda:
800 2443 877 2468 non
911 2439 1054 2482 praesto
1088 2445 1236 2480 sumus,
1255 2446 1335 2471 non
1365 2432 1513 2470 obimus
1540 2430 1727 2469 mandata
1745 2443 1830 2469 mu-

364 2502 469 2528 nera.
530 2491 626 2529 Uter
645 2492 760 2542 igitur
779 2492 911 2544 legum
932 2494 1055 2545 poenis
1077 2494 1303 2533 tenebitur?
1333 2495 1422 2537 Quo
1453 2499 1582 2531 autern
1615 2499 1732 2544 pacto
1757 2494 1827 2532 im-

361 2558 559 2603 peratores
585 2553 811 2600 inscribent‚
833 2554 864 2592 si
889 2554 928 2592 in
949 2555 1114 2594 classem
1132 2556 1375 2595 inscribent?
1411 2562 1492 2602 aut,
1512 2554 1544 2593 si
1561 2555 1705 2593 triremi
1724 2568 1824 2606 prae-

362 2614 504 2652 sectum
534 2615 799 2654 constituent?
831 2624 911 2663 aut,
944 2618 975 2655 si
1007 2630 1085 2668 qua
1114 2618 1186 2656 erit
1213 2617 1424 2670 expeditio,
1454 2617 1520 2668 qui
1550 2623 1826 2667 cognoscetur,

362 2682 448 2713 uter
468 2677 517 2715 sit
536 2677 741 2716 delectus?
789 2677 906 2724 Quid,
927 2679 958 2717 si
976 2679 1062 2730 quis
1092 2679 1190 2717 alius
1206 2679 1454 2731 magistratus
1475 2678 1667 2717 mandarit
1684 2691 1826 2716 munus

363 2739 572 2788 publicum,
586 2747 628 2778 ut
648 2746 805 2791 praetor,
825 2754 892 2779 rex
910 2742 1164 2788 sacrificulus,
1184 2742 1356 2793 praefecti
1376 2739 1584 2779 ludorum?
1613 2740 1713 2784 Quae
1732 2748 1828 2780 nota

364 2802 449 2848 erit,
475 2802 550 2840 utri
578 2802 846 2851 mandarint?
875 2803 1125 2851 Adscribent,
1146 2804 1338 2851 nimirum,
1358 2803 1464 2842 illum
1486 2815 1507 2841 e
1526 2802 1726 2854 Plangone
1757 2816 1827 2842 na-

364 2870 458 2909 tum,
478 2864 508 2900 si
537 2870 575 2902 te
605 2864 894 2916 inscripserint:
926 2865 983 2903 sin
1003 2878 1076 2912 me,
1106 2865 1238 2903 matris
1259 2878 1399 2904 nornen
1424 2864 1635 2916 adjicient?
1679 2864 1824 2916 Ecquis

365 2937 534 2974 unquam
550 2925 707 2973 audivit,
720 2933 787 2965 aut
802 2939 879 2977 qua
897 2926 983 2978 lege
996 2926 1085 2965 talis
1105 2926 1299 2983 appendix
1318 2926 1575 2974 adscribetur,
1591 2931 1659 2964 aut
1678 2925 1824 2976 aliquid

365 2987 482 3034 aliud,
503 3001 618 3038 quarn
640 2995 748 3040 pater
768 2996 808 3027 et
828 2989 1106 3041 municipium?
1149 2990 1248 3033 Quae
1268 3002 1358 3028 cum
1373 2989 1554 3041 utrinque
1574 2987 1651 3027 sint
1672 2987 1823 3034 eadem,
