1965 3356
563 225 635 264 ,ΙΝ
667 222 1143 262 OLYMPIODORUM.
1523 223 1601 259 677

132 329 347 380 confingat,
378 327 599 379 pactionem
620 334 763 373 autem,
783 339 898 376 quam
918 326 1083 364 violasse
1103 338 1166 364 me
1185 325 1292 371 dicit,
1313 338 1335 363 a
1353 324 1463 362 vobis
1481 323 1601 362 audiri

121 398 314 444 oportere
337 405 415 430 non
435 390 638 443 opinetur?
668 391 753 440 Ego
772 401 864 426 vero
895 395 978 426 tum
1011 401 1141 426 coram
1171 388 1215 426 iis
1237 389 1397 426 testibus
1417 387 1482 437 qui
1504 385 1599 423 ade-

129 460 220 492 rant
239 466 327 491 eum
348 453 581 505 provocavi;
612 458 651 489 et
681 464 784 487 nunc
816 450 932 487 etiam
962 463 1092 488 coram
1118 449 1223 487 vobis
1254 449 1446 500 judicibus
1466 460 1597 485 rursus

131 528 312 566 provoco,
335 522 372 552 et
392 521 484 565 peto
504 520 547 551 ut
566 514 597 551 is
617 511 829 563 permittat,
848 518 892 548 ut
918 524 991 562 ego
1019 511 1214 562 permitto,
1244 510 1380 561 aperiri
1406 510 1467 547 hic
1487 510 1524 547 in
1539 510 1603 561 ju-

130 575 233 613 dicio
253 575 484 627 pactionem,
513 581 552 612 et
579 574 730 612 recitari
750 573 856 611 vobis
883 580 923 610 et
953 586 1086 610 rursus
1106 571 1299 623 obsignari
1320 584 1450 609 eoram
1480 571 1602 609 vobis.

131 637 391 675 Androclides
413 642 543 674 autem
573 635 635 674 hic
658 635 790 673 adest:
822 648 895 685 ego
916 635 1017 672 enim
1047 634 1082 672 ei
1107 634 1339 672 denunciavi
1372 640 1416 670 ut
1447 633 1603 672 adesset

128 697 308 750 pactione
328 710 461 735 secum
480 696 555 734 huc
575 697 705 735 allata.
766 697 816 734 Et
834 697 1027 748 permitto,
1047 696 1223 742 Judices‚
1242 703 1284 734 ut
1302 709 1348 734 ea
1371 695 1430 733 vel
1453 696 1489 732 in
1520 708 1605 733 mea

130 759 192 797 vel
226 759 266 796 in
296 758 415 809 ipsius
441 758 628 805 oratione,
649 758 729 796 sive
752 758 789 795 in
818 759 944 809 priore
971 758 1050 796 sive
1084 758 1120 795 in
1155 759 1377 809 posteriore,
1398 757 1604 809 aperiatur.

121 820 238 859 ⁴Nihil
258 821 361 858 enim
381 833 469 858 mea
495 821 681 859 interest:
712 821 782 858 sed
812 834 882 858 vos
905 821 1038 858 audire
1067 820 1156 858 volo
1176 820 1397 871 pactionem
1427 826 1466 857 et
1479 819 1606 870 jusju-

130 882 295 921 randum
329 882 434 934 quod
462 890 598 920 mutuo
629 882 822 929 dedimus,
858 896 931 933 ego
967 890 1006 920 et
1040 881 1360 933 olympiodorus.
1418 881 1537 924 Quod
1575 880 1606 918 si

129 943 324 990 concedit,
342 944 408 981 fiat
429 943 494 990 ita,
516 949 554 981 et
574 957 642 981 vos
660 944 790 981 audite
811 943 842 981 si
869 943 932 981 isti
954 943 1171 981 videbitur:
1203 943 1261 980 sin
1291 942 1366 981 hoc
1386 943 1516 980 facere
1536 954 1606 979 no·

134 1004 262 1052 luerit,
283 1018 413 1043 nonne
427 1006 510 1056 jam
531 1005 660 1056 palam
681 1005 765 1051 erit,
786 1005 961 1049 Judices,
994 1018 1082 1043 eum
1109 1004 1280 1043 omnium
1300 1004 1501 1042 hominum
1521 1016 1606 1041 esse

131 1066 511 1118 impudentissimum
528 1066 543 1103 ’ἓ
570 1080 696 1117 neque
717 1067 837 1104 ullum
860 1067 944 1118 ejus
964 1068 1122 1105 Verbum
1145 1079 1261 1117 porro
1276 1066 1483 1117 quicquam
1502 1065 1608 1117 apud

130 1140 199 1166 vos
220 1128 460 1166 auctoritatis
479 1129 622 1166 habere
643 1128 844 1179 oportere?

189 1191 251 1228 13.
283 1190 361 1228 Sed
391 1190 485 1241 quid
517 1203 751 1242 magnopere
772 1190 1000 1228 contendo?
1040 1190 1183 1241 Neque
1213 1190 1314 1228 enim
1341 1190 1424 1240 ipse
1443 1189 1608 1240 ignorat,

130 1250 224 1289 mihi
244 1264 267 1290 a
286 1265 328 1290 se
357 1252 437 1289 fieri
458 1253 647 1302 injuriam,
677 1252 756 1290 fieri
791 1260 830 1290 et
862 1253 935 1290 diis
956 1252 1249 1297 immortalibus,
1273 1264 1437 1302 quorum
1463 1265 1607 1289 numen

125 1313 270 1364 juravit
289 1320 328 1352 et
346 1313 532 1365 pejeravit
550 1327 558 1351 ε
589 1321 728 1352 emotae
755 1314 895 1352 mentis
915 1321 988 1359 est,
1004 1314 1178 1359 Judices,
1202 1321 1241 1351 et
1262 1313 1414 1364 desipit.
1463 1313 1609 1350 Invitus

131 1374 310 1426 equidem
331 1374 434 1413 facio
455 1383 571 1425 atque
592 1377 780 1413 erubesco
798 1375 925 1414 dicere
946 1375 1050 1427 apud
1070 1389 1155 1422 vos,
1170 1376 1346 1422 Judices,
1363 1375 1402 1412 id
1423 1375 1527 1425 quod
1549 1375 1607 1411 di-

130 1442 267 1474 cturus
289 1449 388 1482 sum,
403 1436 473 1474 sed
493 1449 613 1487 cogor
631 1437 774 1488 eloqui,
793 1444 834 1474 ut
851 1450 933 1483 vos,
953 1437 1236 1488 pronunciandi
1259 1437 1489 1474 auctoritate
1509 1450 1609 1487 pra—:-

131 1497 213 1545 diti,
229 1497 406 1535 omnibus
427 1498 568 1536 auditis
586 1499 634 1536 de
653 1499 766 1536 nobis
786 1499 825 1537 id
845 1499 951 1550 quod
970 1500 1159 1550 optimum
1187 1500 1296 1538 factu
1318 1499 1511 1536 videbitur
1532 1507 1609 1537 sta-

131 1560 264 1600 tuatis.
324 1560 467 1599 Eorum
487 1575 578 1600 vero
598 1575 686 1612 quae
707 1562 835 1599 dicam
855 1563 928 1600 iste
958 1570 1092 1600 auctor
1112 1568 1184 1608 est,
1206 1563 1271 1614 qui
1291 1562 1396 1613 apud
1420 1570 1610 1613 cognatos

130 1623 192 1662 his
223 1625 273 1662 de
305 1624 420 1661 rebus
451 1636 602 1660 mecum
632 1624 848 1674 transigere
879 1637 956 1661 non
983 1623 1080 1668 vult,
1111 1624 1178 1661 sed
1208 1624 1453 1675 impudenter
1481 1632 1610 1675 negat.

134 1684 452 1736 olympiodorus,
483 1684 660 1730 Judices,
682 1685 882 1724 mulierem
911 1685 1034 1723 civem
1068 1685 1220 1736 legibus
1245 1686 1382 1723 vestris
1415 1699 1610 1736 nunquam

132 1747 257 1793 duxit,
277 1760 321 1784 ac
341 1747 377 1785 ei
396 1746 507 1784 liberi
527 1760 654 1797 neque
675 1753 767 1785 sunt
782 1760 909 1798 neque
925 1747 1006 1785 nati
1021 1747 1180 1785 fuerunt
1196 1760 1205 1784 ε
1236 1748 1305 1785 sed
1322 1754 1490 1786 scortum
1508 1748 1612 1785 domi

132 1808 375 1859 redemptum
394 1807 529 1846 habet.'
586 1807 691 1845 Illud
712 1816 773 1847 est
791 1809 899 1860 quod
919 1822 989 1847 nos
1005 1822 1141 1847 omnes
1163 1810 1346 1860 exagitet,
1367 1816 1406 1848 et
1423 1810 1539 1848 istum
1562 1810 1611 1847 ad

133 1870 320 1921 majorem
347 1869 536 1908 insaniam
558 1870 746 1921 impellat.
802 1871 864 1908 An
884 1884 975 1909 vero
995 1885 1074 1909 non
1100 1871 1243 1909 insanit
1263 1872 1294 1908 is
1317 1871 1396 1922 qui,
1417 1885 1504 1922 quae
1524 1885 1613 1923 pro-

133 1931 239 1970 misit
266 1938 307 1969 et
337 1931 487 1983 pepigit
519 1931 655 1970 volens
685 1945 775 1970 cum
810 1932 965 1971 volente
1004 1939 1044 1970 et
1070 1932 1325 1984 jurejurando
1357 1933 1613 1979 confirmavit,

134 2006 268 2032 eorum
292 1993 385 2031 nihil
413 1993 618 2044 quicquam
649 1994 916 2045 praestandum
946 1994 1112 2032 censet?
1142 2007 1202 2032 me
1230 1994 1443 2046 praesertim
1464 2008 1541 2032 non
1563 1994 1612 2032 dc

133 2056 282 2107 meipso
301 2054 492 2093 duntaxat
510 2054 676 2102 solicito,
698 2055 767 2093 sed
788 2063 828 2094 et
842 2056 889 2094 de
909 2056 1020 2094 istius
1041 2069 1173 2094 sorore
1194 2069 1380 2107 germana
1394 2065 1433 2094 et
1447 2056 1613 2103 uterina,

134 2130 251 2169 quam
271 2130 345 2168 ego
363 2116 403 2155 in
423 2117 665 2155 matrimonio
685 2118 825 2165 habeo,
842 2125 881 2156 et
899 2119 948 2156 de
965 2118 1076 2157 istius
1091 2126 1222 2169 nepte,
1244 2132 1331 2156 mea
1347 2118 1478 2156 filiola.
1537 2119 1612 2156 Hae

135 2179 243 2218 enirn
265 2186 358 2218 sunt
376 2179 513 2230 quibus
535 2192 613 2216 non
633 2180 757 2218 minor
773 2180 822 2218 sit
841 2193 958 2230 quam
974 2180 1065 2218 mihi
1085 2181 1237 2232 injuria,
1252 2181 1318 2219 sed
1341 2181 1463 2232 major
1482 2181 1612 2219 etiam.

136 2242 279 2281 Nonne
310 2248 439 2280 autem
459 2241 594 2293 injuria
614 2242 668 2279 eis
688 2242 745 2286 fit,
768 2248 808 2280 et
826 2242 954 2293 inique
978 2255 1067 2280 cum
1093 2241 1148 2280 eis
1178 2242 1320 2293 agitur,
1344 2255 1432 2279 cum
1456 2241 1615 2280 videant

135 2303 246 2342 istius
265 2304 506 2343 meretricem
535 2303 637 2342 ultra
669 2317 785 2354 quam
807 2311 868 2342 sat
887 2310 947 2342 est
976 2311 1014 2342 et
1036 2304 1150 2342 decet
1179 2305 1343 2342 multum
1363 2304 1508 2342 habere
1531 2304 1614 2341 auri

137 2373 179 2405 et
195 2373 346 2405 vestem
368 2365 630 2417 splendidam,
652 2374 693 2404 et
711 2366 914 2418 splendide
937 2374 1052 2417 atque
1072 2366 1287 2405 insolenter
1305 2367 1457 2418 prodire
1477 2367 1514 2403 in
1541 2379 1614 2417 pu-

133 2428 294 2475 blicum,
315 2434 356 2467 et
385 2428 434 2466 de
459 2435 592 2466 nostro
623 2429 834 2480 superbire,
856 2442 898 2467 se
928 2441 1018 2466 vero
1038 2430 1075 2467 in
1105 2428 1163 2466 his
1186 2430 1300 2466 rebus
1325 2428 1504 2466 omnibus
1527 2441 1612 2466 esse

137 2489 359 2529 tenuiores?
389 2489 530 2528 Nonne
564 2489 639 2528 illis
673 2491 792 2542 major
822 2490 866 2528 fit
895 2504 1010 2542 quam
1038 2490 1131 2528 mihi
1151 2490 1316 2542 injuria?
1364 2491 1503 2528 Nonne
1523 2503 1613 2527 vero

135 2552 209 2591 iste
239 2559 373 2604 aperte
393 2551 536 2590 insanit
553 2559 591 2590 et
611 2551 764 2597 delirat,
785 2552 851 2604 qui
871 2552 926 2590 ita
953 2552 992 2590 in
1014 2553 1268 2605 semetipsum
1300 2550 1508 2590 consulat?
1553 2551 1613 2588 Ne

138 2626 228 2653 vero
259 2613 378 2661 dicat,
397 2613 575 2661 Judices‚
596 2627 664 2665 per
699 2614 933 2652 calumniam
968 2614 1054 2653 haec
1085 2627 1108 2652 a
1138 2627 1199 2653 me
1223 2614 1314 2661 dici,
1336 2614 1450 2665 hujus
1477 2613 1614 2664 judicii

134 2689 269 2723 causa,
288 2676 554 2715 testimonium
573 2676 683 2715 vobis
703 2676 930 2715 recitabitur
956 2683 1213 2728 cognatorum
1234 2676 1345 2714 istius
1366 2683 1405 2714 et
1424 2688 1613 2714 meorum.

667 2820 1082 2861 TESTIMONIUM.

143 2913 449 2967 Olympiodorus
479 2918 594 2969 igitur
627 2918 713 2956 talis
744 2918 862 2956 homo
891 2925 965 2965 est,
994 2931 1071 2956 non
1100 2918 1218 2956 modo
1251 2917 1427 2969 injurius,
1448 2920 1516 2958 sed
1549 2922 1614 2971 qui

139 2978 258 3018 etiam
287 2979 454 3019 insanire
488 2981 665 3021 videatur
692 2981 869 3020 omnibus
899 2980 1077 3032 cognatis
1108 2988 1149 3019 et
1169 2980 1434 3028 familiaribus,
1455 2996 1501 3021 eo
1529 2984 1614 3022 vitre
