1948 3306
334 151 385 187 36
755 148 986 188 CONTRA
1020 148 1386 188 TIMARCHUM.

333 252 492 303 quando
528 254 567 296 in
595 252 789 305 judicium
822 253 1088 293 adducantur:
1129 253 1194 291 alii
1232 253 1413 292 homines
1452 250 1610 292 libidine
1656 253 1812 305 perditi,

331 316 477 366 quique
510 315 730 353 istiusmodi
759 316 980 354 hominibus
1006 316 1057 354 ad
1076 315 1298 353 satietatem
1331 321 1423 354 sunt
1454 315 1580 361 abusi,
1612 322 1656 353 ut
1676 328 1809 354 eorum

335 377 488 414 auxiliis
508 377 593 415 freti
609 372 759 416 facilius
786 379 944 429 quidam
965 377 1208 428 delinquant.
1250 378 1427 421 Quorum
1456 377 1722 416 defensionem
1743 391 1812 415 an-

333 445 492 488 tequam
513 437 694 484 audiatis,
724 439 878 490 qualem
899 439 1016 491 vitam
1037 440 1199 490 egerint,
1220 438 1493 477 recordamini.
1550 439 1610 477 Ac
1631 452 1698 477 eos
1727 439 1814 489 qui-

338 500 441 546 dem,
462 501 528 551 qui
554 513 626 539 sua
643 514 809 552 corpora
829 501 1127 546 dedecorarunt,
1149 514 1226 539 non
1247 501 1356 539 vobis
1376 501 1598 547 obturbare,
1619 501 1691 539 sed
1717 513 1814 539 con-

337 562 513 600 cionibus
544 563 737 601 abstinere
762 564 1099 614 jubete‚—neque
1126 563 1227 601 enim
1254 564 1317 601 lex
1346 563 1432 601 haec
1460 563 1500 600 in
1529 562 1708 601 homines
1735 562 1815 614 pri-

336 631 464 670 vatos,
488 625 616 663 sedin
644 625 876 675 magistratu
897 624 1086 675 praeditos
1113 625 1339 675 inquirit—z
1367 638 1434 663 eos
1459 638 1576 677 porro
1607 625 1672 676 qui
1698 624 1837 663 deco-x

338 694 494 733 xerunt,
514 701 593 725 rem
624 687 767 732 facere,
801 692 841 724 et
872 686 1030 724 aliunde
1050 686 1198 724 victum
1219 688 1425 737 quaeritare
1443 687 1605 738 jubete:
1641 687 1706 737 qui
1726 699 1817 724 vero

340 749 656 788 adolescentulos
687 755 890 793 venantur,
911 748 977 799 qui
997 749 1112 787 facile
1140 763 1180 787 se
1210 749 1249 786 in
1270 750 1447 787 fraudem
1468 751 1600 789 sinunt
1628 749 1734 796 illici,
1766 749 1819 787 ad

339 811 567 863 peregrinos
596 817 636 848 et
654 810 863 861 inquilinos
884 811 1056 849 converti
1077 812 1227 859 jubete,
1251 818 1297 849 ut
1324 824 1397 849 nec
1428 812 1503 868 ipsi
1532 825 1643 850 suam
1667 812 1818 864 cupidi-

340 881 461 913 tatem
482 887 562 912 non
583 874 778 925 expleant,
799 880 838 912 et
857 887 925 912 vos
948 873 1043 911 nihil
1072 873 1296 912 detrimenti
1319 874 1495 926 capiatis.

398 937 463 974 39.
498 936 597 980 Quae
617 935 734 987 igitur
754 949 777 973 a
796 948 859 974 me
880 936 1054 987 praestari
1074 935 1149 973 fuit
1168 949 1339 987 aequum,
1362 949 1409 974 ea
1425 935 1600 987 praestita
1622 941 1715 974 sunt
1736 948 1820 973 om-

343 999 434 1043 nia;
458 998 621 1050 exposui
642 998 764 1049 leges,
785 997 903 1036 vitam
924 998 978 1036 rei
998 998 1167 1036 excussi.
1208 997 1326 1036 Nunc
1346 1012 1415 1037 vos
1436 998 1530 1037 estis
1550 1011 1647 1036 meae
1663 997 1819 1049 judices

342 1061 542 1107 orationis,
563 1061 694 1099 statim
727 1067 857 1099 autem
886 1073 961 1111 ego
994 1067 1125 1099 vester
1154 1067 1351 1112 spectator
1382 1074 1473 1103 ero:
1511 1067 1596 1099 ‘tota
1624 1060 1727 1098 enim
1759 1072 1820 1098 res

337 1125 420 1176 jam
443 1137 466 1161 a
484 1123 624 1175 vestris
644 1123 791 1175 pendet
805 1122 1084 1161 voluntatibus.
1121 1124 1239 1166 Quod
1261 1123 1292 1162 si
1312 1137 1380 1162 vos
1396 1123 1532 1162 voletis
1549 1136 1596 1162 ea
1612 1136 1700 1175 quae
1713 1123 1823 1174 justa

346 1193 452 1234 sunt,
472 1193 590 1238 atque
609 1185 837 1237 expediunt,
860 1199 989 1237 agere,
1009 1185 1244 1224 excitabitur
1263 1192 1397 1225 nostra
1416 1185 1596 1226 alacritas
1611 1186 1663 1225 ad
1679 1199 1747 1225 eos
1765 1186 1823 1224 in-

346 1249 569 1302 quirendos,
588 1261 611 1288 a
625 1248 766 1300 quibus
786 1248 896 1300 leges
915 1248 1126 1288 violantur.
1657 1248 1659 1250 ’
