1948 3306
320 174 371 210 52
632 171 705 209 DE
735 170 893 209 MALE
924 170 1104 210 GESTA
1134 171 1470 211 LEGATIONE.

323 283 472 328 optant.
524 275 647 328 quue
667 277 898 323 rectissime,
917 291 962 315 ac
983 276 1158 321 civiliter,
1180 275 1452 314 Athenienses.
1501 276 1602 314 Nam
1623 277 1653 314 si
1675 289 1789 315 nemo

323 344 494 376 vestrum
511 346 583 384 est,
599 339 791 389 quiJustae
811 340 931 378 eaedis
948 340 984 377 in
1002 352 1042 377 se
1055 338 1250 390 piaculum
1272 339 1475 376 admittere
1494 338 1626 384 vellet,
1643 346 1791 389 quanto

322 401 446 450 magis
477 401 656 450 injustam
688 402 889 447 cavebitis,
922 410 1056 452 erepta
1084 401 1200 438 alicui
1229 401 1321 445 vita,
1343 408 1411 438 aut
1443 413 1482 437 re
1504 400 1696 446 familiari,
1720 407 1790 438 aut

279 504 288 509 ἡ
322 462 539 512 dignitate?
587 462 650 501 Ob
682 475 779 513 quas
814 477 874 501 rcs
909 464 972 501 alii
1014 464 1085 501 sibi
1116 476 1253 501 manus
1282 463 1509 508 attulerunt,
1543 462 1606 500 alii
1634 463 1788 513 publice

321 524 530 574 perierunt.

374 588 440 623 ζ28.
473 586 562 624 Non
584 587 700 637 igitur
720 586 869 624 veniam
898 587 991 623 mihi
1011 586 1166 633 dabitis,
1194 587 1471 632 Athenienses,
1498 586 1530 624 si
1556 598 1646 624 eum
1665 584 1789 622 -cinae-

322 647 414 684 dum
444 648 659 699 appellaro,
682 656 720 686 et
741 648 936 685 hominem
966 649 1116 699 polluto
1139 661 1316 699 corpore,
1337 662 1383 686 ea
1410 648 1525 686 etiam
1547 654 1656 699 parte
1685 646 1790 684 unde
1830 678 1835 688 ,

322 722 455 747 vocem
478 711 570 755 edit,
591 724 635 748 ac
657 710 798 747 deinde
827 711 1017 760 reliquam
1042 711 1301 762 accusationis
1326 719 1475 762 partem
1505 712 1552 749 de
1583 710 1789 749 Cersoble-

319 778 385 821 pte
419 773 616 809 evidenter
644 772 780 809 falsam
817 785 906 810 esse
936 773 1175 810 ostendero?
1217 772 1267 810 lis
1304 773 1419 819 enim,
1449 774 1726 824 qui-vocantur
1753 772 1791 809 in

319 832 479 878 crimen,
506 845 565 870 res
594 833 698 884 apud
719 846 786 871 vos
807 833 999 883 contingit
1022 846 1106 871 mea
1126 834 1306 885 opinione
1329 835 1589 885 pulcherrima
1608 841 1647 872 et
1664 833 1789 871 utilis„

315 893 428 931 sima.
469 894 621 932 Etenim
652 902 842 946 tempora,
861 903 901 933 et
921 896 1091 942 decreta,
1118 909 1332 948 eorumque
1352 896 1628 947 suffragatores
1654 895 1695 932 in
1719 909 1789 946 pu-

317 955 427 993 blicis
449 958 709 995 monumentis
730 964 918 1008 perpetuo
941 958 1162 995 asservatis.
1737 997 1762 1006 l

371 1019 436 1055 29.
478 1018 589 1055 Dixit
612 1025 742 1056 autem
772 1017 857 1065 iste,
891 1032 977 1055 eam
1007 1032 1092 1056 esse
1124 1031 1299 1064 causam,
1334 1032 1402 1059 cur
1431 1018 1697 1070 Cersobleptis
1726 1031 1789 1055 res

315 1079 514 1129 perierint,
535 1080 642 1129 quod
660 1093 734 1130 ego
754 1080 962 1130 legationis
978 1080 1070 1124 dux,
1093 1088 1131 1117 et
1153 1079 1330 1118 secunda
1349 1086 1592 1118 aura-vestra
1610 1093 1720 1124 usus,
1748 1093 1789 1116 se

317 1154 389 1179 nos
407 1141 446 1178 in
467 1139 677 1179 Thraciam
697 1142 940 1191 irejubente‚
960 1154 1049 1179 curn
1068 1141 1342 1192 Cersobleptes
1363 1136 1621 1186 obsideretur,
1643 1147 1682 1178 et
1695 1153 1789 1178 con-

316 1203 449 1241 testari
469 1204 574 1254 apud
595 1203 833 1254 Philippum,
857 1216 904 1241 ea
922 1203 1051 1241 facere
1081 1203 1286 1250 noluerim,
1306 1204 1375 1241 sed
1401 1203 1496 1241 Orei
1517 1203 1697 1248 sederim,
1724 1215 1788 1240 ce-

316 1265 468 1316 terique
488 1265 621 1316 legati,
642 1265 812 1315 hospitia
835 1265 946 1302 nobis
976 1265 1246 1303 conciliantes.
1297 1266 1438 1303 Audite
1462 1265 1579 1316 igitar
1608 1264 1788 1302 Charetis

315 1327 461 1371 literas,
495 1339 592 1376 quas
612 1327 716 1363 misit
736 1326 786 1363 ad
820 1327 1020 1377 populum,
1051 1327 1192 1376 quibus
1226 1327 1457 1374 continetur,
1492 1326 1787 1376 Cersobleptem

317 1389 517 1439 imperium
538 1388 728 1434 amisisse,
750 1395 789 1425 et
814 1402 968 1425 sacrum
989 1396 1163 1425 montem
1193 1402 1215 1426 a
1233 1388 1414 1439 Philippo
1438 1393 1670 1438 occupatum
1701 1400 1788 1424 esse

318 1462 450 1487 xxm.
472 1448 691 1486 Februarii:
725 1448 1012 1486 Demosthenes
1034 1455 1165 1486 autern
1182 1462 1270 1486 cum
1291 1462 1339 1486 ex
1352 1448 1491 1500 legatis
1508 1455 1628 1494 esset,
1643 1460 1789 1499 praeses

314 1524 384 1562 pro
400 1510 589 1548 concione
608 1509 681 1547 fuit
701 1509 876 1560 ejusdem
896 1510 1039 1548 mensis
1061 1511 1122 1549 die
1146 1521 1299 1549 xxvn‘.

957 1568 973 1582 U

939 1638 1166 1676 LITERAE.

316 1726 456 1776 Neque
485 1739 576 1764 vero
595 1726 764 1777 reliquos
785 1726 977 1765 duntaxat
994 1728 1140 1764 niensis
1169 1726 1251 1764 dies
1277 1726 1429 1773 morati,
1457 1726 1527 1765 sed
1558 1726 1701 1764 Martio
1726 1726 1789 1764 de-

313 1800 419 1825 mum
451 1789 614 1839 profecti
647 1802 807 1828 sumus:
838 1789 949 1841 cujus
978 1789 1033 1827 rei
1058 1796 1200 1827 testem
1233 1789 1344 1827 vobis
1374 1795 1553 1828 senatum
1583 1789 1786 1827 exhibebo.

310 1850 710 1888 senatusconsultum
730 1851 832 1888 enim
858 1857 931 1896 est,
958 1850 1063 1901 qnod
1087 1851 1240 1901 legatos
1269 1851 1319 1888 ad
1339 1851 1570 1901 exigendum
1590 1850 1787 1901 jusjuran-

311 1911 406 1949 dum
427 1910 532 1949 abire
542 1912 669 1962 jubet.
703 1913 843 1950 Recita
863 1911 956 1950 mihi
974 1911 1372 1950 senatusconsultum.

737 2048 1359 2088 SENATUSCONSULTUM.

314 2135 440 2173 Etiam
461 2141 612 2186 tempus
633 2135 767 2183 recita,
789 2135 988 2186 quodnam
1009 2136 1048 2175 id
1068 2137 1196 2175 suerit.

923 2240 1166 2277 TEMPUS.

311 2323 479 2371 Auditis,
496 2323 572 2362 hoc
588 2324 706 2362 fuisse
729 2325 928 2363 decretum
951 2339 1024 2365 111.
1045 2326 1193 2363 Martii.
1233 2325 1510 2377 Cersobleptes
1539 2330 1668 2364 autem
1688 2334 1783 2376 quot

311 2384 450 2423 diebus
470 2392 558 2424 ante
578 2385 781 2437 imperium
802 2387 997 2433 amiserat,
1019 2400 1135 2439 quam
1156 2400 1231 2439 ego
1260 2386 1529 2425 discederem?
1561 2387 1614 2424 Ut
1633 2387 1782 2425 Chares

310 2448 532 2498 imperator,
561 2453 600 2486 et
631 2445 752 2486 literae
778 2447 966 2494 indicant,
994 2449 1120 2500 priore
1154 2462 1300 2494 mense,
1335 2449 1366 2488 si
1398 2449 1516 2487 modo
1546 2449 1781 2487 Februarius

311 2509 455 2546 Martio
474 2509 576 2560 prior
605 2516 676 2548 est.
709 2507 814 2561 Ergo
835 2523 884 2547 ne
906 2511 1202 2562 Cersobleptem
1223 2524 1298 2562 ego
1320 2523 1549 2549 conservare
1568 2508 1689 2562 potui,
1716 2510 1780 2560 qui

309 2576 400 2608 ante
428 2584 490 2609 me
511 2571 627 2609 domo
653 2584 852 2622 egressum
872 2573 1050 2623 perierat.
1095 2573 1146 2610 Et
1163 2573 1309 2624 putatis
1328 2573 1443 2611 istum
1469 2572 1616 2622 aliquid
1635 2571 1780 2610 dixisse

310 2633 388 2670 veri
409 2632 457 2671 de
471 2634 600 2678 rebus,
618 2633 698 2671 sive
717 2634 755 2671 in
777 2633 1029 2680 Macedonia,
1048 2634 1128 2673 sive
1147 2633 1183 2671 in
1205 2632 1410 2672 Thessalia
1429 2634 1539 2679 actis,
1558 2633 1625 2684 qui
1643 2640 1781 2672 contra

309 2693 470 2740 curiam,
490 2701 627 2732 contra
658 2694 817 2745 publica
847 2696 1098 2743 monimenta,
1127 2702 1263 2734 contra
1287 2702 1456 2748 tempus,
1487 2703 1621 2734 contra
1644 2695 1779 2747 populi

308 2762 523 2793 conventus
558 2756 796 2793 mentiatur?
825 2756 883 2794 Tu
913 2758 1207 2809 Cersobleptem
1227 2757 1390 2795 Athenis
1419 2757 1564 2796 foedere
1596 2757 1778 2796 exclude-

307 2816 390 2861 bas,
412 2829 499 2854 cum
519 2830 665 2868 praeses
687 2830 820 2856 esses:
852 2819 1029 2870 ejusdem
1052 2820 1144 2857 Orei
1170 2826 1207 2857 te
1238 2818 1525 2857 miserescebat.
1573 2820 1688 2858 Nunc
1717 2832 1777 2857 me

308 2879 539 2930 corruptelae
559 2893 746 2918 accusas:
776 2882 883 2932 prius
905 2889 1036 2920 autem
1063 2883 1248 2921 mulctam
1271 2884 1319 2920 ab
1341 2882 1619 2935 Areopagitico
1633 2872 1777 2935 ⁴senatu

310 2939 494 2978 inflictam
515 2942 704 2989 tolerasti,
724 2957 801 2981 non
823 2951 1052 2995 persecutus
1071 2945 1241 2983 vulneris
1263 2945 1469 2992 actionem,
1499 2958 1576 2996 qua
1594 2958 1701 2983 reum
1722 2945 1776 2982 fe-
