1915 3356
592 196 793 235 ORATIO
826 193 1111 234 FUNEBRIS.
1501 188 1575 225 791

129 312 258 362 copias
293 323 340 348 ex
369 309 548 347 universa
575 309 668 347 Asia
693 308 879 347 collectas
899 306 969 344 soli
999 305 1059 343 bis
1090 311 1192 342 terra
1209 302 1379 354 marique
1398 298 1582 352 profliga-

128 379 230 424 runt,
249 372 485 424 privatisque
506 371 585 410 suis
612 371 791 422 periculis
811 380 1053 407 communem
1089 365 1238 404 Graecis
1268 363 1447 403 omnibus
1478 361 1584 400 salu-

129 440 205 472 tem
233 434 454 472 attulerunt.
511 433 627 477 Quod
655 443 744 469 vero
765 433 846 478 jam
872 428 1014 474 dicam,
1040 437 1267 478 quanquam
1289 424 1329 461 id
1349 423 1456 475 prius
1476 429 1515 460 et
1533 422 1583 459 ab

129 494 213 533 aliis
244 502 304 533 est
335 494 565 546 expositum,
585 501 713 531 tamen
748 504 796 529 ne
826 503 929 528 nunc
949 489 1103 541 quidem
1127 488 1236 540 justa
1268 492 1308 523 et
1339 482 1585 523 convenienti

128 555 244 595 laude
264 556 433 599 fraudari
453 555 551 593 viros
575 554 662 592 illos
682 553 805 591 decet.
864 551 941 596 Qui
959 557 1104 602 quanto
1124 547 1350 601 praestitisse
1369 546 1496 596 Trojae
1516 558 1587 597 op-

127 618 403 667 pugnatoribus
415 619 502 664 jure
519 614 684 666 putandi
704 614 781 652 sint
799 626 849 652 ex
869 625 915 650 eo
936 618 1107 663 apparet,
1125 609 1231 661 quod
1257 608 1311 645 illi
1331 620 1353 645 e
1373 613 1457 644 tota
1476 605 1587 643 Grae-

128 677 189 716 cia
207 677 347 716 delecti
364 677 584 727 optimates,
605 675 836 714 decennium
863 687 978 712 unam
1000 674 1103 711 Asiae
1122 665 1255 709 urbem
1275 671 1493 719 obsessam,
1524 667 1588 705 vix

128 746 339 790 ceperunt:
368 739 408 776 hi
439 751 531 776 vero
565 751 612 776 ex
643 738 822 775 universo
851 736 1058 773 Persarum
1077 734 1179 785 regis
1207 732 1367 784 imperio
1398 731 1476 769 huc
1500 742 1590 781 pro-

128 800 271 838 fectum
302 800 528 846 exercitum,
548 799 613 850 qui
644 806 786 836 caetera
811 797 942 835 omnia
969 799 1244 848 prostraverat,
1273 794 1345 832 soli
1374 806 1453 832 non
1471 791 1589 830 modo

128 862 364 912 repulerunt,
381 861 450 900 sed
469 861 691 913 injuriarum
713 859 827 898 etiam
848 858 999 897 caeteris
1017 858 1209 896 factarum
1228 869 1362 909 poenas
1388 856 1436 893 ab
1459 867 1505 893 eo
1524 867 1591 893 ex·-

131 932 307 976 egerunt.
364 924 682 963 Grassationibus
716 924 806 961 item
845 922 1071 960 Graeeorum
1103 921 1202 960 inter
1238 934 1279 959 se
1313 919 1457 958 mutuis
1489 917 1592 956 obsi-

131 992 292 1034 stentes,
312 987 443 1024 omnia
460 999 548 1037 quae
567 985 735 1024 incidere
758 984 928 1036 pericula
947 984 1160 1028 subierunt,
1186 996 1210 1021 a
1235 995 1313 1034 qua
1336 987 1444 1034 parte
1465 981 1530 1032 jus
1552 986 1592 1017 et

131 1061 283 1098 aequum
316 1054 448 1094 staret,
480 1061 569 1086 cum
599 1047 665 1085 illa
697 1060 738 1085 se
766 1047 1063 1100 conjungentes,
1083 1045 1210 1083 donec
1242 1044 1293 1083 ad
1313 1044 1414 1082 hanc
1436 1050 1592 1081 aetatem

130 1109 245 1148 series
277 1111 458 1161 temporis
497 1123 569 1148 nos
600 1109 791 1162 perduxit.
849 1109 975 1147 Nemo
995 1114 1124 1146 autem
1153 1113 1266 1159 putet
1283 1120 1359 1153 me,
1387 1105 1494 1157 quod
1513 1117 1592 1142 non

130 1171 310 1210 haberem
329 1185 415 1223 quae
449 1172 499 1209 de
531 1172 693 1222 singulis
716 1170 852 1209 horum
879 1170 954 1208 dici
974 1177 1146 1221 possent,
1169 1169 1238 1208 has
1258 1183 1318 1207 res
1340 1175 1472 1219 gestas
1499 1180 1593 1205 enu-

130 1245 313 1271 merasse.
372 1232 474 1270 Nam
494 1240 534 1270 ut
553 1233 603 1270 ad
630 1232 842 1270 orationem
861 1231 1136 1270 inveniendam
1155 1230 1324 1269 omnium
1346 1229 1501 1267 minime
1522 1228 1593 1266 sim

131 1301 302 1345 paratus,
319 1293 469 1332 illorum
490 1301 618 1332 tamen
638 1294 757 1332 virtus
776 1294 858 1344 ipsa
877 1293 1041 1331 illustria
1060 1293 1184 1331 multa
1201 1291 1437 1344 suppeditat,
1450 1303 1537 1341 quae
1557 1297 1596 1328 et

130 1356 167 1393 in
186 1362 364 1408 promptu
385 1363 476 1394 sunt
507 1362 547 1394 et
571 1355 759 1408 explicari
789 1354 902 1392 facile
931 1360 1121 1406 possunt:
1153 1353 1222 1392 sed
1242 1352 1335 1390 mihi
1355 1351 1594 1403 propositum

131 1425 204 1464 est,
223 1418 432 1457 nobilitatis
451 1431 656 1469 rerumque
676 1417 929 1455 maximarum
959 1416 1066 1454 facta
1095 1415 1303 1460 mentione,
1330 1427 1447 1465 quam
1474 1413 1596 1451 celer-

133 1479 226 1518 rime
245 1480 483 1532 conjungere
503 1480 715 1518 orationem
744 1493 830 1517 cum
860 1480 975 1517 rebus
1005 1478 1141 1516 horum
1177 1478 1312 1529 gestis,
1332 1483 1388 1523 ut,
1409 1476 1595 1527 quemad-

132 1541 289 1580 modum
309 1542 394 1581 illos
415 1542 553 1581 eodem
573 1550 713 1593 genere
734 1542 873 1580 natura
900 1540 1087 1587 devinxit,
1108 1541 1161 1579 ita
1186 1539 1302 1578 etiam
1322 1538 1595 1577 communibus

135 1616 157 1640 a
177 1616 239 1641 me
259 1603 440 1642 laudibus
460 1605 727 1649 celebrentur3
759 1604 864 1654 quod
890 1604 1068 1642 existimo
1096 1602 1358 1654 gratissimum
1383 1600 1500 1639 etiam
1519 1599 1595 1638 illis

134 1678 179 1703 ac
208 1666 336 1717 potius
356 1666 522 1718 utrisque
544 1680 629 1705 esse
657 1667 845 1712 futurum,
865 1666 895 1704 si
926 1665 1025 1703 inter
1052 1678 1092 1703 se
1124 1678 1202 1703 non
1222 1664 1306 1716 ipso
1325 1670 1477 1702 tantum
1498 1668 1597 1709 ortu,

134 1727 402 1766 sed‘laudibus
421 1728 550 1774 etiam,
566 1728 706 1766 virtute
729 1741 800 1766 sua
819 1741 866 1765 ex
892 1741 1002 1779 aequo
1022 1727 1211 1765 fruantur,

187 1791 225 1827 5.
256 1790 427 1828 Necesse
461 1797 589 1828 autem
623 1796 694 1835 est,
728 1797 782 1835 ut,
817 1796 1022 1840 antequam
1055 1789 1189 1827 horum
1224 1789 1392 1826 virorum
1426 1787 1600 1825 facinora

134 1863 446 1897 commemorem,
461 1851 606 1902 aliquid
624 1850 867 1902 interponam
888 1852 1050 1889 orationi
1064 1864 1162 1889 meae
1177 1858 1216 1889 et
1231 1851 1279 1889 ab
1298 1850 1367 1896 eis,
1380 1849 1445 1901 qui
1461 1849 1600 1887 defun·

133 1911 203 1950 ctis
221 1911 335 1950 alieni
360 1913 397 1950 in
416 1912 533 1951 funus
553 1914 790 1964 prodierunt,
808 1912 1118 1951 benevolentiam
1138 1919 1283 1964 petam.
1330 1911 1433 1949 Nam
1455 1911 1487 1949 si
1508 1910 1600 1948 mihi

137 1972 178 2010 id
199 1973 366 2012 muneris
383 1983 487 2013 esset
506 1974 636 2013 datum
657 1983 701 2013 ut
720 1975 956 2026 sepulturam
976 1975 1039 2013 vel
1058 1975 1349 2026 magnificentia
1377 1982 1602 2026 sumptuum

133 2035 194 2073 vel
213 2035 344 2087 aliquo
363 2038 586 2088 spectaculo
607 2037 842 2089 equestrium
865 2036 1179 2089 gymnicorumve
1208 2037 1462 2076 certaminum
1490 2036 1601 2074 ador-

136 2109 284 2145 narem,
304 2111 380 2149 quo
409 2098 618 2138 studiosius
644 2108 684 2138 et
716 2099 914 2137 liberalius
934 2112 982 2138 ea
1000 2099 1285 2144 instruxissem,
1307 2112 1353 2137 eo
1370 2097 1494 2148 magis
1513 2098 1601 2134 sun-

136 2165 224 2198 ctus
241 2173 328 2198 esse
344 2160 493 2200 viderer
511 2162 662 2200 officio:
694 2162 776 2208 sed,
797 2174 887 2199 cum
906 2161 967 2199 hae
988 2161 1080 2199 mihi
1100 2169 1228 2213 partes
1249 2161 1443 2199 attributae
1463 2159 1539 2197 sint
1559 2165 1603 2196 ut

136 2221 254 2260 hosce
272 2222 371 2260 viros
389 2223 515 2261 verbis
541 2224 687 2270 ornem,
705 2223 779 2261 nisi
799 2223 1019 2262 auditorum
1050 2224 1180 2262 studia
1204 2223 1298 2261 mihi
1326 2221 1601 2273 suffragentur,

134 2296 269 2322 vereor
285 2297 347 2330 ne,
367 2297 444 2335 quo
463 2285 644 2336 majorem
667 2285 879 2324 adhibuero
905 2285 1158 2337 diligentiam,
1181 2299 1227 2324 eo
1253 2286 1380 2324 minus
1398 2284 1479 2323 voti
1498 2297 1602 2322 com-

137 2357 207 2396 pos
225 2345 327 2383 fiam.
386 2345 488 2383 Nam
519 2353 557 2384 et
586 2345 729 2384 divitiae
760 2353 799 2385 et
823 2346 1008 2385 velocitas
1039 2354 1079 2386 et
1098 2349 1196 2386 vires
1224 2355 1264 2386 et
1291 2361 1378 2399 quae
1399 2354 1490 2385 sunt
1518 2347 1601 2398 ejus

135 2406 285 2458 generis
317 2407 391 2446 alia
430 2408 566 2446 uberes
607 2408 689 2448 suis
727 2409 1012 2460 possessoribus
1047 2410 1194 2448 fructus
1233 2410 1496 2461 suppeditant,
1531 2422 1602 2447 nec

137 2468 272 2507 alienis
293 2469 536 2508 adminiculis
558 2477 689 2522 egent,
709 2484 796 2509 cum
819 2484 886 2522 per
907 2484 948 2509 se
969 2472 1053 2523 ipsa
1074 2472 1274 2510 excellant
1294 2472 1334 2509 in
1363 2471 1439 2516 his,
1463 2471 1603 2522 quibus

135 2531 291 2578 adsunt,
313 2532 462 2570 tametsi
498 2532 594 2571 alius
627 2546 742 2572 nemo
776 2533 892 2571 velit:
925 2540 964 2572 at
999 2534 1108 2585 lepos
1145 2534 1331 2572 orationis
1365 2534 1602 2571 audientium

139 2592 253 2631 etiam
273 2593 402 2632 studia
430 2594 599 2646 requirit,
620 2607 785 2646 quorum
816 2608 902 2646 ope,
922 2596 1098 2646 quamvis
1127 2609 1174 2634 ea
1206 2595 1451 2634 mediocriter
1483 2594 1602 2645 expli-

138 2661 227 2694 cata
244 2655 374 2702 suerit,
395 2662 434 2695 et
459 2655 622 2707 gloriam
651 2657 835 2695 conciliat
863 2665 902 2695 et
927 2658 1090 2708 gratiam
1120 2657 1311 2709 adjungit,
1333 2658 1389 2694 sin
1419 2657 1463 2694 iis
1485 2655 1604 2694 desti-

140 2717 272 2763 tuitur,
307 2718 460 2757 tametsi
493 2719 684 2758 suavitate
717 2719 900 2765 excellat,
930 2719 1128 2758 fastidium
1160 2728 1291 2757 tamen
1325 2719 1425 2769 parit
1451 2717 1604 2756 audito-

141 2778 260 2817 ribus.

193 2841 231 2878 6.
261 2841 362 2878 Cum
387 2848 516 2880 autem
543 2842 582 2880 hi
602 2843 722 2882 multa
751 2843 939 2894 gesserint
973 2852 1131 2896 propter
1151 2857 1237 2895 quae
1265 2844 1353 2895 jure
1383 2842 1604 2887 laudentur,

139 2903 351 2941 tamenubi
371 2903 420 2941 ad
437 2917 497 2942 res
519 2905 620 2955 ipsas
639 2912 864 2956 perventum
886 2913 957 2951 est,
988 2906 1124 2944 dubito
1153 2905 1245 2956 quid
1265 2905 1427 2956 primum
1451 2904 1601 2942 dicam:

141 2963 231 3014 quia
249 2965 351 3002 enim
370 2978 449 3004 uno
468 2966 680 3017 eodemque
702 2976 875 3018 tempore
896 2967 1024 3006 omnia
1050 2968 1140 3006 mihi
1174 2980 1257 3006 sese
1285 2967 1478 3018 ingerunt,
1497 2967 1538 3004 fit
1560 2973 1602 3002 ut
