1915 3356
564 194 816 234 EXORDIA
845 192 1196 231 CONCIONUM.
1519 190 1594 228 817

147 300 262 351 ἰρεοε,
280 305 363 336 tum
394 303 551 350 propter
581 304 725 336 caetera
754 302 885 336 nostra
916 295 1021 333 urbis
1055 293 1241 345 praeclara
1263 292 1450 337 facinora,
1480 303 1599 343 opera

146 359 277 398 danda
302 367 359 398 est
378 368 421 398 ut
439 360 616 398 omnibus
648 358 866 397 hominibus
897 355 1163 401 ostendamus,
1183 368 1255 393 nos
1276 355 1341 406 qui
1366 361 1404 392 et
1434 352 1600 392 antehac

144 427 184 459 et
201 434 306 460 nunc
325 431 364 459 et
382 434 533 472 semper
550 420 723 459 colendae
751 418 913 469 justitiae
942 423 982 455 et
1012 416 1131 454 simus
1157 425 1196 454 et
1220 416 1402 453 fuerimus
1422 414 1600 461 studiosi,

146 482 309 520 aliorum
339 482 593 533 quorundam,
620 481 685 530 qui
705 493 794 517 suos
821 480 923 517 cives
944 478 1158 529 opprimere
1189 477 1372 515 servitute
1399 483 1600 522 conentur,

144 545 224 595 peti
242 544 457 583 calumniis.

795 628 944 665 XXIV.

199 708 241 746 Si
268 707 403 746 iisdem
434 706 584 754 animis,
613 706 886 753 Athenienses,
905 713 944 744 et
977 703 1262 744 consulentium
1282 702 1474 741 orationes
1494 701 1601 740 audi-

143 770 249 816 retis,
265 775 304 808 et
317 769 401 821 ipsa
416 769 575 820 negotia
585 768 827 820 judicaretis,
848 767 1015 806 omnium
1032 766 1267 805 tutissimum
1283 771 1388 803 esset
1401 764 1493 803 dare
1508 776 1602 802 con-

144 831 242 870 silia.
298 831 400 869 Nam
421 833 453 869 si
481 831 640 869 feliciter
665 831 926 882 praeclareque
945 828 1360 878 cecidisset—semper
1380 826 1484 864 enim
1501 826 1602 863 bene

143 892 394 930 ominandum
422 898 697 931 est—eventus
729 904 847 930 causa
871 898 949 929 tam
974 891 1084 929 vobis
1113 902 1230 941 quam
1251 888 1399 928 suasori
1417 902 1468 926 ex
1488 900 1602 938 aequo

144 953 440 993 adscriberetur.
497 954 613 992 Nunc
644 966 725 1000 eos,
744 953 809 1005 qui
842 966 929 1004 quae
947 965 1015 990 vos
1035 951 1152 990 vultis
1183 951 1329 997 dicunt,
1349 949 1603 988 libentissime

144 1015 286 1053 auditis
306 1028 316 1054 :
345 1015 580 1066 eosdemque
604 1028 706 1067 saepe
723 1022 767 1053 ut
783 1015 1026 1067 impostores,
1047 1013 1079 1052 si
1099 1012 1193 1064 quid
1212 1013 1310 1051 forte
1330 1025 1442 1051 secus
1463 1011 1606 1050 accidit

144 1088 260 1126 quam
279 1088 348 1114 vos
366 1077 531 1123 velletis,
550 1077 758 1123 accusatis,
778 1089 857 1115 non
886 1082 1124 1128 reputantes,
1143 1075 1184 1112 in
1210 1074 1514 1126 uniuscujusque
1532 1086 1603 1125 po-

145 1143 285 1176 testate
316 1151 418 1185 esse,
437 1146 481 1176 ut
513 1145 552 1176 et
581 1139 749 1190 inquirat
773 1146 812 1176 et
830 1145 1019 1189 quantum
1040 1137 1210 1176 humano
1229 1135 1390 1175 consilio
1411 1134 1603 1187 provideri

143 1206 273 1250 potest
291 1200 436 1251 optima
455 1201 610 1251 cogitet,
628 1200 843 1251 eademque
863 1199 969 1251 apud
987 1212 1054 1238 vos
1075 1205 1257 1251 exponat,
1273 1206 1317 1236 ut
1337 1205 1467 1236 autem
1487 1197 1602 1235 etiam

142 1267 327 1311 gerantur
350 1260 585 1312 feliciterque
605 1261 834 1307 succedant,
857 1260 894 1298 id
913 1261 1081 1299 maxima
1099 1274 1147 1299 ex
1166 1267 1274 1312 parte
1293 1274 1317 1299 a
1336 1260 1490 1298 fortuna
1505 1271 1604 1310 pen-

143 1321 247 1360 dere.
304 1322 391 1361 Non
413 1329 471 1360 est
491 1330 619 1361 autem
639 1323 688 1361 ab
706 1322 861 1361 homine
880 1323 970 1374 plus
996 1322 1271 1373 requirendum
1291 1334 1407 1372 quam
1425 1327 1470 1358 ut
1488 1320 1605 1372 culpa

142 1390 305 1435 praestet
327 1385 470 1435 >suique
505 1384 655 1436 consilii
686 1385 875 1423 rationem
907 1384 1057 1429 reddat,
1078 1396 1212 1423 verum
1240 1384 1407 1421 fortunae
1426 1382 1543 1420 etiam
1562 1389 1606 1421 ut

142 1445 240 1483 ratio
268 1445 464 1492 reddatur,
484 1446 523 1484 id
555 1445 638 1484 fieri
670 1446 824 1485 omnino
851 1445 957 1485 haud
982 1452 1126 1498 potest.
1184 1445 1300 1490 Quod
1337 1445 1369 1483 si
1402 1443 1606 1495 disciplina

143 1507 324 1558 quapiam
358 1507 541 1546 traditum
574 1515 680 1547 esset
709 1521 756 1547 ac
775 1515 1032 1560 rperceptum,
1067 1521 1146 1559 qua
1174 1508 1323 1545 ratione
1354 1506 1546 1558 quispiam
1566 1512 1607 1544 et

141 1573 226 1605 tuto
245 1575 285 1607 et
303 1568 385 1607 sine
402 1569 574 1621 periculo
594 1571 900 1615 concionaretur,
917 1583 1002 1608 eam
1018 1569 1206 1607 rationem
1225 1569 1422 1620 negligere
1441 1567 1604 1605 insaniae

143 1631 281 1671 fuerit:
311 1646 400 1671 cum
419 1639 549 1672 autem
578 1646 737 1672 necesse
758 1633 807 1671 sit
827 1646 931 1680 eum,
961 1632 1026 1684 qui
1045 1631 1183 1670 futuris
1214 1632 1264 1670 de
1291 1633 1404 1670 rebus
1431 1644 1604 1683 pronun-

140 1693 231 1740 ciat,
250 1694 476 1746 participem
502 1708 634 1734 eorum
666 1708 754 1734 esse
781 1695 847 1746 qui
880 1701 1091 1746 sequentur
1122 1700 1341 1739 eventuum,
1363 1700 1414 1738 et,
1437 1693 1467 1730 si
1498 1692 1604 1744 quod

142 1755 233 1794 inde
251 1755 396 1796 crimen
416 1757 618 1804 exstiterit,
639 1770 685 1796 eo
714 1757 869 1804 involvi,
890 1763 999 1808 turpe
1028 1770 1113 1795 esse
1134 1757 1309 1795 existimo
1329 1770 1439 1795 suam
1453 1760 1604 1805 jactare

141 1817 464 1865 benevolentiam,
484 1818 515 1857 si
533 1819 637 1870 quod
656 1825 783 1857 autem
804 1832 825 1857 e
844 1819 1004 1857 consilio
1022 1818 1236 1870 periculum
1256 1818 1493 1869 impendeat,
1512 1820 1603 1857 sub-

141 1878 350 1931 terfugere.
398 1880 505 1919 Deos
523 1880 639 1932 igitur
657 1893 804 1932 precor,
824 1887 868 1918 ut
885 1893 974 1932 quae
992 1887 1033 1918 et
1049 1879 1216 1931 Reipub.
1231 1886 1271 1918 et
1291 1880 1383 1917 mihi
1402 1880 1606 1931 profutura

144 1947 247 1988 sunt,
265 1954 313 1979 ea
330 1941 371 1979 in
388 1949 555 1981 mentem
574 1942 727 1981 veniant
745 1949 785 1981 et
800 1943 892 1981 mihi
906 1949 951 1980 ut
969 1941 1112 1988 dicam,
1126 1948 1166 1979 et
1182 1941 1290 1980 vobis
1310 1947 1352 1979 ut
1366 1941 1600 1980 decernatis.

143 2001 248 2041 Nam
266 2003 404 2054 quovis
422 2004 538 2043 modo
558 2004 712 2043 studere
731 2005 930 2044 victoriam
949 2002 1124 2055 adipisci,
1138 2002 1218 2041 fieri
1237 2003 1346 2042 aliter
1363 2017 1441 2042 non
1457 2010 1604 2055 potest,

143 2065 238 2116 quin
267 2066 330 2104 vel
361 2066 522 2105 insaniae
551 2067 614 2105 vel
645 2070 726 2116 ejus
759 2067 824 2119 qui
857 2080 972 2106 suum
1004 2065 1306 2105 emolumentum
1337 2073 1488 2118 spectet
1518 2079 1604 2105 esse

144 2139 336 2166 censeam.

810 2196 936 2240 XXV.

201 2276 301 2315 Fieri
319 2289 412 2316 sane
432 2283 574 2329 potest,
594 2277 867 2324 Athenienses,
887 2285 930 2317 ut
949 2284 988 2316 et
1006 2278 1045 2316 in
1063 2278 1110 2316 iis
1131 2278 1245 2317 rebus
1271 2277 1322 2317 de
1341 2278 1481 2329 quibus
1500 2291 1604 2317 nunc

144 2337 393 2389 convenistis,
412 2338 509 2377 etin
528 2339 679 2378 caeteris
708 2340 901 2387 omnibus,
921 2340 1057 2379 eadem
1083 2340 1230 2392 optima
1257 2346 1297 2379 et
1314 2340 1423 2378 vobis
1443 2353 1528 2379 esse
1549 2340 1606 2378 vi-

144 2397 310 2438 deantur
336 2407 377 2439 et
407 2400 534 2452 reipsa
555 2401 646 2440 sint.
703 2401 820 2446 Quod
839 2408 884 2440 ut
902 2402 956 2440 ita
983 2415 1070 2441 esse
1090 2401 1318 2449 concedam,
1351 2409 1494 2448 tamen,
1515 2414 1603 2440 cum

144 2462 294 2513 magnis
313 2461 554 2514 publicisque
574 2462 623 2501 de
641 2463 755 2501 rebus
776 2462 1011 2512 deliberatis,
1031 2464 1146 2503 decet
1163 2464 1300 2516 opinor
1319 2470 1363 2502 ut
1381 2476 1518 2503 omnes
1538 2476 1604 2501 eos

143 2522 212 2574 qui
231 2522 323 2561 dare
342 2523 546 2562 consilium
561 2523 696 2563 volunt
721 2525 901 2573 audiatis,
920 2525 1135 2578 praesertim
1154 2539 1242 2565 cum
1263 2532 1375 2578 turpe
1402 2525 1465 2573 sit,
1484 2525 1605 2563 Athe-

144 2583 309 2631 menses,
328 2584 384 2623 eis
415 2586 480 2636 qui
513 2599 616 2624 nunc
647 2585 795 2638 aliquid
824 2599 980 2626 monere
1011 2587 1148 2626 volunt
1176 2588 1412 2639 obstrepere,
1440 2600 1485 2625 ac
1517 2593 1606 2638 post

144 2645 301 2684 eosdem
331 2659 378 2685 ea
406 2660 494 2698 quae
523 2647 630 2686 facta
654 2654 745 2687 sunt
763 2655 995 2688 accusantes
1015 2649 1181 2688 libenter
1198 2649 1341 2688 audire.
1400 2648 1483 2700 Ego
1503 2648 1605 2686 enim

145 2706 239 2759 satis
258 2707 351 2754 scio,
371 2708 477 2758 quod
497 2722 569 2748 nec
588 2722 658 2748 vos
678 2709 853 2761 ignorare
873 2717 981 2762 puto,
1001 2723 1106 2749 nunc
1125 2712 1294 2749 maxime
1313 2709 1420 2748 vobis
1452 2709 1606 2761 placere

145 2780 211 2806 eos
245 2768 310 2820 qui
340 2769 433 2808 talia
466 2769 614 2815 dicunt,
649 2772 779 2823 qualia
811 2785 879 2810 vos
908 2772 1156 2823 exspectatis.
1215 2772 1282 2809 Sin
1312 2770 1459 2822 aliquid
1492 2784 1606 2809 secus

146 2842 262 2880 quam
281 2842 349 2868 vos
369 2831 485 2870 modo
504 2833 662 2883 putatis,
680 2833 784 2885 quod
818 2834 930 2878 absit,
950 2833 1149 2878 acciderit,
1171 2833 1251 2871 fore
1275 2839 1319 2869 ut
1348 2844 1415 2869 vos
1438 2832 1486 2869 ab
1520 2832 1604 2870 istis

147 2889 334 2941 deceptos
352 2904 441 2930 esse
459 2894 698 2943 queramini:
729 2908 796 2933 eos
817 2901 961 2939 autem,
981 2908 1076 2946 quos
1098 2909 1202 2933 nunc
1222 2894 1372 2947 ejicitis,
1393 2900 1474 2932 tum
1500 2901 1604 2933 recte

148 2949 274 2988 dicere
299 2952 503 2992 censeatis.
559 2955 631 2994 Est
649 2964 775 2994 autem
797 2955 892 3000 istis,
925 2955 989 3007 qui
1012 2956 1117 2995 vobis
1145 2956 1218 2994 ista
1250 2955 1415 2994 maxime
1444 2968 1605 3007 persua-

840 3019 864 3052 5
888 3030 915 3054 M
