1948 3306
352 159 429 196 824
759 162 1005 203 EXORDIA
1037 163 1392 203 CONCIONUM.

347 267 392 299 ut
423 260 474 308 hi,
494 263 559 314 qui
592 263 690 303 tales
710 273 802 304 sunt
824 268 960 318 quales
979 281 1046 305 vos
1067 267 1256 319 perhiberi
1287 266 1418 312 vultis,
1449 266 1488 304 in
1513 267 1627 305 rebus
1653 265 1801 318 asperis

348 329 463 374 atque
484 324 664 375 periculis
684 327 767 365 aliis
795 336 992 379 praestent.
1050 330 1137 378 Ego
1157 342 1248 366 vero
1266 329 1430 367 maxime
1447 328 1586 368 vellem
1604 328 1688 367 haec
1708 328 1801 368 civi-

347 386 415 422 tati
434 392 575 425 nostrae
593 400 671 426 non
691 389 892 435 accidisse,
909 404 1035 442 neque
1055 404 1122 429 vos
1142 391 1220 429 ulla
1235 390 1347 429 clade
1366 389 1463 428 affici
1480 403 1489 428 :
1520 390 1580 428 sin
1599 396 1728 429 autem
1746 390 1802 428 ita

346 445 426 484 fieri
446 449 624 498 oportuit,
653 457 692 487 et
711 451 795 489 haec
816 452 895 490 fato
914 453 1081 502 quodam
1109 452 1299 490 destinata
1326 453 1495 498 fuerunt,
1515 451 1696 502 expedire
1717 451 1796 502 opi-

346 520 430 557 nor,
451 515 495 547 ut
526 510 599 548 ista
628 511 703 550 hoc
735 513 851 550 modo
883 525 959 563 quo
991 513 1218 552 acciderunt
1243 514 1450 552 evenirent.
1508 513 1680 551 Fortuna
1698 513 1800 550 enim

345 572 489 611 celeres
507 572 627 610 habet
647 574 877 612 mutationes
897 581 935 612 et
954 575 1069 613 modo
1089 575 1160 614 hos
1181 576 1296 613 modo
1317 575 1401 613 illos
1428 575 1533 613 fovet
1552 581 1621 612 aut
1639 572 1798 624 affligit:

346 645 433 684 quae
460 646 550 671 vero
580 633 735 684 ignavia
752 635 917 672 virorum
937 636 1048 681 fiunt,
1070 649 1116 674 ea
1144 637 1300 674 demum
1333 643 1559 675 constantes
1579 635 1712 673 clades
1731 647 1800 685 pa·
1832 655 1837 665 ι

344 694 460 732 riunt.
495 743 497 745 ι
516 695 574 731 Ac
595 708 642 732 ne
661 695 827 733 victores
846 696 1001 747 quidem
1023 697 1201 748 ignorare
1227 697 1372 748 opinor,
1403 698 1435 735 si
1454 711 1521 736 vos
1538 696 1663 735 velitis
1684 703 1800 747 atque

344 756 418 793 hoc
437 768 527 793 casu
547 756 778 803 excitemini,
797 758 968 795 nondum
989 759 1081 797 satis
1110 772 1197 797 esse
1217 759 1456 810 exploratum
1481 765 1611 797 utrum
1640 765 1801 797 eventus

344 817 410 855 ille
444 817 617 855 felicitati
655 818 704 855 sit
739 831 789 856 an
821 827 956 858 contra
988 821 1198 859 calamitati
1224 820 1524 859 adscribendus:
1554 821 1612 858 sin
1647 820 1802 859 fortuna

345 878 549 917 secundior
567 879 714 917 inflavit
733 893 864 918 eorum
886 882 1034 920 animos
1055 890 1098 920 ut
1118 881 1368 927 insolescant,
1390 882 1430 920 id
1450 894 1601 933 quoque
1614 883 1697 933 jam
1716 895 1738 920 e
1757 894 1799 920 re

343 948 470 979 vestra
488 940 616 979 fuerit.
672 941 775 980 Nam
795 956 872 993 quo
892 944 1104 983 securiores
1119 950 1245 991 erunt,
1265 956 1311 982 eo
1326 943 1477 982 facilius
1495 943 1771 996 opprimentur.

953 1050 1186 1088 XXXVIII.

396 1125 477 1164 Vos
493 1139 581 1175 mea
599 1127 804 1174 sententia,
827 1127 1104 1174 Athenienses,
1123 1141 1203 1167 non
1222 1127 1271 1167 de
1290 1141 1337 1168 ea
1353 1135 1506 1167 tantum
1523 1141 1640 1179 quam
1656 1127 1800 1180 putatis

342 1187 508 1234 civitate,
530 1189 598 1226 sed
628 1190 677 1226 de
710 1189 906 1228 foederatis
940 1190 1158 1229 civitatibus
1189 1190 1367 1229 omnibus
1401 1190 1637 1229 deliberatis.
1695 1190 1797 1228 Nam

341 1257 456 1302 prout
470 1250 516 1289 de
535 1251 607 1289 hac
628 1252 850 1299 statueritis,
864 1253 1061 1303 probabile
1086 1260 1144 1291 est
1172 1253 1253 1291 fore
1276 1259 1320 1290 ut
1343 1252 1492 1304 reliqui,
1510 1253 1550 1290 in
1570 1251 1645 1289 hoc
1665 1264 1798 1290 exem-

342 1312 448 1363 plum
468 1312 676 1363 intuentes,
698 1313 837 1351 eodem
867 1314 982 1351 modo
1012 1320 1138 1352 actum
1161 1313 1204 1351 iri
1236 1327 1366 1352 secum
1386 1313 1619 1351 existiment.
1670 1313 1800 1357 Quare

341 1389 428 1414 cum
455 1383 609 1428 propter
638 1390 828 1415 summam
855 1377 1058 1415 utilitatem
1088 1383 1170 1415 tum
1205 1376 1337 1428 gloriae
1356 1382 1495 1414 vestrae
1528 1388 1648 1413 causa
1669 1375 1801 1413 danda

340 1442 412 1475 est‘
432 1451 559 1489 opera,
581 1444 623 1476 ut
655 1438 768 1476 simul
797 1445 836 1476 et
864 1438 1009 1477 utiliter
1028 1444 1067 1477 et
1087 1438 1192 1490 juste
1217 1438 1450 1477 deliberasse
1468 1436 1687 1476 videamini.
1740 1437 1799 1474 Ac

340 1499 544 1537 auctoritas
564 1499 790 1551 hujusmodi
817 1513 945 1538 rerum
971 1513 1090 1551 penes
1110 1513 1242 1538 omnes
1272 1500 1395 1538 duces
1420 1504 1508 1537 est:
1537 1511 1702 1549 quorum
1720 1497 1802 1549 ple-

338 1560 442 1611 rique
463 1573 550 1598 cum
572 1574 593 1598 e
609 1567 734 1599 vestro
754 1568 870 1612 portu
891 1561 1057 1607 solvunt,
1075 1574 1152 1598 non
1166 1567 1315 1599 vestros
1331 1554 1490 1606 amicos,
1508 1573 1606 1612 quos
1626 1561 1674 1598 ab
1694 1558 1799 1597 omni

338 1634 422 1659 aevo
441 1621 653 1661 eorundem
681 1621 942 1673 periculorum
969 1621 1093 1660 socios
1119 1633 1319 1671 accepere,
1340 1620 1413 1658 sibi
1438 1621 1626 1659 colendos
1646 1624 1800 1672 putant,

338 1684 409 1722 sed
442 1683 654 1735 peculiares
682 1684 846 1735 quisque
872 1683 1015 1722 amicos
1045 1683 1117 1722 sibi
1148 1683 1342 1728 conciliat,
1363 1689 1403 1721 et
1423 1695 1514 1721 suos
1542 1688 1800 1721 assentatores

336 1746 455 1797 recipi
490 1747 528 1784 in
556 1752 725 1784 vestram
757 1745 963 1784 amicitiam
993 1751 1169 1796 oportere
1193 1751 1349 1788 censet;
1379 1757 1467 1783 cum
1488 1750 1622 1783 contra
1642 1743 1800 1782 omnino

336 1806 418 1846 fieri
446 1807 600 1846 debeat.
659 1807 744 1846 Nec
781 1809 883 1846 enim
914 1807 1161 1858 inimiciores‚
1192 1807 1255 1845 vel
1288 1819 1386 1857 quos
1415 1819 1579 1845 necesse
1610 1806 1660 1844 sit
1691 1805 1799 1844 vobis

337 1870 461 1921 magis
481 1883 566 1908 esse
585 1869 762 1908 inimicos
781 1869 900 1916 hisce,
920 1869 1133 1920 reperietis.
1191 1869 1279 1913 Quo
1305 1868 1407 1906 enim
1432 1867 1607 1919 pluribus
1625 1867 1665 1905 in
1683 1867 1800 1905 rebus

334 1944 405 1969 vos
426 1931 626 1982 decipiunt
641 1944 808 1982 suasque
821 1931 1052 1983 cupiditates
1070 1944 1139 1983 per
1156 1930 1333 1982 injuriam
1348 1929 1520 1981 explent,
1539 1941 1586 1967 eo
1606 1941 1648 1966 se
1661 1941 1799 1979 poenas

336 1993 470 2033 mereri
504 1994 698 2045 graviores
728 1999 901 2032 censent.
959 1994 1086 2032 Nemo
1114 2001 1246 2032 autem
1277 1992 1422 2032 amicus
1443 1992 1478 2029 ei
1499 2004 1588 2030 esse
1615 1997 1756 2043 potest,
1775 2003 1800 2029 a

336 2069 413 2107 quo
447 2055 591 2094 malum
625 2055 781 2107 aliquod
806 2062 1021 2108 exspectat.
1078 2056 1207 2106 Atque
1235 2053 1432 2094 accusatio
1451 2054 1615 2092 fortasse
1634 2066 1713 2092 non
1737 2058 1800 2092 est

335 2117 450 2170 hujus
469 2117 680 2169 temporis:
710 2131 798 2169 quae
819 2130 910 2156 vero
930 2116 1037 2155 vobis
1056 2117 1259 2169 profutura
1278 2124 1386 2169 puto,
1406 2128 1455 2155 ea
1473 2115 1658 2154 suadebo.

966 2223 1155 2261 XXXIX.

391 2302 606 2350 Neminem,
639 2302 912 2349 Athenienses,
933 2303 1105 2341 omnium
1137 2307 1304 2340 vestrum
1332 2301 1386 2340 ita
1412 2301 1548 2353 opinor
1566 2299 1796 2338 malevolum

336 2376 420 2402 esse
442 2364 682 2416 Reipub.,ut
702 2378 780 2402 non
801 2365 968 2415 graviter
987 2364 1225 2415 molesteque
1252 2363 1352 2402 ferat
1373 2377 1420 2402 ea
1449 2376 1538 2415 quae
1568 2363 1674 2402 facta
1693 2368 1799 2402 sunt.

338 2425 455 2469 Quod
479 2425 511 2463 si
532 2425 751 2476 quiritando
782 2426 987 2476 quicquam
1007 2425 1144 2463 horum
1173 2425 1358 2464 infectum
1390 2425 1471 2464 fieri
1502 2417 1646 2477 posset,
1666 2424 1704 2463 id
1724 2437 1798 2475 ego

335 2487 443 2525 vobis
459 2487 638 2526 omnibus
659 2487 862 2525 suaderem
880 2500 889 2525 :
921 2487 990 2526 sed
1010 2487 1100 2537 quia
1119 2487 1185 2526 illa
1205 2487 1344 2526 mutari
1359 2484 1464 2525 nullo
1483 2487 1599 2525 modo
1618 2492 1798 2538 possunt,

336 2549 405 2588 sed
425 2549 573 2600 reliqua
591 2549 832 2600 providenda
851 2556 956 2595 sunt,
981 2557 1025 2586 ut
1055 2562 1104 2586 ne
1136 2549 1175 2586 in
1206 2550 1368 2588 eandem
1395 2549 1573 2587 fraudem
1603 2547 1798 2594 incidatis,

335 2611 676 2663 quemadmodum,
707 2611 981 2657 Athenienses,
1009 2611 1059 2648 ob
1087 2623 1133 2648 ea
1158 2624 1246 2661 quae
1267 2623 1370 2649 nunc
1388 2611 1492 2648 facta
1511 2615 1601 2647 sunt
1618 2608 1798 2660 indigna-

335 2673 440 2720 mini,
461 2673 516 2711 sic
535 2686 653 2724 opera
671 2672 801 2711 danda
820 2679 880 2711 est
898 2686 946 2710 ne
967 2672 1102 2710 eadem
1121 2671 1250 2711 denuo
1270 2672 1462 2717 eveniant,
1481 2684 1554 2710 nec
1575 2670 1798 2709 existiman-

336 2734 428 2773 dum
448 2735 571 2773 ullum
592 2748 789 2773 suasorem
810 2735 951 2773 talibus
973 2733 1098 2772 verbis
1126 2747 1213 2772 esse
1232 2733 1477 2779 instructum,
1496 2732 1561 2784 qui
1588 2731 1797 2784 rempubli-

335 2809 422 2834 cam
442 2797 539 2835 tueri
563 2797 701 2848 possit,
726 2795 878 2834 nemine
903 2803 1073 2834 vestrum
1094 2809 1204 2834 suam
1225 2809 1380 2847 operam
1401 2795 1638 2833 conferente.
1694 2793 1797 2832 Nam

335 2857 367 2895 is
401 2859 556 2908 quidem
583 2872 661 2897 non
693 2864 833 2905 orator,
855 2858 922 2896 sed
951 2857 1047 2896 deus
1068 2858 1193 2896 fuerit.
1249 2859 1307 2896 Ac
1338 2858 1425 2896 fons
1450 2856 1588 2895 horum
1607 2855 1796 2894 malorum

335 2919 425 2957 hinc
454 2920 584 2967 oritur,
615 2921 720 2972 quod
757 2927 951 2959 oratorum
984 2920 1141 2970 quidam
1174 2920 1223 2958 ad
1258 2919 1420 2971 gratiam
1454 2918 1595 2970 pusillo
1622 2923 1795 2968 tempore
