1948 3306
319 203 398 240 61⁴2
680 200 976 242 ADVERSUS
1008 198 1420 241 MACARTATUM.

320 306 464 358 gaiam,
486 303 732 351 Eubulidem,
754 305 954 352 Stratium,
976 305 1214 351 Habronem,
1235 311 1275 344 et
1294 303 1557 343 Cleocritum:
1586 301 1626 340 hi
1649 313 1785 340 omnes

321 367 456 405 Buseli
475 366 542 405 filii
560 367 630 405 viri
650 367 741 405 facti
768 373 870 413 sunt,
889 367 988 406 inter
1010 380 1107 417 quos
1128 379 1262 405 omnes
1282 365 1451 404 Buselus
1473 363 1676 403 facultates
1696 374 1788 401 suas

321 436 424 467 recte
443 436 482 467 et
494 432 611 478 juste,
632 436 674 467 ut
694 429 964 475 conveniebat,
985 428 1191 467 distribuit.
1232 428 1369 466 Partiti
1388 426 1609 472 facultates,
1629 436 1787 463 uxorem

322 491 487 543 quisque
507 491 618 529 duxit
637 499 680 529 ut
697 491 804 541 leges
825 497 962 528 vestrae
979 491 1139 540 jubent:
1169 496 1208 528 et
1224 490 1291 528 filii
1310 489 1390 528 nati
1410 495 1501 526 sunt
1527 486 1582 526 eis
1607 486 1788 525 omnibus

322 560 362 591 et
388 559 577 605 nepotes:
609 553 799 603 factaeque
831 558 921 590 sunt
953 565 1001 590 ex
1033 552 1148 590 unica
1178 551 1314 590 Buseli
1345 550 1515 602 quinque
1543 547 1722 588 familiae:
1752 553 1790 586 et

323 615 482 654 seorsim
504 615 670 667 quisque
689 614 889 660 habitavit,
912 626 1020 652 suam
1041 613 1203 664 quisque
1219 613 1377 651 domum
1397 611 1545 658 habuit,
1564 616 1604 649 et
1618 609 1791 649 sobolem
1826 635 1830 644 .

324 678 554 728 procreavit.
614 676 676 715 De
695 677 819 715 tribus
839 675 954 727 igitur
971 676 1152 714 fratribus
1172 675 1305 713 Buseli
1324 674 1410 713 filiis
1430 685 1640 724 eorumque
1660 677 1791 726 postef

322 738 388 784 ris,
408 738 584 784 Judices,
605 738 696 789 quid
718 750 792 789 ego
812 737 921 776 vobis
941 737 1140 788 negotium
1159 737 1350 776 facessam
1371 743 1411 775 et
1428 735 1522 774 mihi
1539 734 1626 787 ipsi,
1644 734 1693 773 de
1713 734 1791 772 sin-

323 801 425 852 gulis
446 799 724 839 memorando?
754 800 854 838 Cum
874 800 976 838 enim
997 800 1035 837 in
1056 799 1194 837 eodem
1209 800 1287 838 sint
1303 812 1445 850 genere
1464 810 1552 836 cum
1570 797 1790 848 Theopom-

323 875 374 913 po
394 868 432 900 et
451 876 584 901 omnes
604 875 716 913 aeque
745 862 940 913 Hagniam
961 863 1168 912 attingant,
1188 863 1298 912 cujus
1328 868 1390 900 est
1415 859 1639 905 haereditas,
1659 858 1790 897 nullus

323 937 456 962 eorum
469 938 594 976 neque
607 925 712 976 prius
728 937 897 974 unquam
918 936 1045 975 neque
1065 937 1170 962 nunc
1184 924 1370 962 molestus
1387 922 1496 961 nobis
1512 921 1586 960 fuit
1603 927 1671 960 aut
1682 920 1791 959 litem

323 987 456 1033 movit,
472 1000 596 1037 neque
614 986 675 1025 vel
696 986 745 1024 de
763 985 994 1024 haereditate
1010 984 1179 1036 Hagniae
1193 985 1253 1023 vel
1273 985 1322 1023 de
1337 984 1497 1022 muliere
1510 982 1660 1035 pupilla
1672 994 1791 1033 quam

323 1059 398 1098 ego
422 1047 555 1086 ‘habeo
575 1047 614 1085 in
640 1047 788 1099 judicio
823 1046 1024 1086 nobiscum
1051 1046 1269 1093 contendit,
1300 1045 1368 1085 sed
1402 1045 1672 1084 existimarunt
1697 1043 1792 1082 nihil

323 1122 480 1161 prorsus
501 1109 551 1162 ad
568 1122 610 1148 se
627 1109 790 1148 attinere
807 1107 995 1162 quicquid
1015 1115 1123 1148 esset
1142 1108 1324 1160 Hagnioe.
1359 1108 1701 1160 Supervacaneum
1721 1105 1792 1157 igi-

324 1178 388 1209 tur
418 1171 510 1209 mihi
534 1184 622 1211 esse
649 1171 802 1210 videtur
821 1172 1028 1223 quicquam
1048 1171 1096 1210 de
1115 1171 1173 1209 his
1192 1171 1338 1218 dicere,
1359 1171 1432 1209 nisi
1454 1176 1648 1222 quatenus
1675 1167 1792 1206 attin-

324 1233 496 1285 gendum
526 1234 618 1272 erit:
649 1234 697 1273 de
716 1235 968 1286 Theopompo
998 1241 1130 1273 autem
1151 1233 1360 1272 Macartati
1389 1239 1512 1285 patre,
1532 1239 1572 1271 et
1598 1232 1680 1284 ipso
1703 1230 1793 1269 Ma-

324 1301 489 1342 cartato,
510 1295 559 1333 de
578 1296 636 1334 his
657 1303 719 1349 est
739 1296 831 1334 mihi
846 1296 1067 1335 necessario
1087 1294 1306 1334 dicendum.
1350 1294 1430 1334 Res
1450 1300 1595 1342 autem,
1615 1291 1793 1340 Judices‚

328 1357 463 1408 paucis
486 1358 657 1409 expediri
674 1365 819 1410 potest.

380 1422 417 1457 7·.
453 1421 504 1458 Ut
535 1421 653 1472 paulo
679 1428 769 1459 ante
798 1421 1016 1468 audivistis,
1036 1420 1182 1459 Buselo
1202 1420 1373 1472 quinque
1398 1418 1499 1458 filios
1521 1418 1642 1458 fuisse
1656 1417 1791 1468 natos,

324 1481 463 1520 horum
484 1496 585 1522 unus
604 1482 678 1521 fuit
698 1484 876 1531 Stratius,
897 1497 919 1522 a
938 1497 1015 1536 quo
1045 1483 1289 1522 Macartatus
1319 1481 1504 1536 oriundus
1534 1488 1609 1528 est,
1630 1487 1670 1520 et
1697 1481 1795 1520 alter

326 1543 519 1596 Hagnias,
552 1558 576 1583 a
605 1558 682 1596 quo
702 1559 799 1597 puer
821 1545 886 1584 hic
907 1545 1094 1596 originem
1116 1545 1236 1584 ducit.
1293 1543 1417 1588 Natus
1443 1550 1574 1582 autem
1605 1548 1664 1582 est
1691 1541 1794 1581 filius

326 1605 495 1657 Hagniae
516 1606 688 1653 Polemo,
710 1614 750 1646 et
773 1607 852 1646 filia
882 1607 1162 1659 Phylomache,
1182 1619 1289 1646 soror
1309 1606 1532 1645 Polemonis
1552 1618 1737 1658 germana
1756 1610 1797 1644 et

324 1667 492 1706 uterina:
517 1668 660 1706 Stratio
683 1669 851 1720 Hagniae
873 1669 990 1709 fratre
1009 1670 1090 1708 nati
1110 1669 1468 1708 suntPhanostrate
1488 1674 1528 1709 et
1541 1667 1796 1708 Charidemus

328 1729 539 1768 Macartati
561 1743 670 1768 avus.
706 1731 738 1768 E
758 1731 865 1769 vobis
887 1731 1004 1783 igitur
1024 1744 1172 1783 quaero,
1186 1731 1361 1777 Judices,
1379 1738 1467 1770 uter
1485 1729 1731 1783 conjunctior
1745 1728 1797 1768 sit

326 1799 365 1831 et
389 1793 546 1845 propior
561 1794 744 1846 Hagniae,
768 1795 802 1833 is
830 1795 991 1833 Polemo
1020 1794 1136 1842 filius,
1155 1801 1195 1833 et
1213 1794 1292 1833 filia
1318 1793 1600 1847 Phylomache,
1620 1807 1671 1836 an
1688 1793 1795 1832 Cha-

325 1854 496 1893 ridemus
525 1856 656 1894 Stratii
680 1847 798 1902 filius,
820 1856 988 1907 Hagniae
1012 1866 1060 1895 ex
1075 1856 1194 1895 fratre
1213 1855 1364 1909 nepos?
1413 1856 1499 1908 Ego
1513 1855 1670 1907 quidem
1689 1862 1795 1894 certe

325 1916 462 1968 opinor
478 1917 598 1955 filium
617 1924 656 1956 et
675 1918 792 1956 filiam
812 1918 1022 1969 unicuique
1041 1925 1215 1957 nostrum
1234 1919 1351 1970 longe
1369 1917 1675 1970 conjunctiorem
1693 1929 1795 1964 esse,

324 1991 438 2029 quam
472 1979 595 2017 fratris
625 1979 817 2018 soror-isve
846 1979 991 2017 filium:
1021 1993 1146 2031 neque
1174 1980 1280 2032 apud
1310 1992 1380 2019 nos
1407 1979 1547 2028 solum,
1578 1978 1660 2027 sedj
1678 1978 1795 2017 etiam

326 2041 430 2092 apud
450 2048 614 2079 caeteros
634 2048 716 2079 tum
740 2041 902 2080 Graecos
921 2049 1003 2079 tum
1020 2042 1212 2081 Barbaros
1230 2042 1308 2082 hoc
1329 2048 1528 2093 receptum
1547 2048 1620 2080 est.
1677 2040 1795 2086 Quod

325 2115 414 2140 eum
453 2103 492 2140 iu
524 2103 707 2141 confesso
738 2102 800 2148 sit,
831 2102 945 2140 facile
979 2103 1062 2154 jam
1089 2110 1245 2150 caetera,
1273 2103 1449 2150 Judices,
1481 2102 1717 2155 intelligetis,
1755 2108 1796 2142 et

325 2164 422 2203 istos
450 2164 627 2202 homines
657 2177 745 2203 esse
771 2164 962 2202 violentos
988 2171 1026 2203 et
1045 2171 1259 2215 protervos,
1283 2165 1472 2204 sentietis.

379 2227 416 2264 8.
446 2225 667 2265 Polemonis
687 2227 787 2265 enim
817 2226 985 2278 Hagniae
1013 2226 1080 2264 filii
1107 2225 1208 2265 filius
1233 2227 1307 2265 fuit
1333 2226 1529 2278 HagniaS,
1547 2225 1685 2265 eodem
1705 2239 1794 2265 cum

326 2301 399 2326 avo
419 2301 490 2326 suo
511 2288 668 2339 Hagnia
685 2288 855 2327 nomine.
912 2288 966 2326 Et
997 2288 1027 2326 is
1046 2288 1205 2339 quidem
1224 2288 1415 2340 posterior
1435 2288 1614 2340 Hagnias
1642 2288 1727 2327 sine
1746 2289 1793 2327 li-

326 2349 428 2388 beris
449 2350 638 2389 decessit:
668 2350 947 2402 Phylomachae
967 2356 1110 2396 autem,
1132 2350 1272 2389 sororis
1296 2350 1534 2398 Polemonis,
1553 2356 1593 2389 et
1619 2349 1794 2402 Philagri

325 2412 442 2450 —-cui
461 2412 571 2450 dedit
584 2424 670 2450 eam
688 2411 804 2451 frater
824 2411 999 2458 Polemo,
1016 2412 1158 2465 quippe
1179 2412 1348 2464 patrueli
1367 2425 1438 2451 suo
1455 2425 1464 2450 ε
1494 2411 1678 2464 Philager
1690 2412 1793 2452 enim

325 2475 426 2514 filius
447 2476 520 2514 fuit
539 2475 744 2515 Eubulidae
764 2475 892 2514 fratris
913 2476 1148 2528 Hagniae-,
1170 2476 1344 2528 Philagri
1363 2489 1457 2515 sane
1477 2476 1662 2528 patruelis
1677 2476 1794 2515 Pole-

324 2537 464 2584 monis,
483 2538 585 2576 filius
604 2537 678 2576 fuit
696 2537 910 2576 Eubulides
925 2545 1121 2576 maternus
1143 2551 1236 2577 avus
1255 2539 1374 2590 hujus
1394 2538 1516 2591 pueri.
1557 2539 1608 2577 Et
1625 2538 1666 2577 hi
1685 2538 1793 2577 liberi

323 2599 482 2638 fuerunt
511 2599 730 2645 Polemoni,
759 2606 812 2646 et,
844 2599 964 2638 sorori
993 2599 1232 2646 Polemonis,
1253 2599 1560 2653 Phylomachae:
1601 2613 1622 2640 e
1655 2599 1794 2638 Chari-

325 2660 440 2700 demo
460 2667 590 2700 autem
609 2668 723 2700 natus
743 2667 816 2706 est,
840 2661 971 2700 Stratii
1001 2660 1093 2705 filio,
1121 2661 1396 2714 Theopompus
1423 2667 1536 2714 pater
1566 2661 1793 2701 Macartati.

326 2722 467 2762 Denuo
486 2723 602 2782 igitUJ
621 2736 766 2776 quaero,
792 2723 968 2770 Judiees,
988 2728 1072 2762 uter
1095 2723 1340 2774 conjunctior
1367 2723 1418 2762 sit
1448 2731 1488 2762 et
1517 2723 1676 2776 propior
1708 2724 1793 2763 Ha·

325 2785 441 2835 gniae,
474 2785 597 2837 primo
632 2785 699 2826 illi.
727 2785 949 2823 Polemonis
980 2784 1080 2822 filius
1116 2784 1306 2836 Hagnias,
1331 2791 1372 2824 et
1400 2784 1615 2824 Eubulides
1646 2785 1791 2838 Phylo-

324 2846 475 2884 machae
494 2848 595 2886 filius
615 2854 654 2887 et
674 2847 859 2899 Philagri‚
880 2860 930 2886 an
954 2846 1232 2899 Theopompus
1266 2846 1489 2886 Charidemi
1513 2847 1629 2895 filius,
1656 2847 1790 2887 Stratii

324 2907 476 2959 nepos?
507 2908 591 2960 Ego
623 2908 818 2955 existimo,
842 2908 1018 2954 Judices,
1039 2907 1070 2946 si
1099 2907 1256 2959 quidem
1284 2915 1324 2948 et
1345 2908 1445 2948 filius
1479 2908 1602 2949 multo
1629 2910 1791 2962 conjun-

324 2970 422 3008 ctior
442 2977 500 3008 est
518 2978 557 3009 et
575 2970 667 3017 filia,
681 2984 826 3019 rursus,
848 2985 870 3010 e
890 2971 967 3010 filio
984 2978 1024 3010 et
1041 2985 1062 3009 e
1082 2970 1160 3010 filia
1179 2977 1313 3011 natum
1333 2971 1467 3020 filium,
1484 2972 1559 3012 hos
1583 2986 1670 3012 esse
1695 2986 1789 3012 con-
