1915 3356
595 200 818 240 CONTRA
847 196 1111 237 NEAERAM.
1498 190 1574 229 789

126 307 296 359 exigens,
326 306 421 346 istos
454 307 493 346 in
519 306 707 360 judicium
733 303 881 350 vocavi,
912 306 1130 351 vestraeque
1159 298 1379 338 auctoritati
1415 293 1577 347 subjeci.

127 369 253 408 Decet
278 375 406 408 autem
432 382 500 408 vos
530 381 685 421 quoque
711 365 943 410 existimare,
973 375 1051 401 non
1072 361 1172 400 clam
1191 361 1272 399 fore
1300 360 1411 405 deos,
1428 358 1469 396 in
1482 369 1579 409 quos

123 430 188 469 isti
204 430 307 482 impii
323 431 490 478 fuerunt,
519 431 613 482 quid
643 435 812 468 vestrum
840 425 1110 477 unusquisque
1129 423 1321 469 decernat,
1341 429 1380 459 et
1408 421 1462 458 ita
1486 431 1579 471 pro-

125 492 320 540 nunciare,
340 500 384 532 ut
404 493 558 545 justitia
589 491 751 542 flagitat,
772 502 818 527 ac
846 486 984 526 ulcisci
1003 486 1076 524 diis
1095 484 1261 523 maxime
1278 482 1419 521 factam
1442 486 1579 519 contu-

126 554 295 602 meliam,
327 555 466 594 deinde
493 554 600 593 vobis
629 553 745 592 etiam
781 551 890 603 ipsis.
947 549 1046 594 Quae
1077 549 1111 586 si
1140 545 1324 591 feceritis,
1350 555 1485 582 omnes
1510 553 1581 580 vos

126 615 227 655 hanc
246 629 419 663 causam,
438 629 515 667 qua
539 628 613 667 ego
644 614 823 652 Neaeram
859 626 884 664 p
899 625 920 650 e
936 625 986 650 re
1001 610 1119 662 grin
1136 621 1211 648 am
1245 607 1343 645 civi
1371 609 1581 656 nuptam

127 679 322 727 accusavi,
337 677 519 732 praeclare
536 684 576 717 et
588 677 695 730 juste
715 675 953 726 dijudicasse
973 672 1261 712 existimabunt.

478 1089 1247 1147 DEMOSTHENIS

551 1265 797 1309 ORATIO
829 1263 1174 1307 FUNEBRIS.

785 1421 947 1429 *—

191 1513 227 1551 1.
257 1511 395 1556 Quum
417 1509 520 1558 viris,
539 1509 606 1561 qui
623 1509 662 1548 in
681 1509 1016 1553 hoc‚moniment0
1034 1508 1178 1548 conditi
1192 1514 1296 1555 sunt,
1315 1506 1421 1559 quod
1440 1506 1479 1545 in
1493 1505 1598 1545 bello

135 1581 294 1615 strenue
314 1588 356 1613 se
377 1579 596 1625 gesserunt,
615 1571 815 1624 publicum
834 1572 952 1610 funus
980 1586 1005 1610 a
1042 1578 1179 1610 senatu
1215 1570 1437 1622 populoque
1465 1568 1599 1607 decre-

134 1644 230 1684 tum,
251 1636 423 1688 mihique
438 1634 666 1674 mandatum
686 1641 789 1673 esset
806 1641 852 1672 ut
880 1647 948 1686 pro
974 1647 1081 1672 more
1101 1633 1314 1672 orationem
1335 1632 1382 1669 de
1402 1630 1457 1670 eis
1477 1631 1599 1669 habe-

133 1693 228 1746 rem,
260 1697 390 1736 statim
424 1696 606 1748 cogitavi,
635 1708 713 1748 qua
744 1697 890 1736 ratione
914 1709 983 1748 pro
1004 1697 1140 1735 merito
1169 1695 1321 1734 laudari
1345 1701 1529 1746 possent:
1560 1707 1601 1732 re

135 1768 264 1801 autem
284 1767 468 1813 suscepta
485 1768 525 1798 et
542 1760 743 1807 meditata,
763 1773 832 1813 pro
861 1760 1133 1799 defunctorum
1162 1759 1350 1811 dignitate
1378 1759 1497 1797 verba
1520 1757 1604 1796 fieri

132 1837 251 1877 posse
271 1837 295 1862 a
309 1823 462 1862 nemine
481 1822 733 1874 deprehendi.
790 1823 868 1866 Qui
887 1823 989 1862 enim
1009 1837 1032 1862 a
1058 1831 1196 1862 natura
1224 1823 1493 1874 ingeneratum
1521 1835 1604 1860 om-

133 1885 250 1924 nibus
286 1885 441 1924 vivendi
473 1884 708 1924 desiderium
744 1885 938 1937 aspernati
976 1894 1079 1932 sunt,
1099 1892 1139 1924 et
1171 1887 1403 1924 occumbere
1437 1884 1604 1923 honeste

133 1960 251 1999 quam
270 1946 453 1986 afflictam
482 1944 645 1984 Graeciae
671 1946 866 1985 fortunam
893 1947 1068 1985 viventes
1101 1960 1260 1985 cernere
1290 1947 1523 1992 maluerunt,
1554 1958 1605 1983 an

132 2021 214 2047 non
244 2021 331 2047 eam
355 2021 438 2047 suae
470 2008 620 2048 virtutis
657 2009 884 2048 memoriam
918 2009 1110 2060 reliquere
1141 2023 1257 2061 quam
1286 2010 1394 2047 nulla
1424 2021 1607 2061 superare

135 2069 263 2122 possit
281 2069 436 2109 oratio?
484 2070 599 2115 Quod
621 2083 710 2108 cum
728 2071 783 2123 ita
811 2071 872 2117 sit,
894 2078 1026 2109 tamen
1051 2078 1096 2109 ut
1122 2071 1187 2109 alii
1205 2071 1381 2110 fecerunt
1401 2071 1607 2117 hactenus,

135 2132 192 2171 ita
211 2138 252 2171 et
266 2131 360 2170 mihi
381 2131 652 2172 disserendum
670 2132 735 2171 hic
756 2147 842 2171 esse
862 2146 962 2171 reor.
1020 2133 1221 2177 Quantum
1242 2133 1360 2185 igitur
1379 2133 1514 2171 civitas
1541 2145 1608 2170 eo-

136 2206 222 2232 rum
241 2194 416 2233 studium
434 2195 579 2233 habeat
597 2195 663 2245 qui
682 2194 721 2232 in
742 2195 854 2234 bellis
881 2196 1135 2242 occumbunt,
1169 2208 1258 2233 cum
1285 2195 1434 2233 caeteris
1454 2209 1475 2232 e
1494 2195 1609 2233 rebus

136 2256 379 2308 perspicitur,
398 2263 482 2295 tum
501 2270 593 2295 vero
614 2270 663 2294 ex
680 2256 755 2295 hac
786 2258 873 2309 lege
900 2258 1147 2310 potissimum
1175 2270 1254 2308 qua
1277 2257 1342 2309 qui
1363 2257 1412 2295 ad
1432 2256 1609 2308 publicas

137 2318 357 2370 sepulturas
385 2319 596 2358 orationem
621 2318 767 2358 habeat
785 2319 906 2371 deligi
931 2319 1043 2358 solet.
1100 2319 1192 2357 Non
1226 2320 1362 2370 ignara
1389 2318 1491 2357 enim
1512 2332 1610 2370 prae-

138 2385 289 2419 stantes
305 2380 407 2419 viros
427 2394 502 2420 nec
521 2380 571 2419 de
590 2381 774 2432 parandis
802 2381 940 2434 opibus
962 2395 1035 2421 nec
1056 2382 1301 2434 perfruendis
1320 2381 1410 2420 vitae
1433 2381 1612 2434 volupta-

138 2441 244 2480 tibus
263 2455 502 2495 magnopere
531 2443 721 2490 laborare,
755 2443 825 2481 sed
857 2456 989 2482 eorum
1009 2457 1124 2482 omne
1145 2443 1380 2482 desiderium
1402 2443 1442 2481 in
1469 2444 1613 2482 virtute

139 2509 180 2542 et
206 2503 386 2542 laudibus
422 2504 682 2556 acquiescere,
718 2505 953 2544 orationibus
984 2505 1028 2543 iis
1066 2517 1155 2556 quae
1190 2504 1265 2542 illis
1298 2518 1345 2543 ea
1381 2511 1614 2557 proestarent

140 2564 303 2604 maxime
331 2566 529 2605 ornandos
561 2566 728 2613 censuit,
755 2573 812 2613 ut,
846 2580 962 2618 quam
991 2566 1065 2619 ipsi
1098 2566 1260 2618 gloriam
1287 2567 1463 2605 viventes
1483 2566 1615 2619 adepti

141 2633 283 2675 essent,
303 2640 351 2667 ea
369 2627 563 2667 defunctis
584 2628 700 2667 etiam
716 2629 956 2669 redderetur.

195 2690 234 2726 2.
262 2689 381 2734 Quod
401 2690 433 2729 si
448 2697 638 2742 quantum
657 2690 708 2729 ad
731 2691 914 2730 virtutem
948 2691 1087 2729 attinet
1115 2691 1238 2730 solam
1259 2691 1298 2729 in
1318 2690 1372 2730 eis
1392 2691 1512 2729 fuisse
1537 2691 1615 2729 for-

141 2749 351 2789 titudinem
369 2752 557 2801 viderem,
577 2766 623 2791 ea
642 2752 866 2793 collaudata
880 2754 997 2792 finem
1017 2753 1174 2792 dicendi
1195 2753 1363 2792 facerem
1380 2767 1388 2791 :
1415 2766 1504 2791 cum
1523 2766 1616 2792 vero

141 2812 197 2852 eis
228 2815 436 2867 contigerit
465 2823 511 2855 ut
539 2823 578 2856 et
608 2817 793 2869 praeclare
825 2817 906 2856 nati
934 2823 973 2856 et
1003 2816 1165 2855 instituti
1185 2817 1263 2855 sint
1282 2816 1488 2855 liberaliter
1507 2824 1546 2856 et
1577 2817 1615 2856 in

143 2876 222 2916 vita
240 2877 375 2929 gloriae
395 2879 627 2928 studuerint,
655 2881 794 2932 quibus
829 2881 944 2920 rebus
974 2881 1119 2920 facturn
1139 2888 1200 2919 est
1223 2888 1267 2919 ut
1283 2880 1420 2919 merito
1439 2881 1617 2920 virtutem

142 2937 325 2990 colerent,
342 2940 483 2981 horum
507 2942 654 2995 aliquid
675 2943 871 2996 praeterire
892 2944 973 2984 sine
994 2943 1144 2995 pudore
1165 2957 1241 2983 non
1262 2956 1435 2995 possum.
1478 2944 1619 2983 Ordiar
