1981 3356
360 379 752 418 ARGUMENTUM
798 376 1171 417 EXCEPTIONIS
1216 379 1401 419 ADVER
1411 382 1506 418 SUS

757 441 1111 480 APATURI'UM.

240 559 271 589 ls
285 560 500 599 quijudicium
511 562 675 597 detrectat,
689 572 758 591 cum
770 562 917 602 privatim
930 560 1113 592 commercia
1128 571 1197 591 cum
1207 562 1359 600 Apaturio
1375 563 1514 601 quaedam
1532 563 1668 598 haberet,

195 620 229 639 ea
246 610 368 639 sustulit
385 615 416 640 et
431 611 604 651 transegit:
627 622 706 642 nuno
731 623 803 643 vero
828 617 955 653 propter
979 614 1215 643 Parmenontem
1240 618 1402 643 accusatur
1421 618 1452 643 et
1475 614 1514 643 de
1537 613 1666 653 pecunia

193 661 376 700 appellatur.
425 661 503 692 Nam
522 662 675 693 Parmeno
692 663 772 693 civis
787 664 886 694 fuerat
902 663 1082 694 mercatoris
1096 663 1240 702 Apaturii
1258 664 1443 703 Byzantius„
1451 665 1505 695 sed
1522 675 1539 694 a
1551 665 1667 704 judici·

193 711 250 741 bus
263 715 350 741 actus
366 711 396 740 in
415 712 572 743 exsilium.
616 714 664 744 Ac
681 714 838 754 principio
855 715 991 745 amicitia
1009 725 1082 744 usus
1098 713 1250 753 Apaturii,
1267 720 1335 745 orto
1350 715 1496 751 dissidio,
1511 721 1619 755 postea
1635 715 1665 745 iu

188 762 340 801 judicium
357 763 452 799 venit,
474 765 626 803 Apaturio
648 771 679 795 et
702 767 864 796 verberum
887 771 918 796 et
943 767 1007 797 dati
1035 766 1144 796 damni>
1160 765 1211 795 die
1223 765 1334 796 dicta:
1359 767 1411 805 qui
1429 767 1666 797 Parmenontem

194 813 336 843 vicissim
362 814 531 845 accusavit.
576 816 747 855 Apaturius
771 817 865 857 igitur
881 817 1031 855 Aristocli
1056 817 1173 847 arbitro
1196 827 1260 846 rem
1286 817 1468 856 permissam
1492 828 1562 848 esse
1578 817 1669 854 dicit,

191 863 243 903 qui
260 864 495 895 Parmenontem
517 866 676 899 damnarit.
722 869 929 907 Quamobrem
949 879 1018 899 eum
1038 868 1091 908 qui
1113 868 1299 907 exceptione
1311 868 1466 907 judicium
1483 869 1667 909 deprecatur

190 926 271 946 nuuc
287 916 418 952 invadit,
434 917 517 957 quod
532 929 590 957 pro
607 919 814 951 Parmenonte
830 920 1041 960 spoponderit.
1070 919 1134 950 Hic
1145 930 1219 950 vero
1234 920 1310 950 nihil
1326 930 1433 950 eorum
1449 921 1582 957 fatetur3
1608 921 1665 950 sed

190 968 349 1006 negotium
374 968 473 999 tribus
497 970 629 1009 primurn
655 971 779 1001 arbitris
808 982 878 1002 esse
903 971 1102 1002 commissum
1122 970 1179 1007 ait,
1198 981 1258 1001 non
1274 971 1327 1001 uni
1344 969 1501 1002 Aristocli.
1542 971 1665 1001 Deinde

190 1028 369 1058 sponsorem
388 1020 601 1051 Parmenontis
618 1021 648 1051 in
667 1022 765 1062 pactis
781 1023 975 1063 Archippum
999 1034 1069 1054 esse
1094 1022 1257 1062 scriptum,
1274 1027 1365 1062 atque
1394 1022 1447 1053 illu
1470 1028 1562 1063 pacta
1577 1023 1665 1053 calli-

191 1071 287 1101 ditate
310 1071 458 1111 Apaturii
482 1083 550 1104 esse
574 1074 700 1111 abolita,
723 1075 775 1114 qui
794 1074 1158 1116 Aristocli‘persuaserit
1181 1084 1217 1104 ea
1239 1074 1409 1104 asservanti
1430 1085 1467 1104 ne
1487 1074 1611 1103 afferret
1635 1074 1665 1103 iu

189 1123 338 1160 medium,
356 1124 412 1154 sed
429 1124 548 1155 diceret
563 1136 693 1165 puerum
710 1127 830 1157 tabulas
847 1127 1048 1157 dormientem
1064 1126 1206 1157 amisisse
1220 1137 1227 1155 ε
1257 1126 1317 1156 alia
1333 1131 1482 1166 praeterea
1498 1130 1590 1166 pacta
1607 1136 1665 1156 non

190 1183 260 1203 esse
276 1175 401 1214 scripta,
415 1186 514 1216 neque
527 1185 591 1206 rem
607 1176 645 1206 ad
659 1177 806 1207 arbitrum
823 1178 969 1214 delatam,
986 1189 1054 1208 cum
1071 1177 1203 1217 primum
1217 1176 1377 1207 arbitrium
1390 1177 1564 1207 tabularum
1575 1177 1666 1207 amis-

154 1244 158 1247 «
189 1225 278 1257 sione
296 1227 451 1257 sublatum
467 1227 572 1264 fuerit,
590 1239 646 1258 neo
661 1228 701 1258 de
716 1229 814 1259 altero
830 1229 909 1260 inter
926 1240 979 1260 eos
992 1235 1103 1270 postea
1119 1228 1313 1259 convenerit.
1356 1227 1548 1258 Aristoclem
1563 1233 1664 1259 autem

188 1285 295 1312 contra
315 1280 415 1309 omnia
433 1281 515 1319 jura,
531 1281 582 1320 qui
595 1282 659 1320 J'am
676 1291 734 1311 non
751 1286 833 1312 esset
850 1282 976 1318 arbiter,
990 1282 1140 1312 adversus
1153 1281 1389 1311 Parmenontem
1404 1279 1517 1310 tulisse
1539 1285 1664 1310 senten-

188 1330 274 1367 tiam,
286 1331 384 1371 ‘idque
397 1342 465 1362 cum
480 1332 519 1361 ob
536 1342 677 1371 magnam
693 1333 812 1364 cladem
829 1344 961 1374 peregre
976 1333 1030 1363 ille
1048 1335 1170 1364 abesset
1187 1337 1219 1363 et
1232 1343 1271 1362 ne
1288 1332 1487 1363 arbitraretur
1503 1332 1678 1372 vetuissent

160 1380 162 1382 ’
189 1381 251 1411 His
266 1379 360 1423 igitur
375 1382 575 1413 firmamentis
591 1394 662 1413 reus
678 1383 787 1414 nititur
798 1390 829 1415 et
839 1385 1023 1425 exceptione
1033 1385 1186 1424 judicium
1199 1383 1335 1423 repellit,
1350 1393 1444 1422 seque
1457 1382 1497 1412 iis
1514 1393 1581 1422 quae
1594 1393 1663 1412 cum

189 1431 344 1472 Apaturio
359 1433 472 1464 fuerint
488 1434 620 1474 negotiis
637 1435 812 1471 liberatum,
829 1441 938 1476 postea
954 1435 1028 1466 nihil
1047 1446 1117 1465 curn
1131 1447 1168 1466 eo
1184 1435 1361 1466 commercii
1377 1434 1522 1464 habuisse
1536 1439 1665 1464 conten-

188 1483 232 1513 dit
249 1495 255 1512 :
280 1483 310 1514 in
327 1484 440 1515 talibus
456 1490 556 1516 autem
574 1487 666 1531 rebus
682 1496 741 1517 non
757 1487 823 1531 dari
839 1487 961 1528 legibus
978 1487 1139 1517 actionem.

549 1811 1298 1867 DEMOSTHENIS

756 1946 1103 1995 EXCEPTIO

437 2070 854 2113 ADVERSUS
908 2069 1411 2112 APATURIUM.

238 2187 270 2223 1.
287 2186 660 2233 MEncAromnus,
676 2188 950 2233 Athenienses,
961 2193 1002 2225 et
1014 2185 1453 2236 naviculariisjubetlex
1469 2184 1659 2223 actionem

187 2247 271 2285 dari
291 2248 396 2299 apud
429 2250 617 2296 sexviros‚
647 2250 678 2287 si
704 2263 782 2300 qua
802 2248 940 2301 injuria
959 2248 997 2286 in
1018 2254 1195 2286 mercatu
1215 2247 1444 2297 afficiantur,
1468 2246 1548 2285 sive
1568 2245 1659 2284 hinc

188 2309 263 2347 alio
273 2309 506 2361 navigantes
523 2310 602 2349 sive
618 2310 778 2349 aliunde
787 2310 880 2356 huc,
894 2317 933 2349 et
947 2309 1124 2348 sontibus
1139 2309 1297 2348 vincula
1311 2309 1497 2347 mulctam
1513 2309 1661 2353 statuit,

187 2372 374 2424 tantisper
394 2373 486 2411 dum
501 2373 722 2425 judicatum
743 2373 909 2419 solvant,
933 2380 978 2411 ut
1008 2386 1058 2411 ne
1088 2373 1175 2424 quis
1202 2379 1346 2412 temere
1368 2372 1491 2410 ullum
1512 2384 1659 2410 merca-

188 2445 310 2472 torem
341 2434 639 2474 circumveniat:
670 2436 736 2487 qui
769 2448 859 2475 vero
879 2441 1153 2473 contractuum
1177 2435 1242 2485 qui
1270 2434 1363 2473 facti
1386 2447 1463 2472 non
1494 2440 1587 2472 sunt
1608 2434 1662 2471 rei

187 2494 294 2542 fiant,
314 2495 359 2534 iis
379 2497 618 2548 exceptionis
638 2497 864 2548 confugium
891 2496 1052 2547 largitur
1072 2496 1148 2541 lex,
1167 2509 1216 2534 ne
1236 2495 1290 2534 eis
1311 2495 1509 2534 calumnia
1537 2495 1661 2532 inten-

187 2557 313 2603 datur,
345 2557 392 2596 iis
423 2565 553 2597 autem
573 2559 852 2597 mercatoribus
873 2565 913 2596 et
933 2557 1174 2596 naviculariis
1202 2557 1267 2608 qui
1301 2569 1434 2595 revera
1459 2555 1656 2593 laeduntur

119 2660 132 2671 ‚
181 2621 270 2667 Jure
288 2618 511 2670 experiendi
531 2619 599 2658 dat
618 2626 868 2672 potestatem.
927 2620 984 2656 Ac
1008 2618 1137 2656 multi⁴
1144 2619 1226 2670 jam
1253 2618 1408 2656 actione
1432 2616 1660 2655 mercatoria

187 2680 388 2731 postulati,
415 2681 644 2733 exceptione
664 2695 712 2720 ex
731 2681 820 2732 lege
839 2681 912 2719 hac
931 2679 1114 2732 opposita
1133 2680 1299 2731 ingressi
1325 2678 1374 2717 ad
1396 2692 1478 2724 vos,
1499 2690 1659 2716 accusa-

188 2748 293 2780 tores
313 2743 510 2794 etiniquae
530 2742 788 2781 accusationis
804 2750 843 2781 et
860 2743 975 2781 faetae
1005 2755 1072 2793 per
1099 2742 1269 2793 speciem
1296 2747 1524 2779 mercaturae
1550 2740 1659 2778 calu-

189 2803 304 2842 mniae
323 2804 587 2843 convicerunt.
644 2804 703 2842 Ac
722 2817 791 2842 vos
806 2818 895 2843 eum
925 2804 992 2855 qui
1011 2805 1071 2842 his
1093 2803 1237 2842 artibus
1260 2802 1472 2840 instructus
1501 2801 1659 2840 insidias

188 2864 284 2903 fecit
313 2865 481 2916 mihique
507 2866 705 2918 negotium
736 2865 907 2913 facessit,
935 2879 1144 2917 progressu
1165 2865 1363 2907 orationis.
1384 2863 1659 2914 cognoscetis:

189 2939 311 2977 quum
331 2934 460 2965 autem
479 2928 692 2980 Apaturius
713 2927 812 2966 falso
832 2941 893 2966 me
913 2935 1089 2973 accuset,
1118 2934 1168 2972 et,
1195 2925 1382 2977 quicquid
1411 2938 1497 2964 cum
1530 2938 1576 2962 eo
1607 2924 1661 2962 rei

193 2987 285 3025 mihi
305 2987 389 3034 fuit,
410 3001 524 3028 omne
555 2990 602 3028 sit
630 2996 870 3028 transactum
890 2997 929 3027 et
950 2989 1161 3032 sublatum.
1187 3000 1312 3039 neque
1333 2987 1437 3025 aliud
1461 2987 1551 3024 mihi
1573 2999 1661 3024 cum

893 3052 913 3086 3
933 3063 957 3086 x
