1948 3306
325 160 402 197 830
745 161 992 202 EXORDIA
1023 164 1382 204 CONCIONUM.

1032 319 1075 355 L.

374 399 541 451 AEquum
555 409 671 449 esset,
692 403 968 450 Athenienses,
987 417 1055 444 vos
1076 417 1155 443 non
1181 404 1308 443 minus
1327 404 1402 443 illis
1420 405 1484 456 qui
1513 417 1583 444 vos
1603 405 1780 458 decipere

322 460 539 508 voluerunt,
559 476 674 514 quam
706 464 752 502 iis
779 465 843 515 qui
863 471 1086 516 potuerunt,
1106 467 1233 505 irasci.
1290 466 1390 506 Nam
1419 467 1524 518 quod
1545 467 1584 505 in
1602 467 1692 520 ipsis
1710 468 1783 507 fuit

321 523 509 571 fecerunt,
532 538 655 577 eoque
685 539 754 564 vos
783 526 1045 565 induxerunt:
1076 529 1183 579 quod
1215 542 1306 568 vero
1338 528 1431 567 irriti
1460 542 1593 568 eorum
1619 536 1781 568 conatus

321 586 490 635 fuerunt,
509 587 667 626 fortuna
685 589 723 626 in
744 601 862 627 causa
881 595 953 635 est,
974 596 1013 628 et
1029 591 1152 641 major
1169 605 1275 630 nunc
1294 591 1500 644 prudenfia
1517 597 1648 630 vestra
1665 604 1780 643 quam

320 654 403 686 tum
430 662 517 687 cum
539 650 587 688 ab
612 650 693 688 istis
719 650 976 690 traheremini.
1035 651 1120 702 Ego
1145 666 1238 691 vero
1267 659 1417 692 tantum
1437 654 1571 692 abesse
1589 660 1684 705 puto
1711 667 1782 693 no·
1830 655 1835 665 “

320 716 436 749 stram
459 713 607 757 urbem,
636 719 680 750 ut
699 712 749 750 de
777 712 823 750 iis
845 726 868 751 a
887 713 1028 764 quibus
1061 714 1157 753 laesa
1184 722 1244 753 est
1274 729 1426 767 poenam
1453 721 1595 762 sumat,
1614 722 1658 754 ut
1681 716 1781 755 bene

317 772 519 810 nobiscum
536 773 598 824 agi
618 773 852 822 videatur-,si
870 788 1008 814 cavere
1028 776 1198 827 possitis,
1215 790 1264 815 ne
1283 790 1399 828 quam
1417 778 1490 829 ipsi
1509 777 1659 816 cladem
1679 778 1780 817 acci-

317 834 454 884 piatis:
485 841 544 873 tot
574 835 807 887 imposturiS,
827 843 887 876 tot
916 838 1134 890 praestigiis,
1153 845 1211 877 tot
1239 839 1407 890 denique
1436 839 1627 890 obsequiis
1656 852 1780 892 oppu-

317 895 502 946 gnamini.
557 897 616 935 Ac
636 897 795 936 istorum
824 898 981 949 quidem
1001 900 1235 952 improbitati
1268 900 1499 940 accusandae
1523 907 1673 953 tempus
1703 901 1781 941 hoc

318 970 397 994 non
417 963 677 1009 opportunum
697 973 784 998 esse
803 960 938 999 video:
969 962 1057 1001 volo
1078 969 1206 1002 autem
1225 962 1286 1001 his
1308 963 1357 1002 de
1376 964 1492 1002 rebus
1512 970 1668 1016 propter
1682 977 1778 1016 quas

318 1020 478 1066 surrexi,
500 1034 589 1071 quae
607 1021 715 1060 utilia
733 1029 880 1074 putem,
899 1023 1041 1063 dicere.

1015 1130 1078 1169 LI,

369 1207 554 1246 Convicia
577 1214 618 1246 et
635 1208 840 1255 tumultus,
861 1208 1138 1256 Athenienses,
1157 1207 1244 1261 quae
1272 1214 1461 1261 perpetuo
1480 1220 1618 1246 nocere
1637 1207 1776 1255 solent,

313 1282 414 1308 nunc
433 1271 549 1308 etiam
569 1272 617 1308 ab
636 1270 773 1309 iisdem
800 1277 885 1309 orta
914 1278 1017 1318 sunt,
1036 1285 1059 1310 a
1076 1272 1217 1323 quibus
1247 1283 1420 1323 semper:
1449 1283 1527 1308 non
1545 1276 1676 1308 autem
1696 1277 1776 1309 tam

311 1331 374 1369 isti
389 1332 698 1383 reprehendendi
713 1333 1034 1372 sunt—fortassis
1053 1333 1156 1372 enim
1175 1333 1223 1371 ad
1240 1333 1315 1371 ista
1326 1332 1505 1372 facienda
1521 1332 1722 1370 iracundia
1737 1340 1777 1371 et

311 1394 557 1444 aemulatione
587 1394 851 1441 adducuntur,
881 1396 1063 1448 quodque
1097 1395 1269 1434 onmium
1295 1394 1504 1433 maximum
1535 1400 1607 1440 est,
1626 1388 1777 1446 privata

310 1455 542 1503 utilitate—,
563 1469 680 1507 quam
699 1470 781 1505 vos,
796 1457 1068 1505 Athenienses,
1082 1457 1160 1508 qui,
1176 1456 1340 1508 publicis
1354 1456 1583 1507 magnisque
1598 1456 1647 1494 de
1659 1457 1776 1495 rebus

310 1518 529 1565 convocati,
549 1518 707 1569 privatis
742 1518 924 1557 conviciis
945 1533 1055 1558 aures
1082 1519 1300 1571 praebentes
1325 1517 1519 1564 assidetis,
1545 1531 1670 1569 neque
1700 1518 1776 1557 hoc

308 1594 397 1619 cum
416 1582 554 1620 vestris
575 1581 712 1620 animis
731 1582 902 1633 cogitare
921 1582 1100 1633 potestis,
1121 1581 1293 1620 omnium
1319 1587 1514 1619 oratorum
1539 1580 1639 1619 inter
1668 1581 1774 1631 ipsos

307 1644 483 1682 convicia
503 1658 591 1695 quae
614 1651 725 1682 extra
750 1644 939 1696 judicium
966 1645 1071 1683 facta
1103 1653 1207 1692 sunt,
1229 1644 1384 1682 tametsi
1407 1643 1456 1683 de
1487 1643 1563 1681 illis
1582 1643 1680 1682 alios
1711 1643 1776 1681 alii

308 1706 560 1752 convicerint,
581 1718 627 1744 eo
645 1706 817 1744 recidere
838 1706 1006 1758 denique
1025 1714 1070 1745 ut
1087 1720 1156 1746 vos
1180 1720 1315 1758 poenas
1335 1706 1448 1745 detis.
1505 1705 1653 1744 Praeter
1672 1705 1773 1745 enim

305 1768 471 1806 fortasse
492 1781 654 1819 paucos,
675 1781 725 1806 ne
746 1781 882 1807 omnes
902 1769 1042 1813 dicam,
1063 1769 1196 1807 nullus
1219 1782 1351 1808 eorum
1373 1768 1437 1807 alii
1455 1768 1709 1815 conviciatur,
1729 1774 1774 1806 ut

305 1830 397 1867 ullae
417 1843 477 1868 res
498 1837 639 1869 vestrae
659 1831 1163 1884 corrigantur—plurimum
1185 1840 1288 1869 certe
1319 1832 1498 1878 abest-‚
1526 1831 1596 1869 sed
1614 1830 1708 1869 facit
1725 1844 1773 1869 eo

303 1893 478 1943 quisque,
512 1899 555 1930 ut
585 1905 631 1931 ea
663 1905 752 1943 quae
783 1893 912 1931 facere
941 1893 1138 1945 quendam
1174 1899 1367 1939 asserunt,
1387 1892 1542 1931 tametsi
1579 1905 1773 1930 summum

302 1953 431 1991 scelus
460 1953 779 1992 committendum
806 1953 869 2001 sit,
889 1954 929 1992 id
948 1955 1032 2006 ipse
1052 1957 1196 2003 maj0re
1218 1967 1306 1992 cum
1327 1954 1406 1992 otio
1421 1960 1627 2005 perpetret.
1672 1953 1772 1992 Haec

303 2015 358 2054 ita
378 2029 418 2054 se
437 2016 597 2067 habere,
614 2029 662 2054 ne
682 2016 774 2054 mihi
793 2016 952 2064 credite,
973 2017 1042 2055 sed
1071 2017 1145 2069 ipsi
1165 2016 1363 2068 paulisper
1382 2016 1638 2055 considerate.
1696 2015 1771 2054 Ec-

302 2078 389 2130 quis
409 2092 582 2131 unquam
604 2079 770 2117 surrexit
790 2079 854 2131 qui
877 2079 1035 2126 diceret,
1054 2093 1077 2117 v
1093 2093 1114 2118 e
1129 2094 1146 2118 s
1159 2086 1175 2117 t
1189 2093 1206 2117 r
1219 2092 1243 2117 a
1255 2093 1274 2118 s
1311 2092 1334 2118 o
1349 2092 1375 2130 p
1387 2092 1408 2117 e
1423 2086 1440 2117 s
1478 2078 1504 2117 d
1518 2092 1538 2116 e
1550 2092 1575 2130 p
1593 2092 1614 2117 e
1627 2092 1648 2117 c
1659 2092 1685 2116 u
1702 2079 1713 2117 l
1728 2092 1770 2117 a-

304 2148 463 2180 turus
515 2141 711 2193 prodii,
761 2142 1158 2187 Athenienses,
1207 2148 1259 2180 et
1299 2154 1399 2179 non
1432 2148 1617 2179 vestra
1658 2153 1771 2192 gra-

302 2209 319 2240 t
333 2203 344 2240 i
359 2217 378 2241 a
395 2204 411 2240 3
452 2204 578 2242 Nemo
602 2203 657 2242 sic
677 2203 786 2250 dicit,
801 2203 870 2242 sed
892 2217 961 2255 pro
981 2205 1105 2251 vobis,
1124 2211 1163 2242 et
1181 2210 1338 2255 propter
1355 2216 1438 2249 vos,
1453 2208 1494 2241 et
1512 2200 1609 2241 tales
1625 2215 1770 2241 causas·

302 2264 481 2304 afferunt.
540 2266 658 2317 Agite
688 2278 779 2304 vero
812 2266 1072 2314 considerate,
1097 2266 1370 2312 Athenienses,
1395 2265 1462 2317 qui
1498 2265 1656 2304 tandem
1688 2265 1769 2312 fiat,

303 2333 348 2364 ut
380 2340 532 2365 summa
564 2341 691 2366 rerum
724 2334 953 2374 vestrarum,
997 2329 1137 2379 quibus
1172 2341 1308 2367 omnes
1339 2327 1644 2379 patrocinantur,
1682 2327 1768 2365 loco

302 2388 420 2426 nihilo
439 2388 598 2426 meliore
620 2388 670 2426 sit
686 2401 803 2439 quam
829 2389 959 2440 prius:
990 2390 1053 2428 isti
1084 2403 1174 2427 vero
1205 2390 1271 2440 qui
1300 2402 1371 2441 pro
1390 2388 1499 2427 vobis
1527 2388 1671 2435 omnia,
1697 2402 1768 2441 pro

301 2450 518 2502 semetipsis
546 2450 655 2497 nihil,
683 2451 830 2496 dixere,
864 2451 1002 2489 divites
1035 2464 1056 2488 e
1089 2451 1278 2490 mendicis
1310 2450 1404 2489 facti
1440 2449 1546 2489 sint?
1586 2450 1687 2494 Quia
1711 2463 1767 2497 se,

303 2512 579 2559 Athenienses,
611 2525 683 2550 vos
722 2525 849 2550 amare
877 2513 1044 2564 jactant,
1077 2526 1166 2551 cum
1200 2515 1283 2551 non'
1309 2526 1393 2559 vos,
1422 2512 1491 2551 sed
1521 2512 1766 2564 semetipsos,

301 2581 442 2613 ament.
499 2574 547 2612 Id
579 2574 735 2625 quidem
762 2581 807 2612 ut
827 2575 1015 2622 rideretis,
1046 2582 1088 2614 ut
1107 2575 1409 2627 applauderetis‚
1433 2574 1628 2612 interdum
1648 2576 1765 2613 etiam

301 2644 343 2674 ut
363 2636 581 2687 speraretis,
600 2636 708 2675 vobis
734 2636 1025 2688 impertierunt:
1057 2637 1126 2675 sed
1155 2636 1318 2687 adipisci
1350 2641 1652 2687 constanterque
1673 2637 1766 2676 Rei-

298 2698 467 2749 publicae
486 2698 637 2736 tradere
658 2699 749 2736 boni
781 2699 989 2750 quicquain
1014 2712 1062 2736 ne
1081 2698 1226 2736 vellent
1246 2698 1416 2749 quidem.
1474 2697 1563 2741 Quo
1581 2698 1683 2736 enim
1703 2699 1766 2738 die

300 2759 505 2798 immodica
537 2760 611 2798 ista
643 2761 865 2799 infirmitate
897 2760 1046 2799 liberati
1078 2760 1239 2806 fueritis,
1256 2760 1348 2798 istos
1380 2773 1454 2798 nec
1480 2759 1622 2798 intueri
1651 2774 1766 2812 porro

300 2822 553 2860 sustinebitis.
595 2823 710 2861 Nunc
730 2835 818 2861 vero
839 2822 1038 2874 drachma,
1060 2822 1170 2866 ehoe,
1190 2828 1357 2873 quatuor
1371 2820 1509 2869 obolis,
1519 2819 1627 2860 velut
1640 2835 1766 2873 aegro—

299 2891 443 2922 tantem
476 2884 660 2935 populum
691 2885 848 2932 lactant,
882 2899 926 2923 ac
961 2885 1131 2930 omnino,
1168 2883 1439 2932 Athenienses,
1459 2897 1547 2934 quae
1575 2884 1629 2922 illi
1656 2885 1764 2923 vobis
