1965 3356
161 361 570 430 ARGUMENTUM
592 390 891 430 ORATIONIS
911 390 1206 432 ADVERSUS
1227 392 1623 437 MACARTATUM

497 453 569 492 DE
590 453 886 493 HAGNIANA
904 454 1288 493 HAEREDITATE.

206 547 374 580 Hit-‚mss
389 553 420 580 et
433 550 603 580 Eubulides
615 550 790 581 consobrini
804 550 939 580 fuerunt:
955 549 1060 580 horum
1077 551 1165 587 aiter,
1179 551 1328 590 Hagnias,
1339 552 1414 582 obiit
1427 553 1491 583 sine
1508 554 1625 591 liberis,

162 598 335 631 Eubulides
351 605 452 631 autem
472 601 563 632 filiam
581 601 704 641 reliquit
720 602 974 641 Phylomacham‚
990 612 1057 641 quae
1075 601 1139 641 agit
1154 602 1385 642 inHagnianam
1401 603 1624 640 haereditatem,

160 656 196 682 ut
211 661 326 692 genere
341 652 494 692 proxima.
540 653 619 683 Cum
644 663 680 684 ea
699 652 823 693 litigant
847 653 984 683 Glaucus
1002 652 1126 692 quidam
1148 657 1179 683 et
1196 654 1325 690 Glauco,
1342 665 1401 685 non
1418 656 1536 686 ratione
1553 666 1626 696 pro—

160 705 354 745 pinquitatis,
369 706 423 736 sed
441 710 624 737 testamento
640 707 721 738 freti.
767 707 858 744 Quod
882 717 952 737 cum
975 707 1006 737 in
1028 707 1148 747 judicio
1168 708 1371 740 adulterinum
1397 710 1623 750 deprehensum

161 762 255 794 esset,
268 756 478 787 haereditatem
493 757 609 798 accipit
625 758 844 798 Phylomache.
889 758 1110 800 Theopompus
1123 759 1209 789 venit
1220 759 1250 789 in
1264 759 1427 799 judicium,
1443 762 1626 801 assumptis-

157 818 218 847 que
235 812 300 838 tum
321 807 369 838 his
384 808 460 847 ipsis
475 808 527 848 qui
551 819 644 839 causa
667 809 854 846 ceciderant,
868 814 931 839 tum
955 815 1066 848 praeter
1094 810 1150 840 hos
1173 811 1357 851 EupolemO,
1375 813 1412 842 ad
1434 812 1625 843 haereditatis

156 857 412 898 disceptationem
427 859 556 889 arcessit
569 859 816 900 Phylomacham.
844 861 1048 891 Permittebat
1060 860 1139 892 enim
1156 861 1208 891 lex
1222 862 1389 903 unicuique
1402 863 1432 893 in
1444 865 1496 903 jus
1514 875 1623 895 vocare

155 909 317 946 victorem,
332 915 364 940 et
379 910 568 941 haereditatis
583 921 806 950 possessorem.
831 913 908 943 Cum
927 923 1000 942 vero
1014 922 1070 952 per
1085 913 1223 944 fraudem
1239 914 1419 945 concinnata
1433 921 1517 946 esset
1531 917 1625 954 actio,

155 967 189 993 ut
202 963 247 993 ait
261 962 436 1000 Sositheus,
452 963 547 993 vincit
558 964 788 1004 Theopompus.
803 965 851 995 Ac
866 964 895 995 is
914 965 1038 1004 quidem
1053 965 1120 996 obit
1133 965 1195 996 filio
1211 967 1321 997 relicto
1337 968 1520 998 Macartato.
1540 968 1624 1008 Phy-

158 1014 306 1045 lomachae
322 1019 423 1045 autem
439 1014 573 1045 nascitur
589 1014 679 1051 filius,
693 1026 782 1055 quem
800 1015 940 1046 nominat
952 1015 1155 1046 Eubulidem.
1198 1017 1240 1047 Et
1255 1019 1459 1058 adoptandum
1476 1021 1529 1050 dat
1544 1020 1626 1060 patri

160 1076 217 1097 suo
232 1065 392 1101 Eubulidi,
408 1066 590 1097 consobrino
607 1066 740 1106 Hagniae
755 1067 808 1107 qui
823 1066 988 1107 reliquerat
1004 1067 1228 1107 haereditatem3
1240 1080 1370 1110 eumque
1387 1071 1564 1110 adoptatum
1581 1072 1627 1102 in-

159 1117 295 1148 troducit
310 1117 349 1147 ad
365 1117 494 1148 curiales
511 1118 644 1158 Hagniae
660 1123 692 1148 et
707 1118 885 1149 Eubulidis.
931 1119 1031 1156 Quem
1052 1120 1196 1156 curiales,
1215 1127 1247 1150 nt
1263 1122 1315 1161 qui
1329 1123 1400 1162 jure
1413 1123 1626 1155 introducere-

157 1173 218 1204 tur,
235 1174 428 1208 receperunt.
474 1169 536 1199 His
558 1168 647 1205 actis,
663 1180 741 1208 puer
765 1169 802 1199 ad
828 1169 1085 1208 disceptationem
1107 1172 1298 1203 haereditatis
1315 1178 1407 1204 vocat
1423 1175 1624 1206 Macartatum

156 1219 351 1260 Theopompi
364 1219 472 1250 filium.
517 1219 695 1250 Orationem
711 1219 801 1249 habet
814 1220 988 1256 Sositheus,
1001 1222 1146 1253 naturalis
1162 1224 1250 1262 pueri
1267 1228 1364 1263 pater,

534 1522 1246 1579 DEMOSTHENIS

429 1647 751 1698 CONTRA
799 1650 1386 1705 MACARTATUM.

265 1765 353 1808 DE
384 1765 741 1809 HAGNIANA
772 1767 1222 1811 HAEREDITATE
1266 1768 1527 1813 ORATIO.

215 1884 248 1921 1.
279 1881 416 1928 Quum
445 1882 555 1936 prius
580 1884 695 1923 etiam
722 1884 996 1923 controversiae
1024 1884 1135 1923 nobis
1159 1884 1319 1932 fuerint,
1339 1884 1514 1928 sudines,
1537 1897 1625 1923 cum

156 1944 242 1984 istis
260 1944 399 1984 iisdem
419 1945 467 1984 de
488 1945 698 1998 Hagniana
715 1946 960 1995 haereditate,
979 1960 1106 1998 neque
1125 1947 1247 1985 ullum
1273 1947 1336 1986 isti
1361 1947 1518 1986 modum
1547 1954 1625 1986 sta-

86 2013 93 2015 *
157 2013 272 2046 tuant
289 2007 483 2061 iniquitati
507 2015 547 2048 et
576 2008 784 2057 violentiae,
811 2009 903 2048 dum
927 2009 1063 2061 quovis
1084 2009 1200 2049 modo
1220 2023 1267 2048 ea
1287 2023 1375 2062 quae
1396 2009 1446 2048 ad
1470 2023 1511 2048 se
1532 2010 1626 2048 nihil

157 2070 333 2120 attinent,
353 2072 568 2119 obtineant,
588 2085 752 2112 necesse
780 2072 958 2112 fortassis
992 2079 1052 2112 est
1085 2086 1165 2111 rem
1193 2085 1346 2111 omnem
1373 2074 1421 2111 ab
1440 2072 1549 2111 initio
1566 2086 1625 2112 re-

156 2140 302 2184 petere.
344 2133 409 2173 Sic
438 2134 554 2182 enim,
571 2135 747 2183 Jndiees,
767 2141 811 2174 et
832 2148 902 2174 vos
932 2134 1083 2173 facilius
1111 2135 1241 2173 omnia
1265 2148 1353 2186 quae
1373 2135 1550 2173 dicentur
1566 2134 1624 2173 in-

155 2194 354 2247 telligetis,
380 2202 421 2235 et
441 2196 506 2236 isti
539 2198 675 2249 quales
701 2198 881 2236 homines
900 2204 1003 2243 sunt,
1025 2197 1124 2236 tales
1144 2211 1230 2236 esse
1250 2197 1530 2242 ostendentur-3
1555 2211 1623 2250 ap·

156 2257 309 2308 parebit
325 2258 427 2297 enim
451 2272 519 2298 eos
543 2261 626 2311 Jam
653 2260 745 2300 olim
776 2260 1001 2312 auspicatos
1029 2260 1186 2299 minime
1210 2259 1339 2298 adhuc
1368 2272 1390 2298 a
1413 2260 1493 2299 suis
1513 2260 1623 2298 malis

154 2319 302 2359 artibus
330 2321 529 2369 recedere,
550 2329 594 2361 ut
611 2323 676 2374 qui
706 2322 929 2362 existiment
957 2322 1027 2360 sibi
1057 2322 1241 2374 quicquid
1268 2323 1306 2360 in
1332 2330 1501 2361 mentem
1530 2321 1624 2360 inei·

155 2382 258 2422 derit
285 2383 566 2436 perficiendum
593 2399 693 2425 esse.
751 2385 916 2424 Oramus
943 2384 1060 2436 igitur
1090 2398 1173 2431 vos,
1193 2385 1367 2432 Judioes,
1387 2390 1431 2423 ut
1451 2391 1623 2423 nostram

155 2445 369 2485 orationem
397 2460 487 2486 cum
515 2447 786 2487 benevolentia
811 2455 851 2486 et
877 2454 1026 2486 attente
1055 2448 1104 2486 ad
1134 2449 1251 2486 finem
1279 2460 1404 2498 usque
1435 2447 1622 2485 audiatis:

155 2506 259 2546 dabo
277 2514 406 2554 autem
426 2515 467 2548 et
485 2523 560 2562 ego
580 2522 735 2562 operam
757 2516 799 2549 ut
819 2523 911 2556 rem,
928 2522 1043 2562 quam
1064 2510 1145 2549 fieri
1164 2510 1365 2562 perspicue
1384 2510 1537 2561 poterit,
1553 2522 1622 2548 vos

153 2567 352 2609 edoceam.
450 2564 455 2574 ’

208 2633 248 2669 2.
277 2632 394 2672 Pueri
418 2633 537 2685 hujus
564 2639 700 2679 mater,
721 2633 895 2681 Judices,
917 2647 1004 2673 cum
1033 2647 1178 2685 genere
1206 2634 1382 2685 proxima
1406 2639 1512 2671 esset
1539 2632 1622 2671 Ha-

154 2693 257 2744 gniae
277 2707 326 2733 ex
340 2695 433 2743 (Eo,
452 2695 491 2734 in
512 2695 681 2747 Hagniae
701 2696 969 2736 haereditatem
990 2697 1071 2748 egit
1096 2696 1313 2735 secundum
1331 2696 1441 2747 leges
1460 2702 1622 2734 vestras.

157 2754 242 2795 Nec
261 2769 394 2797 eorum
413 2757 481 2810 qui
505 2764 588 2796 tum
608 2758 658 2798 de
678 2771 727 2797 ea
744 2758 973 2798 haereditate
992 2759 1289 2805 contenderunt,
1309 2771 1350 2796 se
1371 2770 1513 2809 genere
1534 2770 1623 2796 esse

155 2815 316 2858 muliere
329 2820 561 2872 propiorem,
580 2820 644 2860 vel
657 2820 789 2873 jurare
809 2821 1016 2873 quisquam
1038 2834 1152 2860 ausus
1170 2820 1506 2858 fuit—constabat
1520 2819 1622 2858 enim

154 2878 255 2918 iuter
273 2892 409 2921 omnes
427 2882 597 2922 mulieris
613 2896 697 2923 esse
712 2884 980 2923 haereditatem
999 2883 1148 2923 ratione
1168 2882 1535 2935 propinquitatis—,
1550 2882 1622 2921 sed

157 2940 334 2982 Glaucus
365 2943 428 2984 ille
454 2958 502 2984 ex
530 2945 620 2993 OEo,
641 2952 681 2984 et
700 2945 855 2985 Glauco
880 2947 1000 2985 frater
1027 2946 1122 2997 ejus,
1149 2952 1189 2984 et
1219 2945 1501 2998 Theopompus
1534 2944 1622 2983 Ma·

156 3004 293 3044 cartati
312 3011 434 3058 pater,
450 3007 515 3058 qui
535 3007 608 3047 illis
622 3021 753 3047 earum
774 3022 901 3048 rerum
922 3008 1092 3047 omnium
1116 3014 1154 3046 et
1172 3015 1308 3046 auctor
1327 3014 1366 3046 et
1385 3007 1537 3059 adjutor
1551 3007 1623 3046 fuit

860 3074 885 3107 4
908 3084 922 3107 1
