1915 3356
502 206 791 245 ADVERSUS
823 207 1160 246 CALLIPPUM.
1478 212 1548 247 711

95 308 346 360 jurejurando
384 315 423 347 et
455 322 542 348 cum
573 310 825 361 jurejurando
862 311 968 349 illum
1003 312 1169 350 fortasse
1200 326 1279 351 non
1314 313 1553 358 offendisset,

100 383 213 421 quem
231 370 541 422 magnifaciebat.
580 371 646 409 Me
667 384 758 410 vero
776 372 856 410 sine
870 373 1123 426 jurejurando
1144 374 1251 425 parvi
1267 374 1449 423 faciebat,
1467 389 1556 413 cum

93 431 346 483 jurejurando
380 439 510 471 autem
540 433 705 471 fortasse
739 446 817 471 non
849 433 1079 473 offendisset
1112 442 1246 486 suapte
1281 449 1423 475 causa:
1462 450 1556 488 qua-

99 500 255 546 propter
273 495 463 546 injuratus
482 494 763 546 pronunciavit.
814 495 913 534 Haec
933 497 1047 535 etiam
1066 510 1156 535 vere
1175 510 1199 535 a
1217 510 1278 535 me
1300 498 1388 544 dici,
1408 513 1429 537 e
1449 499 1557 538 testi-

98 555 172 593 bus
191 555 256 606 qui
275 555 530 594 interfuerunt
548 555 807 605 cognoscetis.

712 710 929 749 TESTES.

153 807 216 844 10.
246 806 350 850 Quid
369 806 486 857 igitur
504 814 640 846 contra
660 815 698 845 et
716 807 826 858 leges
848 813 886 844 et
906 806 1126 857 aequitatem
1145 797 1329 857 perficere
1350 805 1554 857 Callippus

96 868 230 919 possit,
260 867 436 913 Judices,
463 882 483 906 e
515 868 737 907 testimonio
764 868 938 907 audistis.
999 868 1078 906 Oro
1108 874 1236 906 autem
1255 880 1338 914 vos,
1357 874 1396 905 et
1414 880 1499 905 mea
1518 874 1557 905 et

96 928 217 980 patris
237 942 369 976 causa,
390 929 447 967 uti
473 931 734 978 memineritis,
753 944 816 969 me
841 930 951 969 vobis
971 931 1143 968 omnium
1163 942 1292 967 eorum
1314 943 1400 980 quae
1420 929 1497 967 dixi
1518 937 1556 968 et

95 997 214 1029 testes
244 998 284 1029 et
314 998 542 1042 argumenta
566 999 605 1030 et
630 992 738 1043 leges
764 998 803 1030 et
820 992 1066 1043 probationes
1087 992 1336 1036 exhibuisse;
1366 999 1405 1030 et
1424 999 1556 1030 osten-

97 1053 199 1091 disse
218 1054 349 1100 istum,
368 1067 457 1092 cum
478 1053 514 1092 ei
531 1053 675 1101 liceret,
704 1054 736 1092 si
762 1053 855 1105 quid
868 1053 967 1105 juris
989 1054 1029 1092 in
1054 1067 1140 1092 eam
1159 1054 1364 1105 pecuniam
1381 1053 1555 1099 haberet,

97 1130 120 1154 a
137 1115 367 1167 Cephisiade
385 1123 514 1167 petere
535 1116 600 1167 qui
620 1129 666 1154 se*
678 1122 718 1155 et
735 1116 928 1168 recepisse
947 1116 1050 1154 illam
1071 1123 1110 1154 et
1123 1116 1266 1154 habere
1284 1115 1426 1154 fatetur
1442 1117 1554 1166 (prae-

95 1177 227 1215 sertim
238 1177 504 1215 satisfactione
524 1177 668 1215 anobis
683 1178 931 1215 nihilominus
951 1179 1142 1229 accepta),
1163 1190 1240 1214 non
1261 1184 1389 1215 tamen
1404 1185 1552 1228 petere,

95 1239 270 1289 quamvis
302 1239 400 1277 sciat
422 1252 501 1277 non
533 1251 653 1290 penes
686 1252 758 1278 nos
789 1252 874 1278 esse
908 1252 1110 1277 nummos:
1160 1251 1300 1289 meque
1329 1239 1554 1277 absolvatis.

97 1299 213 1343 Quod
233 1300 265 1338 si
282 1300 464 1347 feceritis,
478 1300 642 1352 primum
656 1301 759 1352 juste
779 1314 828 1339 ex
846 1301 979 1353 legum
995 1301 1224 1339 auctoritate
1238 1301 1554 1352 pronunciabitis,

96 1361 237 1400 deinde
255 1368 299 1400 ut
315 1369 354 1400 et
370 1369 501 1400 vestra
518 1369 558 1400 et
574 1362 693 1414 patris
721 1364 795 1401 mei
815 1363 983 1415 dignitas
1007 1363 1205 1415 postulat:
1235 1377 1325 1401 nam
1351 1377 1424 1415 ego
1443 1365 1552 1403 vobis

97 1435 231 1460 omnes
258 1436 364 1462 meas
395 1422 569 1462 fortunas
603 1424 742 1462 cedere
774 1425 943 1472 mallem,
970 1438 1088 1476 quam
1118 1438 1187 1477 per
1219 1424 1397 1475 injuriam
1427 1433 1467 1464 et
1488 1439 1552 1464 ca-

53 1481 57 1482 ⁷
96 1485 281 1525 lumniam
303 1485 510 1538 quicquam
536 1486 780 1545 dependeret
