1948 3306
329 177 380 214 40
647 174 723 213 DE
760 174 910 212 MALE
940 173 1117 213 GESTA
1154 171 1486 211 LEGATIONE.

329 286 473 331 garunt
488 278 758 330 supplices‚ut
779 292 913 317 curam
934 292 1066 318 eorum
1086 277 1349 330 susciperetis.
1379 276 1432 314 Iis
1454 272 1743 313 Demosthenes
1762 274 1807 307 et>

329 342 573 380 Philocrates
603 342 832 392 patrocinati
853 349 957 389 sunt,
978 355 1054 379 non
1084 340 1298 378 AEschines.
1343 338 1396 376 Et
1421 338 1593 388 legatum
1627 334 1678 373 ad
1705 331 1798 369 Phi-

329 405 477 455 lippum
504 404 662 441 mittunt
689 404 977 442 Aristodemum
999 402 1236 448 histrionem,
1265 402 1315 439 ob
1334 400 1509 438 notitiam
1536 405 1576 436 et
1600 396 1691 435 artis
1712 406 1800 445 gra-

330 467 434 504 tiam.
467 465 521 503 Ut
537 472 667 503 autem
685 479 707 504 a
728 466 920 517 legatione
941 479 1118 504 reversus
1150 464 1434 509 Aristodemus,
1453 467 1611 513 propter
1630 468 1801 507 occupa-

328 530 454 566 tiones
474 527 665 579 quasdam
686 542 765 566 non
786 528 1002 566 accedebat
1022 534 1213 572 senatum,
1237 525 1451 564 Stratocles
1472 537 1560 562 eum
1582 518 1806 562 antevertit,

328 590 526 642 profectus
543 604 590 628 ex
614 590 864 635 Macedonia,
883 589 948 626 ubi
969 590 1144 640 captivus
1164 590 1303 633 fuerat,
1325 595 1364 625 et
1382 587 1463 625 sine
1479 584 1602 637 pretio
1619 581 1802 620 dimissus

330 664 352 689 a
383 651 577 703 Philippo,
598 652 649 689 ibi
670 651 778 689 multi
802 651 1123 701 indignabantur,
1144 650 1249 701 quod
1277 649 1545 687 Aristodemus
1564 644 1801 696 legationem
1832 679 1837 689 x

329 726 409 751 non
429 714 715 759 renunciasset,
744 726 833 750 cum
854 712 992 750 eadem
1012 712 1061 749 de
1082 711 1263 761 Philippo
1284 708 1313 748 a'
1327 710 1521 748 Stratocle
1541 706 1673 747 referri
1693 703 1805 743 audi-

329 782 427 813 rent.
459 775 662 812 Postremo
680 781 854 812 senatum
874 774 1075 825 ingressus
1098 773 1352 810 Democrates
1375 772 1630 823 Aphidnaeus‚
1650 764 1805 807 senatui
1860 791 1865 795 ·

331 844 467 875 auctor
493 844 555 874 est
574 836 816 874 Aristodemi
837 835 1060 873 revocandi.
1092 835 1182 872 Fuit
1210 841 1341 872 autem
1368 840 1450 872 tum
1479 839 1635 872 senator
1655 832 1804 870 Demo-

331 899 505 944 sthenes,
522 905 729 936 accusator
744 912 868 936 meus.
900 898 1135 949 Progressus
1153 897 1436 944 Aristodemus,
1457 908 1692 948 magnopere
1707 906 1808 945 prae·

332 960 477 998 dicavit
497 960 664 1011 Philippi
684 960 1015 1007 benevolentiam,
1037 973 1155 1011 quam
1175 973 1267 1011 erga
1287 967 1457 998 nostram
1475 961 1612 997 urbem
1632 957 1806 1002 haberet,

332 1030 372 1060 et
399 1022 555 1074 adjecit,
575 1022 798 1074 Philippum
827 1023 943 1060 etiam
971 1023 1199 1061 societatem
1229 1035 1318 1060 cum
1341 1021 1542 1074 republica
1563 1020 1666 1059 coire
1690 1018 1806 1057 velle.

333 1085 472 1135 Neque
494 1085 532 1122 in
554 1085 663 1122 curia
682 1085 872 1122 duntaxat
892 1085 991 1130 haec,
1011 1085 1081 1123 sed
1101 1093 1139 1122 et
1158 1098 1227 1136 pro
1248 1084 1436 1123 concione
1457 1083 1567 1122 dixit.
1597 1082 1728 1133 Atque
1755 1082 1809 1119 ibi

332 1146 427 1184 nihil
449 1153 587 1184 contra
616 1146 714 1184 dixit
745 1146 1049 1193 Demosthenes,
1079 1146 1149 1184 sed
1180 1153 1219 1184 et
1247 1159 1432 1185 coronam
1462 1144 1712 1183 Aristodemo
1742 1143 1812 1182 de-

334 1209 468 1248 crevit.
541 1206 544 1207 ⁷

386 1272 425 1309 9.
457 1270 529 1307 His
560 1270 665 1321 apud
695 1270 879 1322 populum
902 1271 1032 1315 dietis,
1065 1270 1237 1308 decrevit
1266 1270 1524 1316 Philocrates,
1554 1283 1582 1307 x
1612 1270 1763 1321 legatos
1786 1281 1810 1306 a

334 1334 443 1372 vobis
464 1345 548 1370 esse
570 1332 775 1378 creandos,
792 1333 856 1382 qui
876 1346 965 1370 cum
986 1332 1167 1384 Philippo
1190 1332 1239 1370 de
1259 1345 1356 1383 pace
1377 1339 1552 1383 agerent,
1572 1339 1612 1370 et
1631 1332 1675 1369 iis
1696 1332 1810 1370 rebus

334 1409 423 1446 quae
443 1408 492 1433 ex
511 1407 625 1444 aequo
648 1394 943 1432 Atheniensium
965 1401 1004 1432 et
1024 1394 1194 1446 Philippi
1214 1395 1462 1432 interessent.
1493 1394 1672 1432 Decretis
1694 1407 1723 1431 x
1755 1395 1811 1432 le-

339 1458 456 1509 gatis,
483 1469 557 1507 ego
579 1456 809 1507 designatus
831 1470 916 1494 sum
937 1470 961 1494 a
981 1456 1185 1502 Nausicle,
1215 1456 1503 1494 Demosthenes
1533 1469 1556 1494 a
1575 1455 1811 1502 Philocrate,

337 1532 452 1571 quem
474 1530 575 1556 nunc
591 1525 764 1555 accusat.
800 1518 858 1556 Ea
877 1531 991 1568 porro
1013 1518 1213 1556 alacritate
1233 1532 1312 1556 rem
1334 1518 1546 1569 gerendam
1565 1518 1748 1569 suscepit,
1769 1525 1814 1556 ut

336 1582 373 1619 in
396 1587 535 1618 senatu
557 1580 744 1618 scriberet
762 1593 838 1631 quo
859 1581 955 1618 citra
971 1594 1085 1618 suum
1106 1581 1380 1618 detrimentum
1402 1579 1605 1618 nobiscum
1633 1579 1705 1618 iret
1725 1581 1812 1618 Ari-

337 1643 553 1689 stodemus,
566 1643 717 1693 legatos
735 1643 926 1681 creandos
947 1656 1033 1680 esse
1053 1643 1092 1680 in
1113 1656 1178 1681 eas
1194 1644 1324 1689 urbes,
1346 1643 1384 1680 in
1403 1643 1543 1693 quibus
1560 1643 1813 1694 *Aristodemo

338 1706 570 1745 certandum
601 1712 719 1751 esset,
739 1706 804 1756 qui
833 1705 1001 1744 mulctas
1021 1719 1091 1757 pro
1120 1719 1166 1743 eo
1185 1705 1502 1757 deprecarentur.
1542 1705 1640 1748 Quae
1661 1715 1702 1744 ut
1720 1719 1814 1744 vera

337 1782 425 1807 esse
446 1774 616 1813 constet,
637 1781 745 1805 sume
761 1768 931 1814 decreta,
954 1774 994 1806 et
1009 1767 1198 1818 scriptum
1219 1767 1456 1806 Aristodemi
1470 1767 1734 1806 testimonium
1753 1782 1812 1806 re-

338 1832 427 1876 cita,
449 1837 488 1868 et
506 1843 571 1868 eos
592 1825 706 1875 voca,
725 1830 789 1880 qui
809 1829 882 1868 hoc
900 1843 989 1868 eum
1008 1831 1286 1868 testificantem
1306 1830 1525 1875 audierunt,
1547 1837 1590 1868 ut
1610 1831 1735 1868 sciant
1748 1831 1813 1882 ju-

338 1893 462 1940 dices,
481 1893 568 1943 quis
588 1892 706 1930 fuerit
725 1892 958 1930 Philocratis
981 1892 1144 1937 amicus,
1166 1892 1252 1943 quis
1273 1892 1365 1929 item
1391 1891 1459 1943 qui
1486 1890 1748 1944 polliceretur,
1773 1906 1815 1931 se

338 1968 500 1994 munera
519 1954 768 1993 Aristodemo
787 1955 1082 2006 impetraturum
1102 1968 1189 1993 esse
1208 1968 1231 1992 a
1248 1955 1408 2006 populo.

367 2086 699 2125 DECRETUM.
726 2086 934 2124 ALIENA
962 2086 1094 2124 FIDE
1126 2084 1412 2124 RECITATA
1435 2084 1789 2124 TESTIMONIA.

342 2181 474 2219 Prima
492 2181 611 2232 igitur
638 2181 759 2219 totius
779 2181 833 2220 rei
855 2182 1063 2230 institutio,
1082 2195 1163 2221 non
1191 2195 1214 2220 a
1242 2195 1319 2229 me,
1340 2182 1411 2220 sed
1429 2195 1453 2220 a
1480 2181 1752 2233 Demosthene
1780 2190 1820 2221 et

342 2243 562 2282 Philocrate
584 2250 645 2281 est
663 2244 852 2295 profecta.

402 2307 463 2343 10.
496 2305 539 2342 In
559 2305 756 2356 legatione
776 2319 891 2357 porro
911 2319 1048 2344 mensa
1063 2306 1202 2345 eadem
1220 2305 1425 2344 nobiscum
1445 2305 1502 2344 uti
1522 2306 1684 2354 studuit,
1699 2306 1818 2358 idque

343 2380 423 2405 non
443 2380 466 2405 a
487 2380 549 2404 me
577 2367 758 2414 obtinuit,
779 2368 849 2406 sed
876 2381 898 2406 a
917 2368 1011 2406 meis
1032 2368 1333 2416 convictoribus,
1354 2368 1402 2406 ab
1431 2368 1717 2420 Aglaocreonte
1741 2369 1818 2407 Te-

342 2429 472 2476 nedio,
491 2442 605 2480 quem
637 2442 660 2467 a
680 2430 794 2468 sociis
821 2430 1072 2482 delegeratis,
1093 2437 1134 2469 et
1152 2432 1200 2468 ab
1221 2430 1403 2470 Iatroele.
1440 2431 1531 2468 Jam
1551 2430 1590 2468 in
1609 2429 1746 2469 itinere
1766 2431 1821 2470 ait

342 2505 405 2530 me
427 2491 499 2529 sibi
518 2497 716 2529 auctorem
738 2492 859 2530 fuisse
878 2492 1019 2530 belluae
1034 2492 1292 2532 communiter
1311 2492 1512 2539 cavendae,
1530 2492 1711 2530 nimirum
1726 2491 1819 2531 Phi-

342 2553 524 2592 locratis:
555 2560 816 2592 commentum
838 2554 1023 2592 referens.
1056 2554 1145 2599 Quo
1160 2562 1278 2606 pacto
1298 2555 1401 2593 enim
1419 2567 1494 2606 ego
1511 2553 1821 2607 Demosthenem

343 2624 481 2655 contra
500 2616 761 2655 Philocratem
776 2617 1054 2664 concitassem,
1075 2630 1192 2667 quem
1210 2617 1348 2656 scirem
1368 2624 1407 2655 et
1425 2616 1713 2669 patrocinatum
1733 2630 1821 2656 esse

345 2681 556 2719 Philocrati
573 2681 612 2718 in
631 2680 859 2718 violatarum
881 2680 1015 2731 legum
1032 2680 1200 2727 actione,
1213 2687 1253 2718 et
1271 2681 1446 2732 legatum
1464 2694 1488 2719 a
1507 2679 1731 2718 Philocrate
1751 2680 1822 2719 de-

343 2742 567 2794 signatum?
597 2743 794 2780 Praeterea
813 2755 892 2780 non
912 2743 952 2780 in
982 2742 1203 2792 hujusmodi
1229 2742 1423 2781 duntaxat
1448 2742 1574 2780 verbis
1594 2755 1665 2781 nos
1685 2742 1820 2794 legati,

344 2806 414 2843 sed
435 2806 473 2843 in
494 2813 577 2843 toto
608 2805 743 2843 itinere
764 2805 930 2843 tolerare
956 2805 1081 2844 coacti
1108 2819 1241 2844 sumus
1274 2805 1595 2854 Demosthenem,
1620 2804 1819 2844 hominem

343 2867 628 2905 intolerabilem
649 2874 689 2905 et
703 2868 925 2906 molestum.
959 2868 1062 2906 Nam
1083 2881 1172 2907 cum
1186 2880 1258 2906 nos
1278 2866 1400 2919 legati
1419 2867 1709 2916 meditaremur,
1724 2867 1819 2918 quid

345 2931 456 2969 nobis
477 2931 689 2970 dicendum
707 2937 824 2978 esset,
845 2938 885 2970 et
905 2931 1018 2970 Cimo
1034 2931 1211 2980 dixisset,
1226 2930 1348 2971 vereri
1367 2944 1422 2979 se,
1442 2944 1492 2970 ne
1512 2930 1718 2983 Philippus
1730 2930 1819 2982 jure
