1948 3306
344 181 421 219 766
748 184 971 223 CONTRA
1003 185 1391 226 THEOCRINEM.

344 288 575 326 mniatoruin
598 290 886 329 metuimmunis
907 290 1059 341 degas?
1085 290 1198 328 Nam
1220 304 1297 342 quo
1330 291 1367 328 in
1397 289 1480 329 aliis
1507 291 1651 340 injuriis
1671 290 1810 330 confu-

345 350 486 401 gimus,
508 350 556 388 ad
597 351 719 402 leges,
746 353 797 391 ad
824 352 987 404 judicia,
1007 353 1056 390 ad
1089 359 1223 398 testes,
1244 352 1294 391 ad
1327 352 1596 400 conciliabula,
1621 353 1707 391 haec
1732 351 1809 390 illis

342 413 508 462 quaestui
529 420 633 459 sunt,
655 414 691 451 in
712 414 770 452 his
787 415 886 452 vires
906 421 1107 453 ostentant
1126 427 1235 458 suas3
1252 415 1398 454 amicos
1419 414 1643 453 existimant
1661 427 1728 454 eos
1742 414 1808 466 qui

345 482 562 522 numerant,
582 476 728 521 hostes,
746 477 923 514 homines
943 476 1091 527 quietos
1112 483 1152 514 et
1170 476 1322 515 divites.

403 538 464 575 17.
487 538 758 576 Recordamini
782 538 912 589 igitur,
931 538 1106 584 Judices,
1126 546 1165 577 et
1191 538 1444 590 improbitatis
1474 539 1649 584 istorum,
1669 545 1707 577 et
1726 553 1808 578 ma-

336 600 465 651 jorum
493 608 726 646 nostrorum,
756 613 919 651 quorum
941 600 1169 650 Epichares,
1190 614 1284 639 avus
1306 613 1431 647 meus,
1452 600 1646 652 Olympiae
1665 614 1807 652 pueros

343 663 468 701 stadio
489 664 593 708 vicit,
614 675 875 712 coronamque
895 661 1117 712 reipublicae
1138 662 1279 710 retulit,
1299 671 1339 700 et
1359 662 1462 714 apud
1476 663 1642 714 majores
1659 669 1808 703 vestros
1831 668 1835 678 ¹

341 739 430 764 cum
451 727 554 763 bona
574 724 855 762 existimatione
876 723 977 762 diem
997 737 1110 762 suum
1131 724 1237 763 obiit.
1295 725 1377 763 Nos
1398 738 1488 763 vero
1507 730 1665 777 propter
1688 725 1808 764 istum

341 789 412 827 diis
446 789 608 826 invisum
642 787 716 825 hac
751 788 906 825 civitate
941 787 1178 833 fraudamur,
1199 800 1269 838 pro
1296 800 1373 838 qua
1391 787 1654 827 Aristocrates
1676 787 1808 827 Scellii

340 852 456 897 filius,
478 850 692 889 avunculus
724 849 925 901 Epicharis
960 849 1020 888 avi
1050 849 1140 895 mei,
1162 849 1272 901 cujus
1301 849 1391 888 huic
1415 850 1524 889 fratri
1552 864 1639 889 meo
1665 863 1807 890 nornen

336 921 398 953 est
416 914 594 958 inditum,
615 911 747 951 multis
777 918 817 950 et
847 911 1044 963 praeclaris
1075 912 1189 950 rebus
1221 911 1351 962 gestis,
1370 911 1519 950 bellum
1543 919 1678 950 nostra
1708 913 1807 951 urbe

336 984 495 1028 gerente
514 989 603 1014 curn
624 973 944 1021 Lacedaemoniis,
963 987 1097 1012 eversa
1117 973 1321 1020 Eetionea,
1346 973 1386 1012 in
1415 986 1533 1024 quam
1554 973 1696 1013 Critias
1715 987 1805 1013 cum

335 1039 472 1077 ceteris
488 1036 660 1090 tyrannis
676 1034 993 1080 Lacedaemonios
1011 1041 1237 1087 recepturus
1267 1035 1353 1082 fuit,
1372 1034 1582 1074 castellum
1597 1049 1618 1074 e
1634 1048 1712 1086 quo
1732 1049 1804 1088 op-

335 1101 607 1153 pugnabamur
635 1098 765 1145 diruit,
798 1097 1062 1149 populumque
1087 1096 1277 1136 restituit:
1316 1110 1396 1136 non
1423 1097 1531 1145 talia,
1561 1097 1691 1149 qualia
1719 1098 1806 1137 haec

336 1170 429 1202 sunt
459 1161 633 1214 pericula
651 1160 825 1207 subiens,
846 1160 917 1198 sed
937 1163 1019 1209 eJus
1040 1159 1204 1211 generis,
1225 1160 1264 1198 in
1283 1159 1424 1211 quibus
1444 1166 1484 1198 et
1501 1166 1666 1198 mortem
1684 1174 1803 1213 oppe-

332 1234 415 1264 tere
452 1224 681 1276 praeclarum
718 1229 790 1268 est,
811 1228 849 1260 et
881 1228 1045 1260 conatus
1085 1235 1233 1269 eorum,
1265 1222 1333 1273 qui
1365 1221 1475 1260 vobis
1506 1221 1802 1271 insidiabantur,

332 1287 587 1340 compescuit.
662 1285 827 1336 Propter
855 1297 987 1336 quem,
1018 1284 1049 1323 si
1083 1283 1289 1324 Theocrini
1323 1283 1466 1325 similes
1499 1296 1685 1331 essemus,
1714 1286 1802 1336 jure

333 1364 402 1389 nos
423 1347 716 1394 conservaretis,
741 1347 899 1394 nedum,
930 1360 1019 1385 eum
1045 1360 1093 1385 eo
1121 1346 1299 1386 meliores
1318 1346 1450 1394 simus,
1465 1345 1690 1398 justamque
1708 1360 1803 1386 cau-

333 1426 414 1452 sam
431 1413 660 1450 habeamus,
718 1410 856 1460 Neque
877 1409 979 1447 enim
1007 1422 1112 1461 saepe
1131 1422 1215 1456 vos,
1235 1408 1294 1447 his
1315 1407 1507 1455 dicendis,
1526 1409 1801 1456 obtundemus.

335 1475 399 1513 Sic
433 1474 535 1512 enim
570 1474 642 1511 iste
674 1471 879 1511 nobiscum
904 1472 998 1522 egit,
1020 1477 1079 1517 ut,
1110 1470 1216 1522 quod
1241 1476 1280 1509 et
1302 1470 1411 1510 initio
1430 1470 1623 1519 dicebam,
1642 1484 1690 1510 ne
1710 1485 1801 1524 spes

330 1537 489 1588 quidem
508 1536 590 1573 ulla
609 1534 720 1572 nobis
742 1534 791 1572 sit
809 1533 957 1585 reliqua
975 1533 1034 1572 vel
1054 1534 1264 1585 peregrinis
1285 1546 1485 1572 concessae
1504 1533 1699 1574 libertatis.
1747 1535 1801 1575 Ut

328 1599 459 1650 igitur,
480 1598 511 1636 si
530 1597 625 1635 nihil
644 1596 764 1643 aliud,
784 1596 847 1634 vel
874 1596 950 1634 hoc
979 1595 1158 1634 solatium
1177 1596 1405 1644 habeamus,
1424 1602 1469 1635 ut
1489 1602 1529 1635 et
1551 1595 1670 1635 istum
1690 1610 1799 1636 coer—

328 1661 448 1700 citum
476 1660 695 1707 videamus,
725 1672 796 1698 nos
827 1658 1027 1710 adjuvate:
1071 1659 1305 1698 miseremini
1337 1672 1486 1706 eorum,
1517 1657 1583 1710 qui
1615 1671 1638 1697 e
1665 1665 1800 1699 nostra

328 1724 476 1763 familia
504 1730 666 1762 mortem
698 1735 767 1774 pro
792 1720 994 1773 republica
1012 1721 1279 1773 oppetierunt:
1309 1721 1440 1773 cogite
1471 1734 1560 1760 eum
1592 1720 1645 1761 ad
1674 1722 1798 1773 ipsam

327 1786 563 1825 delationem
583 1785 842 1837 respondere:
863 1790 903 1822 et
921 1783 1019 1822 tales
1038 1784 1077 1821 in
1097 1783 1181 1835 ejus
1197 1797 1317 1823 causa
1334 1797 1403 1824 vos
1423 1784 1608 1836 praebete,
1622 1783 1797 1832 JudiceS‚

327 1849 453 1900 qualis
472 1848 544 1886 iste
563 1846 684 1885 nostri
702 1846 774 1885 fuit
793 1852 1009 1893 accusator,
1037 1845 1104 1898 qui
1129 1845 1303 1897 deceptis
1327 1846 1541 1897 judicibus,
1561 1845 1796 1885 mediocrem

324 1911 493 1963 aliquam
523 1909 697 1960 infligere
729 1909 915 1947 mulctam
945 1908 1045 1960 patri
1075 1907 1215 1955 noluit,
1234 1920 1296 1946 me
1327 1908 1491 1947 multum
1520 1909 1727 1954 obtestato,
1755 1913 1795 1947 et

325 1980 415 2012 ante
442 1972 528 2024 ejus
551 1985 680 2023 genua
699 1971 921 2023 suppliciter
939 1971 1161 2023 provoluto,
1181 1970 1266 2017 sed,
1286 1976 1471 2021 tanquam
1499 1976 1610 2022 pater
1637 1983 1794 2022 rempu-

323 2036 463 2074 blicam
497 2034 746 2086 prodidisset,
779 2033 886 2072 litem
918 2034 954 2072 ei
986 2033 1125 2072 decem
1152 2032 1312 2072 talentis
1345 2032 1566 2072 aestimavit.
1626 2032 1792 2072 Oramus

322 2097 439 2149 igitur
459 2104 577 2148 atque
597 2097 860 2143 obsecramus,
879 2103 922 2133 ut
943 2095 1052 2147 justa
1070 2108 1157 2146 quae
1189 2101 1293 2142 sunt,
1316 2094 1548 2134 decernatis.
1605 2094 1715 2136 Heus
1735 2100 1791 2142 tu,

324 2159 509 2198 auxiliare
527 2158 650 2207 nobis,
670 2158 701 2198 si
719 2157 813 2211 quid
832 2158 968 2207 habes,
984 2164 1024 2197 et
1041 2157 1296 2211 patrocinare.
1353 2156 1576 2198 Adscende.

1895 3202 1923 3306 ,ἐϋ-ῳ
