1915 3356
646 183 703 220 IN
734 182 1178 221 CTESIPHONTEM.
1600 187 1649 223 83

178 298 268 323 cum
287 285 456 336 Philippi
476 285 734 323 caduceatore
754 293 793 323 et
811 284 950 335 legatis
970 285 1097 323 foedus
1117 286 1329 328 feriremus,
1350 286 1466 336 plane
1484 285 1530 324 iis
1550 298 1640 324 con-

176 353 364 384 sentanea
383 347 555 384 scribens
584 360 669 397 quae
700 346 925 384 decreverat
949 344 1214 384 Philocrates:
1245 347 1309 384 ille
1340 347 1440 385 enim
1470 354 1640 398 potesta-

174 413 253 446 tem
269 407 378 446 dedit
397 415 440 445 ut
459 407 735 445 caduceatores
755 407 831 445 huc
852 414 890 444 et
909 406 1025 456 legati
1046 407 1301 453 mitterentur,
1318 408 1380 447 hic
1399 409 1640 459 cum'legatis

174 469 301 506 foedus
322 469 399 506 icit.
429 469 520 506 Jam
541 481 630 506 vero
649 469 699 507 ad
719 482 765 506 ea
784 481 870 518 quae
890 474 1107 518 sequuntur
1125 468 1376 508 vehementer
1403 484 1536 521 quaeso
1558 470 1638 508 ani-

175 543 260 568 mos
281 530 484 568 attendite.
534 530 633 568 Acta
654 530 753 567 enim
787 536 878 567 sunt
904 543 981 567 non
1009 533 1091 578 jam
1125 530 1229 581 apud
1257 538 1418 569 caeteros
1434 532 1584 583 legatos
1616 544 1639 568 a

173 591 436 629 Demosthene
452 597 589 641 postea
602 590 818 628 mutatione
839 591 944 630 sacta
958 605 1026 644 per
1042 592 1273 629 calumniam
1289 593 1451 630 multum
1467 593 1639 643 exagita-

171 659 247 699 tos,
264 653 332 691 sed
352 653 496 690 seorsim
517 652 620 703 apud
640 652 900 692 Philocratem
926 660 966 692 et
991 654 1478 704 Demosthenem—neque
1505 655 1543 691 id
1568 655 1638 691 rni-

170 727 271 759 rum,
296 714 437 765 quippe
465 714 531 764 qui
552 727 629 751 una
648 714 881 765 legationem
901 716 1089 763 obierant,
1121 730 1198 755 una
1228 717 1385 755 decreta
1412 717 1639 754 fecerant—-

168 777 349 827 primurn,
369 782 414 813 ut
432 776 583 826 legatos
603 777 667 827 qui
687 790 710 815 a
728 778 836 815 vobis
858 778 966 816 missi
989 778 1138 816 Groecos
1162 779 1201 816 in
1223 779 1446 829 Philippum
1468 779 1640 816 concita·

168 838 264 876 bant
288 849 367 874 non
397 839 692 889 exspectaretis,
722 853 771 877 ne
797 840 1052 878 communiter
1083 830 1173 878 cum
1202 842 1353 879 caeteris
1385 839 1536 878 Graecis
1567 840 1637 877 sed

165 899 356 951 privatam
375 913 463 937 cum
484 913 531 937 eo
550 914 689 952 pacem
711 901 860 939 faciatis
879 915 887 940 :
918 902 1060 941 deinde
1081 909 1217 941 utnon
1236 916 1374 954 pacem
1394 909 1545 940 tantum
1567 901 1639 940 sed

165 963 283 1000 etiam
317 962 546 1000 societatem
575 976 663 1000 cum
690 962 871 1015 Philippo
894 964 1126 1011 scisceretis,
1148 973 1190 1003 ut
1211 965 1243 1003 si
1266 965 1333 1016 qui
1363 970 1463 1002 sorte
1492 963 1638 1014 populo

165 1023 397 1062 Atheniensi
421 1025 752 1072 auscultaverant,
782 1026 831 1064 ad
852 1040 1043 1065 summam
1074 1028 1282 1079 adigantur
1312 1027 1637 1077 desperationem,

164 1098 253 1123 cum
272 1085 448 1123 viderent
464 1099 533 1125 vos
553 1086 624 1123 sibi
639 1087 796 1137 quidem
810 1088 903 1126 belli
925 1090 1163 1141 suscipiendi
1178 1090 1398 1127 hortatores
1414 1102 1513 1134 esse,
1533 1088 1637 1126 domi

162 1160 253 1185 vero
271 1161 350 1186 non
370 1147 487 1185 modo
507 1161 644 1199 pacem
664 1162 752 1186 curn
773 1162 819 1187 eo
848 1150 917 1202 sed
946 1156 986 1187 et
1004 1151 1232 1188 societatem
1258 1150 1471 1187 ineundam
1501 1150 1638 1188 decre-

162 1209 288 1247 visse:
318 1215 516 1259 postremo
535 1223 583 1247 ne
604 1222 673 1247 rex
695 1210 874 1247 Thraciae
897 1210 1174 1261 Cersobleptes
1191 1212 1341 1248 soedere
1358 1212 1636 1259 contineretur,

161 1283 259 1308 neve
286 1271 391 1322 pacis
426 1284 471 1307 ac
499 1270 698 1307 societatis
729 1277 837 1308 esset
865 1270 1076 1321 particeps.
1119 1272 1212 1308 Jam
1233 1278 1363 1310 autem
1382 1272 1576 1323 expeditio
1596 1274 1636 1311 in

161 1345 250 1370 eum
276 1338 360 1369 erat
377 1330 540 1368 indicta.

215 1395 281 1430 24.
311 1393 443 1443 Atque
474 1393 506 1429 is
529 1390 688 1443 quidem
712 1391 778 1443 qui
799 1391 884 1430 haec
903 1392 1121 1431 redimebat
1139 1393 1235 1432 nihil
1255 1394 1349 1432 fecit
1366 1395 1514 1445 iniqui:
1542 1409 1634 1434 nam

160 1455 387 1506 priusquam
415 1459 664 1492 sacramenta
691 1460 730 1490 et
750 1454 898 1492 foedera
918 1455 1252 1501 confirmarentur,
1280 1470 1358 1494 non
1378 1463 1461 1494 erat
1480 1456 1514 1495 ei
1541 1458 1633 1497 vitio

159 1516 350 1562 dandum,
371 1514 403 1553 si
419 1515 500 1553 suis
516 1514 733 1553 commodis
750 1516 934 1560 serviret;
966 1516 1033 1567 qui
1048 1530 1138 1555 vero
1155 1517 1337 1569 praesidia
1353 1517 1518 1556 civitatis
1537 1533 1633 1558 ven-

160 1579 310 1617 debant
327 1584 366 1616 et
384 1591 473 1616 cum
493 1591 538 1615 eo
554 1568 907 1626 communicabant,
924 1578 949 1616 ii
968 1579 1126 1617 demum
1146 1593 1292 1631 magna
1306 1580 1413 1631 digni
1429 1588 1540 1619 erant
1558 1582 1632 1621 ira-

155 1640 313 1679 cundia.
355 1639 456 1677 Nam
475 1638 542 1690 qui
562 1652 603 1677 se
631 1653 736 1678 nunc
761 1639 974 1679 Alexandri
999 1648 1092 1680 tunc
1122 1642 1293 1693 Philippi
1322 1644 1474 1680 osorem
1505 1643 1629 1683 fuisse

155 1702 313 1740 dictitat
331 1701 640 1748 Demosthenes,
661 1701 726 1753 qui
745 1701 958 1753 hospitium
981 1703 1191 1742 Alexandri
1212 1704 1305 1742 mihi
1325 1706 1544 1755 exprobrat,
1563 1706 1630 1744 de-

155 1770 266 1803 creto
289 1764 418 1815 jubet,
442 1763 665 1814 reipublicae
684 1764 956 1803 occasionibus
981 1765 1222 1817 interceptis,
1251 1773 1295 1804 ut
1322 1773 1506 1818 prytanes
1535 1781 1629 1806 con-

154 1827 308 1865 cionem
326 1826 498 1864 habeant
518 1832 655 1864 octavo
675 1826 737 1864 die
756 1827 903 1865 mensis
925 1826 1260 1878 Elaphebolionis,
1281 1840 1368 1865 cum
1399 1828 1630 1881 AEsculapio

154 1901 268 1927 saera
285 1888 423 1925 fierent
441 1893 481 1924 et
499 1899 589 1925 cum
616 1887 808 1937 praeludia
836 1896 1058 1938 agerentur,
1087 1889 1126 1926 in
1147 1889 1210 1927 die
1238 1889 1338 1927 festo
1366 1889 1530 1936 scilicet,
1552 1904 1629 1942 quo

154 1962 270 1989 nemo
286 1960 460 1999 unquam
476 1947 653 1985 meminit
666 1950 896 1986 concionem
915 1948 1064 1986 haberi.
1112 1952 1333 2006 Quamnam
1352 1963 1512 1989 causam
1532 1966 1631 2003 prae-

154 2009 349 2051 tendens?
395 2009 570 2054 Scilicet,
609 2015 668 2045 ut
701 2008 859 2045 simul
897 2016 1060 2059 atque
1095 2010 1419 2048 advenerint
1452 2026 1474 2049 a
1512 2013 1629 2051 Phi-

153 2075 306 2126 lippo
341 2071 528 2122 legati,
558 2069 789 2122 populus
821 2082 970 2120 quam
1002 2071 1312 2108 maturrime
1350 2074 1627 2113 consultet

153 2137 215 2175 de
259 2135 418 2172 rebus
468 2132 530 2170 ad
577 2131 893 2182 Philippum
932 2131 1353 2182 pertinentibus,
1390 2133 1445 2171 ita
1476 2134 1531 2172 eis
1559 2137 1626 2187 qui

151 2197 325 2236 nondum
355 2195 519 2234 aderant
547 2192 691 2244 legatis
720 2191 947 2231 concionem
969 2193 1275 2244 praeoccupavit,
1296 2200 1336 2231 et
1362 2202 1540 2247 tempora
1559 2211 1625 2237 ve-

151 2266 234 2298 stra
250 2255 481 2307 intercepit;
512 2267 593 2292 rem
622 2253 790 2305 denique
817 2253 1061 2301 acceleravit,
1082 2268 1132 2292 ne
1164 2267 1255 2293 cum
1282 2257 1432 2294 caeteris
1460 2257 1624 2310 Graecis,

150 2320 288 2359 vestris
316 2317 455 2369 legatis
479 2316 561 2367 jam
583 2315 758 2362 reversis,
789 2315 861 2353 sed
894 2314 965 2353 soli
995 2328 1131 2367 pacem
1161 2316 1355 2355 faceretis.
1401 2318 1497 2358 Post
1526 2320 1623 2369 haec,

148 2381 427 2425 Athenienses,
456 2377 698 2416 advenerunt
727 2391 750 2416 a
769 2377 948 2428 Philippo
979 2378 1112 2430 legati,
1142 2379 1260 2416 vestri
1293 2386 1422 2418 autem
1462 2383 1624 2423 aberant

148 2445 313 2483 Graecos
333 2447 470 2481 contra
489 2439 714 2491 Philippum
735 2439 994 2478 concitantes.
1057 2440 1132 2479 Hic
1153 2440 1316 2479 alterum
1338 2443 1454 2480 etiam
1475 2444 1620 2484 Demo-

147 2507 309 2546 sthenes
339 2508 541 2556 expugnat
568 2501 830 2553 plebiscitum,
860 2516 938 2553 quo
966 2503 1151 2550 decernit,
1173 2510 1217 2542 ut
1237 2518 1307 2543 vos
1337 2518 1415 2543 non
1443 2506 1491 2544 de
1519 2521 1618 2558 pace

147 2568 274 2607 solum
292 2579 428 2606 verum
447 2565 564 2602 etiam
585 2564 634 2602 de
655 2564 841 2603 societate
862 2565 1065 2603 consilium
1085 2566 1260 2617 capiatis,
1281 2580 1359 2604 non
1381 2573 1616 2619 exspectatis

145 2629 286 2680 legatis
313 2627 463 2672 vestris,
485 2625 553 2664 sed
581 2626 711 2663 statim
733 2634 824 2679 post
851 2627 1042 2679 Dionysia
1068 2628 1217 2665 urbana
1237 2628 1388 2666 decimo
1413 2637 1551 2669 octavo
1579 2641 1618 2672 et

146 2703 252 2730 nono
271 2689 414 2728 mensis
433 2688 510 2727 die.
553 2687 607 2726 Ut
626 2695 756 2727 autem
785 2701 846 2726 me
866 2702 958 2727 vera
978 2689 1107 2727 dicere
1126 2689 1367 2742 intelligatis,
1389 2691 1521 2731 audite
1547 2694 1615 2733 de-

145 2760 266 2794 creta.

738 2853 1012 2892 DECRETA.

196 2952 263 2991 25.
292 2952 391 2990 Cum
413 2949 540 3002 igitur,
571 2949 845 2996 Athenienses,
874 2949 1137 3001 praeterierant
1168 2949 1370 3001 Dionysia,
1401 2959 1438 2991 et
1466 2953 1608 2995 habitae
