1948 3306
362 194 438 232 6538
845 196 902 234 IN
934 195 1277 235 STEPHANUM
1310 199 1340 238 1.

359 295 496 341 fuisse,
515 294 577 334 vel
607 300 761 348 apertas
789 296 894 347 apud
921 297 1104 336 arbitrum
1124 298 1264 337 vidisse
1285 299 1448 347 tabulas,
1469 301 1540 340 sed
1560 308 1600 341 et
1625 301 1698 354 ipsi
1719 303 1821 342 affir-

359 358 499 397 marint
516 370 578 396 me
599 358 745 409 aperire
766 359 949 405 noluisse,
967 373 1056 398 cum
1076 374 1142 400 eas
1163 363 1384 414 exemplum
1403 376 1489 402 esse
1508 363 1608 404 illius
1622 366 1818 406 testificati

359 421 652 467 sint—aliosne,
672 434 719 459 an
736 435 825 460 vero
845 422 1085 473 semetipsos,
1105 425 1295 464 mendacii
1314 426 1604 478 coarguerunt?

413 486 451 521 7.
478 483 541 521 Ad
569 483 668 528 haec,
692 483 970 530 Athenienses,
992 485 1023 523 si
1055 485 1141 537 quis
1167 487 1428 526 testimonium
1462 488 1515 526 uti
1547 489 1733 540 scriptum
1761 496 1822 528 est

359 546 564 592 examinet,
584 545 775 597 intelliget
807 545 846 584 id
878 546 916 584 in
944 547 1165 587 universum
1187 563 1254 588 eos
1277 563 1364 589 esse
1395 550 1649 598 machinatos,
1668 558 1713 590 ut
1741 565 1820 603 quo

352 607 439 660 jure
459 621 613 659 quaque
638 608 776 656 injuria
800 615 912 659 pater
936 622 1047 648 meus
1076 610 1115 648 id
1147 611 1287 650 fecisse
1316 619 1591 652 testamentum
1611 613 1833 653 videretur..

359 671 466 723 Cape
485 684 576 710 vero
595 671 719 722 ipsum
738 671 1019 720 testimonium,
1039 678 1078 710 et
1096 673 1217 713 recita
1235 674 1365 726 ibique
1384 674 1551 714 desinito
1576 674 1642 713 ubi
1671 680 1710 713 te
1735 674 1820 726 jus-

359 747 457 781 sero,
476 732 521 773 ut
539 747 586 772 ex
605 734 691 786 ipso
712 747 793 772 rem
813 734 1088 774 demonstrem.

876 862 1291 901 TESTIMONIUM.

396 952 561 982 'restantur
575 962 607 981 se
618 951 740 981 affuisse
757 951 840 990 apud
856 950 1001 981 arbitrum
1008 949 1135 985 Tisiam,
1151 960 1220 979 cum
1233 954 1417 989 provocaret
1429 949 1820 991 PhormioApollodorum,

355 1003 478 1032 omnino
493 1002 621 1033 affirmat
635 1003 816 1042 exemplum
831 1012 899 1032 esse
916 1001 1090 1032 testamenti
1105 1000 1257 1031 Pasionis.

354 1078 520 1118 Desine.
578 1079 773 1131 Cogitate,
809 1079 996 1131 scriptum
1029 1091 1112 1117 esse
1144 1076 1435 1116 testamenti
1468 1076 1712 1116 Pasionis.
1747 1077 1819 1115 At-

354 1141 420 1193 qui
435 1141 641 1193 oportebat
659 1154 725 1180 eos
747 1141 813 1194 qui
832 1154 924 1179 vera
943 1141 1073 1179 dicere
1093 1139 1251 1187 vellent,
1267 1140 1299 1178 si
1313 1140 1478 1179 maxime
1493 1139 1599 1178 facta
1609 1146 1716 1178 esset
1731 1152 1820 1191 pro·

352 1204 519 1250 vocatio,
538 1203 639 1242 sicut
657 1204 762 1243 facta
788 1217 867 1243 non
886 1210 959 1252 est,
980 1203 1046 1241 illo
1066 1202 1182 1241 modo
1202 1202 1342 1242 dicere.
1400 1201 1543 1242 Recita
1556 1202 1818 1242 testimonium

353 1266 403 1304 ab
423 1265 532 1304 initio
550 1279 696 1304 rursuS.

877 1368 1288 1408 TESTIMONIUM.

393 1456 559 1485 'restantur
575 1465 608 1485 se
622 1454 751 1486 affuisse
765 1455 848 1495 apud
860 1455 1007 1486 arbitrum
1021 1454 1151 1493 Tisiam,

351 1531 658 1570 Testamur:
688 1531 888 1583 quippe
916 1531 1004 1582 qui
1036 1530 1363 1570 affuerimus.
1419 1528 1572 1569 Recita.

350 1628 421 1647 cum
438 1617 586 1647 Phormio
601 1622 789 1657 provocaret
804 1617 1040 1656 Apollodorum,

348 1704 388 1736 et
405 1696 494 1743 hoc,
516 1697 548 1735 si
567 1710 592 1749 p
604 1709 623 1734 r
635 1710 658 1735 o
671 1710 694 1735 v
709 1709 732 1735 0
744 1709 765 1735 c
778 1710 801 1735 a
813 1710 831 1735 s
845 1710 862 1735 s
877 1710 897 1735 e
909 1702 938 1744 t,
969 1702 1077 1735 recte
1097 1694 1283 1734 dicerent.

346 1783 469 1815 omniuo
483 1783 613 1814 affirmat
624 1783 803 1823 exemplum
819 1782 915 1813 fuisse
929 1781 1103 1813 testamenti
1120 1781 1274 1812 Pasionis.

349 1860 495 1897 Desine
525 1858 589 1897 ibi.
649 1857 778 1896 Nemo
807 1858 983 1909 profecto
1002 1860 1085 1906 Jam
1114 1863 1283 1896 testatus
1307 1856 1347 1895 id
1367 1862 1483 1904 esset,
1504 1856 1578 1895 nisi
1596 1857 1682 1908 quis
1700 1858 1817 1897 etiam

346 1922 445 1974 patri
464 1934 553 1959 meo
572 1919 748 1958 affuisset
765 1926 1043 1958 testamentum
1062 1918 1233 1966 facienti,
1254 1918 1322 1957 sed
1341 1919 1471 1957 statim
1491 1919 1666 1967 dixisset,
1686 1934 1712 1972 q
1726 1934 1749 1958 u
1763 1921 1776 1958 i
1791 1921 1817 1959 d

347 1996 473 2021 vero
522 1995 619 2020 nos
665 1981 873 2028 scimus,
915 1981 1181 2032 quodnam
1231 1981 1303 2019 sit
1350 1981 1602 2020 Pasionis
1647 1989 1816 2022 testa·

347 2059 386 2083 m
400 2058 420 2082 e
434 2059 458 2082 n
472 2051 487 2083 t
499 2059 523 2082 u
537 2044 605 2082 m?
648 2050 688 2082 et
711 2044 766 2082 sic
787 2043 1034 2082 scribendum
1054 2042 1285 2089 censuisset,
1306 2042 1636 2094 quemadmodum
1655 2045 1694 2083 in
1714 2045 1817 2097 prin-

346 2108 450 2160 cipio
468 2106 766 2159 provocationis,
788 2106 1006 2145 omnino
1034 2106 1110 2144 affi
1126 2118 1231 2144 rmo
1256 2118 1352 2156 ego
1377 2106 1679 2157 exemplum
1701 2120 1816 2146 esse

346 2169 670 2209 testamenti
694 2170 824 2221 ejus,
845 2168 987 2220 quod
1015 2167 1267 2207 Phormio
1297 2168 1502 2206 asserit
1527 2168 1816 2208 Pasionem

346 2245 365 2269 r
379 2246 400 2270 e
416 2233 424 2270 l
440 2232 451 2270 i
465 2246 492 2284 q
506 2232 590 2270 uis
605 2245 623 2270 s
636 2245 672 2280 e,
706 2245 798 2278 non,
820 2231 852 2268 P
867 2245 889 2269 a
905 2230 988 2269 sio
1001 2231 1097 2270 nis.
1161 2230 1250 2269 Hoc
1269 2229 1372 2268 enim
1390 2229 1466 2268 fuit
1483 2230 1633 2278 testari,
1650 2244 1739 2271 esse
1759 2239 1816 2272 te-

346 2300 597 2341 stamentum,
617 2294 721 2345 quod
748 2293 828 2332 istis
848 2293 921 2331 fuit
939 2292 1195 2346 propositum,
1214 2292 1313 2331 illud
1330 2292 1387 2331 sic
1406 2292 1594 2332 affirmare
1613 2293 1816 2333 Phormio-

345 2369 459 2396 nem:
497 2357 708 2408 plurimum
745 2362 875 2394 autem
909 2356 1072 2394 interest
1103 2361 1143 2394 et
1178 2368 1200 2392 e
1213 2368 1231 2393 s
1243 2368 1262 2393 s
1274 2367 1296 2393 e
1325 2355 1374 2394 al
1388 2355 1437 2406 iq
1449 2354 1501 2393 ui
1515 2355 1557 2401 d,
1585 2361 1630 2394 et
1665 2355 1760 2394 illu
1776 2370 1816 2394 m

346 2419 372 2456 d
388 2418 435 2456 ix
450 2418 492 2456 is
506 2432 523 2456 s
536 2432 570 2457 e.
628 2419 684 2456 Ut
709 2424 840 2456 autem
860 2417 1005 2463 sciatis,
1025 2423 1195 2469 quantas
1215 2423 1255 2455 et
1274 2429 1393 2468 quam
1413 2416 1555 2456 multas
1576 2416 1627 2456 ad
1645 2431 1707 2456 res
1725 2431 1814 2470 per-

345 2481 504 2518 tinuerit
521 2479 703 2518 confictio
722 2479 960 2526 testamenti,
980 2479 1114 2530 paucis
1134 2479 1364 2518 auscultate.

400 2545 439 2581 8.
469 2542 642 2579 Primum
670 2542 708 2579 id
739 2554 786 2580 eo
816 2541 1045 2593 pertinebat,
1067 2540 1340 2587 Athenienses,
1369 2546 1415 2579 ut
1441 2553 1522 2579 non
1549 2553 1684 2593 poenas
1699 2541 1816 2580 daret

343 2611 539 2656 corruptae
560 2604 659 2656 ejus,
679 2617 796 2655 quam
816 2618 888 2643 nec
910 2617 968 2642 me
989 2604 1117 2642 dicere
1136 2603 1251 2641 decet
1281 2610 1322 2642 et
1347 2615 1430 2650 vos,
1452 2603 1604 2642 tametsi
1633 2616 1708 2654 ego
1734 2617 1814 2643 non

345 2667 496 2712 dixero,
519 2667 624 2705 scitis
641 2680 651 2705 t
679 2666 835 2712 deinde,
855 2673 900 2704 ut
921 2666 1114 2705 obtineret
1133 2678 1218 2704 eam
1236 2665 1458 2718 pecuniam,
1478 2678 1569 2716 quae
1596 2665 1696 2717 patri
1727 2679 1814 2705 meo

346 2718 452 2780 apud
472 2736 634 2767 matrem
653 2742 778 2767 meam
798 2729 945 2767 fuerat:
974 2735 1184 2780 postremo,
1204 2734 1246 2766 vt
1263 2727 1420 2780 reliquis
1438 2727 1582 2766 nostris
1599 2727 1712 2766 bonis
1731 2741 1815 2766 om-

344 2792 459 2829 nibus
481 2792 681 2843 potiretur.
737 2791 869 2842 Atque
888 2790 976 2829 haec
1003 2791 1059 2829 ita
1090 2804 1133 2829 se
1161 2790 1317 2837 habere,
1337 2789 1454 2829 etiam
1472 2790 1559 2841 ipso
1578 2795 1814 2830 testamento

342 2853 478 2891 audito
497 2852 756 2904 cognoscetis,
786 2852 1000 2904 Apparebit
1023 2852 1124 2890 enim
1144 2865 1223 2891 non
1243 2851 1378 2904 patris,
1398 2865 1467 2904 pro
1486 2851 1575 2890 filiis
1596 2851 1813 2900 scribentis,

342 2914 470 2952 simile
499 2921 745 2963 testamento,
781 2915 848 2954 sed
879 2916 976 2953 servi
1008 2915 1242 2967 corruptoris
1275 2913 1451 2953 herilium
1477 2912 1720 2964 facultatum,
1753 2913 1811 2951 id-

341 2990 418 3028 que
440 2983 486 3015 ut
510 2990 560 3016 ne
580 2990 717 3028 poenas
738 2977 805 3016 det
824 2977 1111 3029 prospicientis.
1177 2977 1318 3016 Recita
1335 2989 1425 3016 vero
1444 2975 1501 3016 eis
1519 2981 1810 3026 testamentum,
