1948 3306
378 162 455 199 720
816 156 1056 196 CONTRA
1088 154 1382 194 CONONEM.

379 263 503 303 tando
522 270 562 301 et
588 261 867 302 contumeliose
894 260 1083 308 vexando,
1101 266 1145 299 ut
1171 258 1320 298 labrum
1341 256 1616 305 discinderent,
1633 262 1673 297 et
1697 251 1830 296 ocuion

378 325 646 372 occluderent,
667 331 707 363 et
738 331 817 363 tam
844 323 945 362 male
969 321 1150 361 affectum
1170 320 1441 373 relinquerent,
1459 325 1503 358 ut
1527 331 1652 371 neque
1676 331 1831 371 surgere

382 400 508 438 neque
527 387 633 438 loqui
649 399 811 438 possem.
867 385 1011 423 Jacens
1031 391 1160 423 autem
1178 383 1301 422 multa
1319 395 1367 421 ex
1391 381 1446 421 eis
1474 386 1514 420 et
1535 382 1674 420 acerba
1697 380 1832 419 audie-

380 450 485 489 bam.
540 449 599 488 Ac
614 456 757 488 caetera
771 447 928 499 quidem
947 446 1121 486 convicia
1140 452 1243 494 sunt,
1262 457 1425 498 quorum
1446 442 1626 494 quaedam
1638 442 1750 512 ‘apud
1763 455 1832 481 vos

381 512 577 550 nominare
608 511 901 549 erubescerem:
932 509 1035 560 quod
1063 521 1155 547 vero
1182 507 1400 546 insolentiae
1420 504 1592 545 Cononis
1616 504 1770 557 signum
1794 509 1835 542 et

318 584 323 589 ·
381 581 608 625 argumento
627 580 699 618 est,
721 573 838 611 ductu
873 571 955 623 ejus
987 578 1029 609 et
1057 570 1238 622 auspiciis
1262 569 1368 608 facta
1391 581 1480 607 esse
1506 566 1648 613 omnia,
1667 565 1708 605 id
1725 565 1835 604 vobis

381 636 519 675 dicam.
577 635 772 674 Cantabat
798 634 912 680 enirn,
945 632 1069 685 gallos
1088 634 1251 672 victores
1269 632 1448 671 imitans:
1479 630 1542 670 alii
1567 636 1696 668 autem
1718 619 1834 680 jube-

379 698 485 736 bant
507 710 594 735 eum
615 697 762 735 alarum
787 696 868 734 vice
898 695 1020 733 latera
1051 695 1190 734 cubitis
1217 694 1416 746 plangere.
1472 693 1571 732 Post
1595 692 1681 730 haec
1710 702 1785 742 ego
1812 702 1836 728 a

380 759 699 811 praetereuntibus
720 759 871 797 ablatus
893 768 978 796 sum
998 757 1148 796 nudus:
1178 757 1242 796 isti
1263 757 1453 803 abierunt,
1470 761 1579 795 veste
1599 766 1687 793 mea
1710 759 1833 805 rapta.

385 824 438 862 Ut
463 829 589 861 autem
615 822 665 860 ad
693 822 793 861 fores
819 822 919 869 veni,
940 821 1086 860 clamor
1113 828 1152 860 et
1180 821 1362 872 strepitus
1381 819 1516 859 matris.
1546 826 1586 858 et
1607 817 1838 859 ancillarum

383 891 487 924 ortus
507 891 587 923 est:
617 884 720 922 unde
740 898 800 922 me
819 884 857 922 in
879 884 1060 923 balneum
1079 896 1181 935 aegre
1207 883 1397 935 perlatum
1417 890 1457 921 et
1475 883 1648 921 ablutum
1676 879 1834 919 medicis

383 947 651 986 ostenderunt.
708 946 806 985 Haec
824 946 881 985 uti
899 958 991 985 vera
1008 958 1089 985 esse
1110 951 1275 992 constet,
1289 952 1408 984 testes
1426 944 1536 983 vobis
1554 944 1783 996 producam.

1004 1115 1215 1154 TESTES.

384 1211 536 1250 Accidit
561 1218 703 1256 autem,
725 1212 748 1249 J
754 1211 899 1257 udices,
931 1217 975 1249 ut
1000 1217 1039 1248 et
1066 1210 1280 1248 Euxitheus
1305 1208 1368 1248 hic
1384 1208 1597 1256 Chollides,
1617 1207 1726 1247 nobis
1747 1220 1839 1259 cog-

385 1281 512 1320 natus,
532 1281 571 1312 et
596 1274 738 1312 Midias
759 1273 938 1312 alicunde
964 1286 988 1312 a
1013 1287 1123 1312 coena
1155 1285 1243 1310 cum
1273 1272 1339 1311 illo
1368 1272 1534 1319 rediens,
1560 1270 1653 1309 mihi
1685 1271 1838 1309 obviam

383 1336 489 1382 facti,
510 1349 596 1385 cum
613 1338 692 1386 jam
710 1349 826 1389 prope
847 1335 948 1374 aedes
968 1348 1139 1374 essemus
1159 1342 1198 1372 et
1215 1335 1253 1372 in
1279 1334 1462 1372 balneum
1480 1334 1612 1380 ferrer,
1632 1345 1839 1384 sequeren-

384 1405 459 1446 tur,
475 1405 514 1436 et
531 1398 722 1436 medicum
743 1398 1028 1437 adducentibus
1042 1397 1226 1436 adessent
1241 1410 1249 1435 :
1272 1410 1375 1435 eram
1394 1402 1521 1435 autem
1537 1395 1635 1434 adeo
1649 1395 1837 1440 infirmus,

384 1466 440 1505 ut,
459 1473 506 1497 ne
532 1459 666 1511 procul
692 1473 715 1497 a
735 1460 874 1497 balneo
901 1459 1058 1497 domum
1087 1459 1270 1505 auferres,
1290 1459 1336 1497 iis
1364 1458 1429 1510 qui
1460 1458 1621 1497 aderant
1646 1457 1840 1505 videretur

385 1535 445 1559 me
475 1522 523 1559 ad
558 1521 723 1559 Midiam
744 1521 810 1559 illa
834 1528 945 1560 nocte
964 1535 1049 1560 esse
1077 1520 1303 1564 ferendum;
1334 1521 1464 1572 itaque
1488 1520 1674 1559 fecerunt.
1731 1520 1839 1571 Cape

385 1583 500 1633 igitur
520 1591 558 1621 et
577 1583 713 1620 horum
732 1583 960 1629 testimonia,
980 1590 1023 1622 ut
1042 1582 1204 1620 videatis
1224 1582 1367 1620 multos
1384 1595 1469 1621 esse
1488 1582 1681 1631 conscios,
1699 1581 1838 1633 quibus

386 1645 529 1696 injuriis
550 1646 596 1684 ab
617 1645 700 1684 istis
721 1646 790 1684 sim
808 1645 983 1684 affectus.

933 1798 1289 1837 TESTIMONIA.

388 1911 494 1962 Cape
514 1917 553 1948 et
571 1909 707 1949 medici
727 1909 1000 1948 testimonium.

910 2047 1314 2086 TESTIMONIUM.

442 2153 478 2188 4.
509 2151 619 2188 Tunc
644 2150 759 2202 igitur
778 2151 907 2189 statim
929 2151 1067 2202 plagae,
1092 2165 1189 2202 quas
1217 2164 1456 2204 acceperam,
1485 2156 1525 2189 et
1542 2149 1778 2189 contumelia
1796 2164 1841 2190 eo

388 2226 448 2251 me
469 2213 715 2263 redegerunt,
738 2213 1064 2264 quemadmodum
1090 2213 1230 2251 auditis
1252 2221 1291 2251 et
1312 2226 1447 2252 omnes
1473 2211 1498 2251 ii
1529 2213 1595 2263 qui
1622 2225 1684 2251 me
1713 2212 1842 2251 statim

389 2274 564 2313 viderant
581 2276 776 2315 testificati
795 2283 899 2314 sunt.
956 2276 1051 2314 Post
1078 2283 1205 2315 autem
1233 2277 1282 2315 de
1313 2276 1510 2315 tuberibus
1531 2282 1569 2314 et
1593 2275 1787 2314 ulceribus
1805 2275 1844 2314 in

376 2338 484 2388 „facie
505 2351 545 2376 se
567 2351 643 2376 non
673 2339 771 2376 adeo
801 2338 993 2377 solicitum
1022 2351 1106 2377 esse
1134 2338 1290 2377 dicebat
1317 2338 1516 2377 medicus:
1558 2337 1685 2377 febres
1716 2343 1843 2376 autem

388 2413 448 2438 me
468 2399 662 2438 continuae
685 2402 956 2451 sequebantur,
976 2407 1015 2439 et
1045 2400 1236 2439 cruciatus
1266 2401 1381 2439 totius
1404 2400 1576 2453 corporis
1601 2412 1787 2452 perquam
1807 2405 1846 2437 et

387 2462 636 2500 vehementes
671 2469 710 2500 et
743 2470 907 2509 atroces,
927 2463 966 2500 in
996 2462 1127 2513 primis
1156 2476 1247 2501 vero
1266 2463 1430 2502 laterum
1459 2470 1576 2514 atque
1606 2461 1671 2501 imi
1690 2460 1846 2504 ventris,

389 2538 512 2575 neque
532 2524 659 2562 cibum
679 2538 817 2576 capere
836 2532 1023 2576 poteram.
1080 2525 1130 2563 Et
1160 2532 1204 2563 ut
1231 2526 1405 2564 medicus
1434 2525 1590 2577 quidem
1620 2523 1846 2568 affirmabat,

390 2586 462 2623 nisi
495 2585 599 2634 mihi,
619 2586 816 2625 doloribus
846 2587 991 2625 afflicto
1018 2593 1057 2625 et
1078 2586 1157 2638 jam
1190 2586 1408 2638 desperato,
1439 2587 1615 2638 purgatio
1647 2583 1847 2636 sanguinis

390 2648 490 2686 ultro
509 2649 666 2700 copiosa
685 2649 986 2700 supervenisset,
1008 2663 1066 2686 me
1087 2649 1282 2687 saniosum
1303 2648 1447 2687 facturn
1468 2648 1590 2686 fuisse
1607 2647 1819 2698 periturum
1837 2659 1846 2683 ε

388 2723 493 2747 nunc
523 2711 554 2748 is
588 2710 745 2762 sangnis
773 2723 927 2748 recessu
961 2710 1053 2748 mihi
1085 2724 1156 2749 suo
1188 2710 1303 2749 saluti
1328 2711 1413 2749 fuit.
1465 2711 1561 2749 Haec
1581 2711 1696 2762 igitur
1716 2723 1805 2748 vere
1825 2721 1848 2748 a

390 2784 450 2808 me
470 2772 559 2819 dici,
574 2779 612 2811 et
627 2772 742 2810 talem
764 2773 939 2811 morbum
969 2773 1060 2811 mihi
1080 2773 1295 2818 subortum,
1324 2772 1388 2824 qui
1409 2785 1470 2811 me
1490 2772 1528 2810 in
1549 2779 1762 2811 extremum
1781 2784 1848 2822 pe-

388 2833 549 2871 riculum
569 2834 745 2886 conjecit,
768 2847 817 2872 ex
838 2834 882 2872 iis
901 2847 998 2885 quas
1019 2836 1066 2873 ab
1091 2835 1166 2873 isto
1196 2847 1421 2885 acceperam
1451 2833 1589 2886 plagis,
1610 2833 1664 2872 uti
1684 2820 1848 2877 constet,

390 2895 527 2933 medici
548 2896 808 2935 testimonium
832 2903 870 2934 et
890 2909 1021 2934 eorum
1041 2897 1104 2947 qui
1127 2910 1184 2934 me
1206 2896 1378 2934 viserunt
1397 2897 1528 2934 recita.
