1915 3356
634 175 690 212 IN
727 171 1180 213 CTESIPHONTEM.
1588 167 1637 204 97

131 270 135 272 V
173 280 320 319 sthenis
335 279 671 318 administratione
691 279 814 317 visum
836 277 894 315 iri.
929 276 1046 314 Istius
1066 275 1207 313 etenim
1229 274 1268 312 in
1291 286 1372 324 rep.
1394 270 1566 323 gerenda
1586 270 1641 307 in-

99 331 105 333 *
172 340 333 387 stitutis,
352 341 516 387 classes,
531 340 740 386 exercitus,
759 341 874 377 urbes
892 337 1048 389 penitus
1065 336 1269 386 dissipatae
1291 342 1395 373 sunt.

222 405 290 440 44.
321 403 400 441 Sed
427 415 552 454 neque
573 402 864 455 Phrynondam‚
884 400 1060 443 arbitror,
1082 411 1209 448 neque
1242 398 1482 448 Eurybatum
1515 408 1640 445 neque

171 464 289 502 alium
320 477 544 515 quenquam
564 477 697 502 eorum
727 463 793 513 qui
823 462 915 499 olim
944 461 1189 512 improbitate
1221 459 1491 497 excelluerunt
1523 457 1639 495 talem

169 538 328 575 magum
341 532 410 563 aut
420 525 739 576 praestigiatorem
755 522 963 568 exstitisse,
975 522 1092 571 quali-s
1104 522 1161 559 hic
1174 526 1300 557 noster
1314 525 1380 565 est,
1389 520 1466 569 qui,
1478 532 1500 557 o
1510 518 1642 562 tellus,

169 599 193 623 o
219 586 272 623 dii
297 586 548 632 immortales,
574 585 772 623 daemones
793 591 910 634 atque
936 583 1126 628 homines,
1145 581 1371 633 quicunque
1391 593 1483 618 vera
1508 580 1643 618 audire

169 647 312 685 curatis
329 651 336 684 !
372 647 506 692 audet,
528 659 571 684 os
590 653 762 684 vestrum
783 645 931 683 directo
959 650 1165 690 contuens,
1186 643 1294 680 audet
1315 641 1519 686 affirmare,
1539 641 1641 678 The-

169 709 293 747 banos
328 708 556 746 societatem
589 707 791 745 vobiscum
824 707 970 751 iniisse,
999 719 1077 743 non
1106 713 1324 756 temporum
1361 702 1526 748 ratione,
1564 715 1642 740 non

169 776 276 808 metu
294 769 470 816 instanti,
485 782 565 807 non
579 775 709 807 vestra
723 767 1006 807 existimatione
1021 774 1253 813 commotos,
1274 765 1343 803 sed
1363 763 1642 802 Demosthenis

168 830 420 870 concionibus
442 830 645 870 adductos.
677 830 798 882 Atqui
817 829 961 868 multas
980 835 1072 867 ante
1102 829 1218 867 istum
1239 826 1456 878 legationes
1485 825 1642 863 Thebas

167 893 347 931 obierunt
364 892 557 938 homines,
577 892 719 943 quibus
744 905 895 930 summa
925 904 1014 928 cum
1041 889 1115 928 illis
1146 888 1383 927 familiaritas
1408 886 1643 931 intercessit,

167 955 294 1006 primo
314 954 474 1007 quidem
489 955 699 1007 imperator
718 954 783 993 ille
797 952 1066 1006 Thrasybulus
1082 950 1338 1004 Colyttensis,
1351 949 1409 987 vir
1421 949 1526 1000 apud
1541 948 1643 985 The-

167 1017 291 1054 banos
319 1016 398 1055 fide
427 1022 467 1054 et
494 1016 726 1055 auctoritate
757 1016 893 1055 valens
918 1023 967 1053 ut
996 1027 1112 1054 nemo
1142 1013 1266 1052 alius:
1299 1011 1442 1049 deinde
1467 1010 1643 1048 Thrason

168 1079 403 1127 Erchiensis,
417 1079 560 1132 hospes
581 1080 760 1131 publicus
782 1080 1083 1127 Thebanorum:
1115 1078 1338 1116 Leodamus
1355 1088 1470 1128 porro
1490 1075 1640 1113 Achar-

167 1143 315 1190 nensis,
347 1141 502 1180 dicendi
532 1142 675 1180 viribus
697 1142 956 1180 Demostheni
980 1153 1058 1179 non
1087 1140 1259 1184 inferior,
1289 1152 1334 1177 ac
1361 1137 1453 1176 mihi
1485 1136 1641 1188 quidem

168 1203 294 1241 multo
322 1202 477 1241 suavior
506 1203 612 1242 visus
643 1209 797 1242 orator:
830 1203 894 1241 hic
923 1201 1198 1241 Archedemus
1218 1200 1354 1247 Pelex,
1381 1202 1465 1251 ipse
1486 1212 1642 1249 quoque

167 1265 362 1304 facundus
393 1272 435 1303 et
452 1266 519 1316 qui
539 1266 663 1303 multa
691 1266 731 1303 in
749 1278 829 1316 rep.
851 1265 1025 1316 gerenda
1045 1271 1204 1316 propter
1231 1263 1440 1301 Thebanos
1469 1259 1643 1312 pericula

166 1326 286 1366 adiit:
316 1326 458 1365 ductor
474 1326 539 1365 ille
559 1326 760 1378 popularis
781 1325 1024 1377 Aristophon
1046 1325 1289 1370 Azeniensis,
1309 1324 1375 1374 qui
1393 1322 1532 1374 perdiu
1553 1322 1644 1359 Boe-

163 1396 326 1427 ·otorum
353 1389 527 1440 partibus
563 1388 747 1427 studiisse
775 1388 1024 1427 insimulatus
1063 1394 1148 1426 est:
1187 1385 1439 1437 Pyrrhander
1476 1383 1643 1434 denique

168 1451 450 1503 Anaphlystius
470 1455 613 1496 orator,
634 1449 701 1500 qui
729 1450 846 1487 etiam
877 1462 986 1487 nunc
1016 1448 1122 1486 vivit.
1181 1447 1260 1485 Sed
1280 1453 1412 1484 tamen
1437 1457 1552 1482 nemo
1571 1457 1644 1482 un-

167 1526 284 1564 quam
316 1525 365 1551 ex
396 1512 441 1550 iis
476 1511 688 1549 Thebanos
717 1511 847 1562 potuit
875 1511 925 1548 ad
961 1516 1132 1548 vestram
1162 1509 1370 1547 amicitiam
1401 1506 1642 1558 perducere:

166 1587 326 1614 causam
343 1574 527 1625 equidem
546 1574 644 1620 scio,
665 1574 736 1611 sed
754 1567 912 1625 propter
940 1586 1073 1611 eorum
1101 1571 1343 1610 calamitates
1369 1583 1451 1608 non
1482 1582 1644 1615 necesse

167 1644 230 1677 est
256 1649 463 1688 exponere,
510 1636 564 1674 At
582 1636 699 1682 enim,
719 1635 868 1687 opinor,
895 1641 1103 1686 postquam
1136 1633 1341 1684 Philippus
1372 1632 1566 1670 ademtam
1599 1630 1644 1669 iis

168 1700 342 1738 Nicaeam
360 1698 564 1736 Thessalis
585 1697 824 1744 tradidisset,
845 1698 1082 1747 bellumque,
1103 1696 1210 1748 quod
1229 1695 1321 1733 olim
1341 1707 1391 1733 ex
1418 1694 1641 1731 Boeotorum

167 1762 310 1800 finibus
340 1760 562 1812 depulerat,
580 1773 686 1798 nunc
706 1759 835 1798 denuo
853 1772 924 1810 per
953 1758 1167 1796 Phocidem
1196 1758 1235 1795 in
1264 1758 1369 1808 ipsas
1399 1755 1552 1793 Thebas
1583 1767 1642 1792 re-

164 1824 351 1870 vexisset,
371 1829 579 1874 postquam
599 1822 767 1873 denique
789 1822 963 1859 Elateam
997 1827 1231 1871 occupatam
1250 1819 1354 1857 vallo
1374 1817 1578 1856 muniisset
1604 1816 1643 1853 in

166 1898 331 1936 eamque
348 1884 571 1936 praesidium
601 1884 865 1935 imposuisset,
885 1883 939 1921 ibi
965 1882 1122 1921 demum
1144 1881 1212 1929 illi,
1232 1881 1446 1918 instantium
1470 1880 1643 1916 malorum

167 1953 275 1986 metu
299 1947 566 1993 incumbente,
597 1946 863 1984 Athenienses
893 1944 1196 1989 accersiverunt,
1224 1952 1264 1982 et
1289 1955 1356 1981 vos
1382 1942 1515 1993 copias
1545 1940 1641 1978 edu·

166 2009 280 2048 xistis
310 2016 351 2048 et
374 2008 529 2046 Thebas
562 2007 760 2046 introiistis
795 2007 932 2045 armati
961 2005 1111 2057 equites
1141 2006 1388 2057 peditesque,
1416 2003 1643 2055 priusquam

165 2071 229 2110 vel
249 2071 404 2109 unicam
426 2069 618 2122 syllabam
637 2069 687 2107 de
709 2068 898 2107 societate
917 2067 1139 2118 scripsisset
1153 2066 1466 2104 Demosthenes:
1487 2064 1643 2102 Thebas

166 2140 298 2172 autem
331 2132 438 2184 quod
467 2131 751 2170 intromittebat
776 2143 861 2176 vos,
884 2137 1038 2181 tempus
1073 2128 1160 2174 fuit,
1182 2136 1323 2174 metus,
1344 2126 1543 2166 societatis
1571 2138 1640 2164 ne-

166 2195 343 2241 cessitas,
362 2207 443 2233 non
463 2194 764 2232 Demosthenes.

219 2258 288 2294 45.
319 2255 518 2307 Siquidem
545 2268 636 2294 vero
657 2255 716 2292 his
736 2254 775 2292 in
796 2254 910 2292 rebus
929 2253 1001 2291 tria
1022 2253 1083 2291 vel
1105 2252 1334 2303 gravissima
1357 2248 1641 2288 Demosthenes

165 2319 206 2357 in
237 2330 306 2356 vos
324 2318 519 2369 peccavit.
565 2317 755 2363 Primum,
773 2315 880 2368 quod
910 2328 1001 2353 cum
1021 2314 1225 2365 Philippus
1253 2314 1371 2352 verbo
1396 2310 1553 2362 quidem
1573 2322 1641 2347 vo·

166 2380 320 2418 hiscum
346 2379 492 2418 bellum
513 2386 677 2430 gereret,
697 2391 832 2417 revera
860 2377 983 2415 multo
1013 2376 1151 2414 acriori
1171 2375 1263 2414 odio
1292 2375 1331 2412 in
1351 2373 1559 2411 Thebanos
1582 2372 1639 2409 in-

166 2442 412 2487 cenderetur,
435 2441 632 2492 quomodo
657 2453 719 2479 res
739 2441 835 2492 ipsae
854 2439 1118 2484 declararunt,
1145 2444 1184 2476 et
1211 2437 1304 2486 quid
1334 2435 1510 2487 pluribus
1541 2446 1640 2485 opus

167 2503 257 2542 est?
285 2503 371 2542 haec
389 2509 500 2541 tanta
519 2503 698 2553 tantique
717 2501 898 2553 ponderis
927 2500 1081 2546 celavit,
1102 2506 1141 2537 et
1168 2497 1392 2536 societatem
1426 2495 1536 2534 nobis
1562 2508 1641 2532 cum

173 2564 351 2603 Thebanis
381 2565 551 2603 futuram
580 2563 782 2609 simulans,
810 2575 897 2613 quae
913 2575 992 2600 non
1013 2574 1060 2599 ex
1081 2568 1298 2611 temporum
1317 2557 1549 2596 necessitate
1570 2556 1641 2594 sed

170 2626 250 2664 suis
268 2626 530 2678 legationibus
555 2626 730 2671 oriretur,
759 2624 926 2675 primum
954 2623 1100 2674 populo
1122 2620 1315 2672 persuasit
1335 2633 1381 2658 ne
1406 2630 1640 2669 magnopere

169 2694 393 2742 spectarent
424 2688 567 2739 quibus
603 2686 891 2726 conditionibus
923 2685 1151 2723 societatem
1181 2683 1261 2721 fieri
1293 2681 1532 2725 conveniret,
1570 2678 1640 2717 sed

172 2751 267 2790 satis
294 2750 458 2788 haberet
485 2750 516 2788 si
536 2751 644 2788 fieret
661 2748 801 2787 modo:
830 2747 906 2785 hoc
926 2746 1050 2798 primo
1069 2752 1200 2784 autem
1217 2750 1408 2794 occupato
1423 2741 1639 2779 universam

172 2812 365 2852 Boeotiam
393 2810 589 2850 Thebanis
619 2810 785 2854 dedidit,
819 2822 909 2847 cum
944 2805 981 2846 in
1017 2808 1176 2846 decreto
1197 2806 1403 2857 scripserit,
1436 2812 1479 2841 ut
1504 2802 1535 2841 si
1563 2815 1642 2852 qua

172 2875 308 2914 civitas
345 2886 370 2912 a
396 2873 590 2912 Thebanis
636 2873 885 2917 descisceret,
923 2869 1185 2908 Athenienses
1221 2867 1365 2905 Boeotis
1401 2866 1466 2916 qui
1496 2864 1641 2902 Thebis

175 2942 308 2975 essent
330 2935 626 2988 opitularentur,
644 2934 786 2978 verbis,
806 2939 850 2971 ut
869 2932 981 2977 solet,
1002 2945 1062 2969 res
1089 2929 1283 2968 suffurans
1303 2928 1453 2977 alioque
1478 2925 1640 2964 transfe-

906 2995 930 3018 ἱ·
951 3006 974 3030 o
