1948 3306
363 175 442 211 714
724 175 1020 216 ADVERSUS
1054 176 1471 217 NICOSTRATUM.

358 282 556 328 repetere:
585 276 625 316 in
646 280 877 332 syngraphis
897 286 1027 319 autem
1054 280 1255 328 contineri,
1276 287 1321 319 ut
1347 288 1414 320 aut
1431 281 1533 320 intra
1547 279 1650 320 diem
1668 281 1820 333 trigesi-

359 353 465 378 mum
494 340 685 390 redderet,
715 350 784 381 aut
813 343 973 394 duplum
1003 343 1186 383 deberet:
1229 357 1354 395 neque
1384 344 1576 396 praedium
1603 344 1699 383 illud
1729 343 1822 382 mihi

356 402 522 440 vicinum
544 403 640 442 velle
660 417 893 455 quemquam
913 405 975 443 vel
994 419 1120 444 emere
1133 406 1192 444 vel
1211 406 1363 457 pignori
1383 406 1571 457 accipere,
1585 402 1822 457 quod'srater

357 463 601 511 Arethusius,
619 466 906 517 mancipiorum,
925 480 1012 517 quae
1040 481 1146 506 nunc
1173 467 1368 519 descripta
1395 474 1498 513 sunt,
1519 467 1712 514 dominus,
1742 479 1821 506 non

356 532 553 575 pateretur
571 540 802 578 quemquam
821 527 861 565 id
882 528 942 566 vel
963 541 1088 567 emere
1108 529 1169 567 vel
1195 529 1347 581 pignori
1367 529 1555 580 accipere,
1577 535 1764 580 tanquam
1781 528 1823 566 in

357 600 403 625 eo
422 587 491 626 sibi
511 589 678 640 pecunia
698 589 898 628 debeatur.
940 591 1001 628 Tu
1018 591 1147 642 igitur,
1164 591 1301 642 inquit,
1320 591 1359 629 id
1381 590 1472 629 mihi
1492 591 1702 643 suppedita
1715 590 1827 641 quod¹

356 649 465 687 deest
491 658 698 701 antequam
718 651 876 702 triginta
896 652 978 690 dies
1006 659 1252 703 praetereant,
1272 666 1321 691 ne
1341 659 1382 692 et
1407 652 1448 691 id
1466 652 1573 704 quod
1594 652 1698 698 dedi,
1716 652 1822 690 mille

355 711 565 757 drachmae,
593 719 740 763 pereat,
760 719 799 751 et
817 713 898 765 ipse
919 715 957 752 in
978 715 1200 754 servitutem
1220 715 1403 754 abducar.
1459 714 1658 753 Collectas
1677 721 1822 762 autem,

353 773 492 824 inquit,
512 773 578 811 ubi
596 774 801 826 colleg-em,
822 782 862 814 et
875 775 1092 828 hospitibus
1112 777 1349 824 satisfecero,
1369 776 1440 816 tibi
1457 776 1618 816 reddam
1636 775 1824 828 quicquid

355 835 566 873 mutuaris:
603 834 679 874 scis
702 843 847 883 autem,
868 837 1007 888 inquit,
1027 837 1134 889 leges
1160 838 1277 876 etiam
1290 837 1443 890 jubere,
1472 843 1518 876 ut
1535 844 1674 889 captus
1699 837 1734 875 ei
1753 849 1823 888 per

355 909 469 946 quem
491 897 539 935 ab
556 897 734 936 hostibus
754 899 979 952 redemptus
1000 906 1074 950 est,
1094 900 1168 938 nisi
1181 899 1346 951 pretium
1360 899 1583 946 restituerit,
1603 899 1822 938 addicatur.

355 958 456 997 Haec
471 973 518 997 ex
535 972 581 999 eo
600 974 688 999 cum
702 961 874 1000 audirem
894 968 933 1000 et
952 975 1029 1000 non
1044 962 1198 1001 mentiri
1214 969 1402 1014 putarem,
1422 961 1622 1013 respondi,
1642 967 1687 999 ut
1703 960 1822 999 homo

353 1022 584 1063 adolescens
613 1031 652 1063 et
681 1025 892 1072 familiaris,
913 1025 978 1076 qui
998 1025 1146 1063 nullam
1166 1024 1340 1077 injuriam
1359 1030 1565 1072 metueret,
1586 1031 1626 1062 et
1656 1023 1822 1062 antehac

351 1084 523 1124 sincerus
543 1086 613 1124 tibi
633 1087 780 1127 amicus
799 1087 867 1134 fui,
897 1087 1136 1135 Nicostrate,
1156 1094 1197 1126 et
1226 1087 1266 1126 in
1285 1087 1457 1126 adversis
1475 1087 1605 1133 rebus,
1633 1091 1822 1138 quantum

351 1148 474 1198 potui,
507 1149 545 1187 te
568 1148 679 1201 juvi:
707 1149 891 1200 quoniam
920 1155 1050 1188 autern
1068 1156 1190 1188 totam
1220 1162 1412 1188 summam
1439 1148 1479 1186 in
1496 1147 1707 1200 praesentia
1724 1160 1823 1186 nan-

351 1209 442 1248 cisci
462 1223 541 1248 non
559 1216 688 1262 potes,
709 1224 835 1262 neque
853 1211 935 1263 ipse
955 1218 1186 1263 praesentem
1204 1211 1410 1263 pecuniam
1427 1210 1568 1258 habeo,
1595 1210 1644 1249 de
1663 1222 1822 1262 posses-

350 1271 525 1309 sionibus
558 1271 654 1310 meis
676 1271 744 1310 tibi
765 1272 954 1319 concedo,
975 1279 1020 1311 ut
1047 1286 1320 1325 quamcunque
1339 1272 1462 1320 voles,
1481 1285 1552 1324 pro
1565 1284 1613 1311 eo
1628 1271 1734 1322 quod
1752 1270 1821 1309 tibi

350 1332 464 1372 deest
482 1333 729 1385 oppigneres‚
750 1340 795 1372 ut
819 1334 1036 1387 hospitibus
1063 1335 1294 1383 satisfacias,
1314 1340 1354 1373 et
1378 1333 1547 1373 nummis
1576 1333 1672 1373 meis
1692 1333 1732 1372 in
1751 1345 1822 1371 an-

349 1408 443 1433 num
474 1395 557 1434 sine
590 1396 736 1435 foenore
763 1397 906 1442 utaris;
937 1410 1070 1436 verum
1096 1397 1164 1436 ubi
1195 1397 1404 1449 pecuniam
1423 1396 1474 1434 de
1500 1394 1677 1435 collectis
1707 1394 1820 1434 rede·

349 1457 462 1508 geris,
483 1457 558 1505 fac,
589 1457 628 1496 id
648 1459 755 1510 quod
773 1459 980 1511 polliceris,
1002 1472 1128 1498 meam
1149 1459 1242 1497 mihi
1260 1458 1551 1511 possessionem
1570 1464 1615 1496 ut
1635 1457 1820 1496 redimas.

348 1518 422 1557 His
442 1521 516 1558 iste
548 1520 690 1559 auditis
719 1534 858 1574 meque
878 1522 1118 1570 collaudato,
1136 1522 1192 1560 ita
1219 1535 1282 1561 me
1307 1521 1592 1573 quamprimum
1612 1533 1727 1573 agere
1753 1521 1819 1572 ju-

348 1581 479 1628 bebat,
499 1582 723 1634 priusquam
741 1583 983 1635 praeterIrent
1002 1583 1101 1631 dies,
1120 1584 1221 1622 intra
1237 1597 1336 1635 quos
1362 1597 1404 1622 se
1423 1575 1587 1635 pretium
1616 1594 1819 1621 numerare

349 1650 526 1695 oportere
547 1644 708 1683 dixerat.
747 1645 865 1684 AEdes
886 1645 1003 1697 igitur
1022 1646 1227 1685 Arcesanti
1245 1645 1501 1684 Pambotadae
1514 1644 1685 1683 sedecim
1703 1644 1818 1682 minis

349 1704 576 1757 oppignem,
592 1719 709 1757 quem
729 1707 801 1746 iste
828 1708 911 1759 ipse
930 1709 1024 1747 mihi
1043 1708 1285 1755 conciliarat,
1307 1708 1458 1748 octonis
1487 1707 1613 1746 obolis
1631 1707 1671 1745 in
1691 1707 1818 1747 minas

345 1765 386 1804 in
407 1779 559 1805 menses
579 1767 755 1820 singulos
776 1771 980 1808 mutuanti.

403 1829 441 1866 5.
470 1829 645 1880 Accepta
665 1836 795 1869 autem
814 1831 982 1882 pecunia
1000 1838 1152 1871 tanturn
1172 1833 1308 1871 aberat
1333 1838 1378 1870 ut
1405 1831 1499 1870 mihi
1517 1844 1588 1882 pro
1607 1830 1758 1870 collatis
1777 1831 1818 1870 in

347 1902 390 1928 se
409 1890 606 1929 beneficiis
628 1892 763 1943 gratiae
782 1892 931 1944 aliquid
949 1893 1119 1941 referret,
1142 1900 1186 1932 ut
1213 1893 1345 1932 statim
1372 1905 1444 1945 per
1468 1892 1629 1931 insidias
1648 1905 1695 1931 ea
1712 1892 1818 1931 frau-

349 1951 440 1990 dare
460 1965 523 1990 me
543 1953 771 2000 institueret,
792 1960 831 1992 et
850 1954 1069 1994 inimicitias
1090 1968 1242 1994 mecum
1262 1960 1488 1994 exerceret:
1517 1967 1594 2006 quo
1609 1966 1685 2006 ego
1703 1954 1817 2006 inops

349 2013 509 2059 consilii,
530 2020 574 2052 ut
592 2014 822 2055 adolescens
837 2023 876 2054 et
890 2028 1018 2056 rerum
1037 2017 1251 2070 imperitus,
1270 2030 1448 2056 nummos
1465 2029 1488 2055 a
1505 2029 1548 2055 se
1569 2029 1648 2055 non
1667 2022 1820 2068 repete-

348 2088 443 2123 rem,
457 2076 596 2127 quibus
616 2077 724 2116 aedes
743 2078 1008 2130 oppigneratae
1029 2086 1154 2127 erant,
1173 2080 1243 2120 sed
1261 2079 1540 2119 condonarem.
1573 2079 1634 2118 Ac
1648 2078 1816 2131 primum

349 2137 506 2189 quidem
526 2152 615 2177 cuin
633 2139 863 2179 adversariis
883 2141 975 2178 mihi
999 2141 1220 2194 insidiatur,
1250 2149 1290 2181 et
1307 2142 1426 2180 fidem
1446 2141 1501 2180 eis
1521 2140 1602 2180 dat.
1661 2140 1817 2180 Deinde

348 2211 439 2236 cum
467 2199 559 2237 mihi
587 2200 747 2252 negotia
766 2200 1067 2250 facesserentur,
1086 2209 1126 2241 et
1152 2215 1259 2242 meas
1285 2203 1467 2250 rationes,
1487 2215 1650 2254 quarum
1670 2215 1816 2254 gnarus

348 2266 446 2306 erat,
467 2260 609 2312 prodit,
630 2268 669 2300 et
688 2263 870 2302 exscribit
901 2263 1060 2315 publico
1087 2271 1280 2304 exsortem
1304 2264 1489 2304 mulctam
1510 2277 1560 2303 ex
1580 2263 1815 2303 evidentium

346 2323 624 2362 constitutione
654 2331 862 2364 sexcentas
891 2333 931 2364 et
963 2326 1101 2366 decem
1130 2327 1352 2373 drachmas,
1375 2327 1520 2379 Lycida
1547 2326 1737 2379 Mylothri
1771 2327 1814 2364 F.

345 2397 506 2424 causam
539 2393 693 2436 agente.
750 2388 946 2427 Viatorem
974 2395 1104 2427 autem
1136 2397 1274 2428 contra
1303 2402 1364 2428 me
1397 2390 1554 2428 fratrem
1586 2402 1697 2427 suum
1718 2389 1815 2426 Are-

346 2446 517 2485 thusium
534 2447 720 2495 inscribit,
741 2452 851 2498 cujus
870 2450 957 2488 haec
975 2451 1170 2502 mancipia
1189 2458 1295 2497 sunt,
1312 2458 1352 2490 et
1369 2451 1487 2490 alium
1507 2450 1715 2502 quendam.
1754 2450 1816 2489 Ita

346 2509 449 2548 enim
470 2522 511 2547 se
529 2510 733 2561 parabant,
754 2517 799 2549 ut
818 2512 850 2550 si
870 2525 1023 2559 causas,
1040 2525 1201 2565 quarum
1209 2513 1360 2565 judicia
1375 2526 1480 2552 eram
1501 2513 1678 2565 adeptus,
1698 2524 1814 2563 agere

345 2570 602 2610 instituissem
620 2580 756 2611 contra
781 2573 1032 2619 domesticos,
1061 2587 1085 2613 a
1109 2575 1249 2626 quibus
1269 2575 1414 2627 injuriis
1430 2574 1637 2621 afficiebar,
1657 2586 1720 2611 me
1745 2574 1814 2612 de-

346 2632 493 2671 ferrent
525 2639 564 2671 et
591 2633 630 2671 in
652 2647 846 2674 carcerem
866 2636 1115 2687 conjicerent.
1173 2636 1367 2675 Praeterea
1385 2650 1448 2675 me
1467 2637 1581 2685 injus
1599 2648 1678 2673 non
1697 2648 1812 2673 voca-

346 2701 430 2732 tum
458 2694 594 2733 decem
624 2696 817 2735 drachmis
836 2698 1038 2736 mulctavit
1057 2698 1300 2744 Arethusius,
1320 2705 1363 2736 ut
1386 2697 1577 2744 aerarium,
1599 2697 1812 2735 viatoribus

345 2755 548 2808 inscriptis,
570 2765 610 2795 et
626 2758 826 2808 ingressus
844 2758 884 2796 in
903 2759 1009 2798 aedes
1029 2773 1137 2799 meas
1160 2773 1255 2799 vasa
1273 2759 1404 2798 omnia
1421 2759 1459 2798 vi
1480 2759 1707 2812 exportavit,
1723 2772 1812 2809 quae

344 2818 482 2869 viginti
498 2818 685 2857 minarum
697 2821 862 2871 pretium
883 2823 1132 2872 superabant,
1149 2835 1276 2874 neque
1289 2821 1497 2873 quicquam
1511 2820 1676 2872 reliquit.
1709 2820 1810 2858 Cum

344 2885 490 2927 autern,
506 2881 668 2932 cognitis
684 2882 846 2929 insidiis,
863 2884 1050 2923 mulctam
1069 2885 1284 2931 solvissem,
1299 2897 1345 2922 ac
1358 2897 1492 2936 poenas
1509 2883 1720 2922 sumendas
1739 2883 1811 2920 du-

344 2953 487 2990 cerem,
507 2943 695 2983 viatorem
715 2946 778 2995 qui
800 2959 841 2984 se
861 2945 952 2984 mihi
972 2947 1222 2986 renunciasse
1242 2946 1399 2986 dicebat
1424 2944 1673 2985 Arethusium
1699 2944 1808 2982 salsae

1941 1638 1948 1850 d2f—am-„
