1981 3356
512 216 800 256 ADVERSUS
832 216 1300 255 ZENOTHEMIDEM.
1564 219 1643 256 519

852 392 968 431 LEX.

228 489 265 525 6.
288 488 355 527 Me
377 488 494 543 igitur
514 488 733 527 secundum
754 489 861 540 leges
881 488 1154 540 exceptionem
1175 489 1224 527 de
1243 503 1323 528 non
1342 489 1473 528 danda
1492 491 1645 529 actione

171 549 396 589 adversario
427 550 674 602 opposuisse,
710 551 805 589 satis
841 551 979 602 opinor
1009 559 1070 589 est
1101 559 1330 590 ostensum:
1361 559 1483 590 artem
1517 559 1647 590 autem

174 612 342 651 audietis
362 611 548 665 sapientis
576 612 681 651 illius
710 613 954 652 instructoris
983 613 1121 651 horum
1147 614 1320 652 omnium
1341 613 1646 665 Aristophontis.

174 672 233 713 Ut
251 674 352 712 enirn
378 674 418 712 in
447 686 568 713 causa
598 674 694 713 nihil
717 675 788 714 sibi
819 688 979 728 prorsus
1007 688 1093 713 esse
1121 675 1292 726 praesidii
1327 675 1517 727 reliquum
1540 675 1647 713 vide-

175 738 284 784 bant,
305 736 558 776 internunciis
579 737 630 776 ad
661 737 824 776 Protum
843 736 983 785 missis,
1011 737 1159 786 homini
1185 738 1424 790 persuadent
1442 744 1484 775 ut
1502 749 1650 789 praeva-

173 797 315 837 ricetur
334 798 484 852 sibique
504 811 663 838 causam
696 801 845 838 tradat:
871 799 977 852 quod
998 799 1158 850 quidem
1179 799 1310 838 statim
1331 799 1448 838 etiam
1470 799 1518 838 ab
1540 799 1648 837 initio

172 867 354 912 egerunt,
374 868 419 900 ut
438 874 510 900 nos
530 874 636 900 nunc
655 862 925 913 cognovimus,
946 861 1018 900 sed
1049 861 1285 913 persuadere
1311 875 1389 900 non
1424 866 1647 913 potuerunt.

173 921 316 961 Protus
349 923 466 970 enim,
487 923 582 961 dum
617 924 854 962 frumentum
883 923 961 962 huc
995 923 1204 962 advectum
1236 924 1399 975 putabat
1431 924 1539 962 lucro
1575 922 1647 961 sibi

171 984 268 1031 fore,
299 984 339 1022 id
372 985 576 1031 retinebat,
596 992 635 1023 et
666 986 910 1038 praeoptabat
939 985 1069 1037 potius
1095 993 1179 1023 turn
1212 986 1296 1036 ipse
1332 986 1474 1024 lucrari
1506 992 1586 1024 tum
1608 985 1650 1023 id

171 1051 358 1096 praestare
379 1046 493 1085 nobis
527 1046 633 1097 quod
666 1060 824 1098 aequum
854 1053 974 1093 esset,
994 1060 1110 1098 quam
1139 1047 1429 1098 conspiratione
1454 1060 1544 1086 cum
1564 1047 1649 1086 istis

163 1106 271 1146 <inita
289 1113 358 1145 aut
376 1120 442 1146 eos
462 1107 500 1145 in
521 1108 618 1146 lucri
646 1107 864 1159 portionem
891 1108 1110 1154 admittere,
1145 1114 1215 1146 aut
1245 1108 1372 1147 facere
1404 1108 1516 1148 nobis
1549 1108 1649 1161 inju-

172 1167 295 1207 riam:
324 1175 370 1206 ut
399 1181 504 1215 vero,
535 1181 623 1207 cum
650 1168 729 1206 huc
755 1168 996 1221 pervenisset
1015 1176 1055 1207 et
1084 1169 1159 1207 hoc
1189 1169 1347 1220 negotio
1375 1177 1648 1221 occuparetur,

171 1229 307 1269 laxata
325 1242 483 1277 annona
501 1236 576 1278 est,
597 1231 727 1268 statim
749 1230 914 1269 mutavit
939 1230 1158 1269 consilium.
1200 1232 1347 1283 ,Atque
1370 1231 1649 1270 etiam—dice-

158 1298 235 1330 rtur
253 1292 356 1331 enim
377 1292 484 1344 apud
502 1305 588 1339 vos,
608 1292 886 1338 Athenienses,
901 1292 1173 1331 veritas—nos
1191 1293 1406 1332 creditores
1425 1307 1514 1332 eum
1534 1306 1649 1345 urge-

171 1353 312 1393 bamus
323 1354 481 1393 -infestis
502 1361 621 1406 atque
641 1354 780 1406 iniquis
802 1354 953 1402 animis,
975 1368 1064 1406 quae
1087 1362 1127 1394 et
1141 1358 1297 1404 jactura
1316 1356 1498 1394 frumenti
1516 1355 1554 1394 in
1576 1368 1648 1394 nos

172 1415 422 1462 redundaret,
450 1423 489 1455 et
507 1430 597 1455 eum
618 1416 731 1455 nobis
751 1416 869 1455 istum
891 1417 1210 1455 calumniatorem
1232 1418 1409 1469 pecuniae
1429 1418 1519 1456 loco
1545 1424 1651 1456 attu-

172 1477 266 1516 lisse
285 1478 558 1529 querebamur.
600 1477 673 1517 His
691 1479 740 1516 de
760 1479 905 1530 causis,
925 1491 1014 1517 cum
1034 1479 1152 1517 etlam
1170 1486 1313 1518 natura
1333 1479 1513 1518 nimirum
1533 1480 1649 1518 homo

171 1546 278 1579 esset
296 1552 374 1578 non
394 1540 537 1586 bonus,
559 1540 609 1578 ad
639 1541 733 1579 istos
765 1554 807 1579 se
836 1541 1002 1589 confert,
1033 1554 1159 1593 neque
1182 1549 1295 1580 cavet
1313 1554 1391 1593 quo
1423 1542 1550 1581 minus
1581 1543 1648 1581 de-

172 1609 276 1641 serto
304 1602 526 1641 vadimonio
561 1601 858 1650 condemnetur,
877 1610 959 1641 tum
994 1603 1042 1641 ab
1077 1603 1151 1641 isto
1183 1610 1345 1642 vocatus
1378 1603 1418 1641 in
1442 1604 1648 1656 judicium,

173 1676 263 1702 cum
283 1663 458 1702 nondum
479 1664 782 1715 conspirassent.
842 1665 942 1703 Nam
964 1666 996 1703 si
1018 1664 1178 1703 Protum
1198 1666 1268 1704 iste
1291 1666 1498 1714 omisisset,
1515 1667 1649 1705 statim

172 1725 487 1766 animadversum
519 1733 625 1765 esset
658 1740 746 1766 eum
783 1726 895 1765 nobis
935 1727 1064 1764 facere
1097 1726 1362 1766 calumniam:
1399 1727 1573 1766 damnari
1607 1742 1648 1767 se

172 1793 304 1826 autem
337 1800 467 1826 coram
500 1787 564 1825 ille
597 1800 675 1827 non
699 1800 840 1839 passus
872 1795 990 1834 esset,
1009 1795 1053 1826 ut
1074 1795 1140 1826 aut
1161 1789 1286 1840 pactis
1307 1796 1346 1827 et
1365 1791 1565 1828 conventis
1594 1790 1648 1827 illi

173 1855 334 1896 starent,
354 1855 422 1888 aut
451 1848 594 1889 deserti
627 1849 836 1889 vadimonii
868 1849 1062 1888 actionem
1092 1850 1131 1887 in
1163 1862 1228 1888 eos
1257 1857 1508 1902 retorqueret.
1568 1852 1646 1890 Sed

173 1923 359 1963 quorsum
380 1910 494 1949 haec?
536 1910 638 1949 Nam
659 1924 706 1949 ea
721 1910 753 1949 si
774 1911 866 1950 fecit
884 1924 970 1962 quae
990 1910 1063 1949 iste
1083 1911 1121 1949 in
1138 1912 1388 1950 accusatione
1403 1913 1548 1961 scribit,
1569 1927 1646 1952 non

173 1973 422 2013 damnandus
455 1973 588 2020 modo,
611 1973 681 2012 sed
710 1973 1003 2012 interficiendus
1030 1974 1146 2012 etiam
1176 1976 1263 2025 jure
1290 1974 1363 2012 fuit
1390 1974 1531 2013 Protus
1561 1989 1647 2014 mea

172 2035 330 2087 quidem
349 2036 542 2087 opinione.
601 2035 703 2074 Nam
725 2036 757 2074 si
776 2036 814 2073 in
835 2035 944 2074 malis
965 2042 1004 2074 et
1023 2042 1254 2087 tempestate
1282 2042 1434 2075 tantum
1454 2036 1531 2074 vini
1551 2037 1647 2076 hau-

173 2103 290 2145 serat,
309 2105 354 2136 ut
372 2097 512 2136 insano
533 2096 668 2135 similis
687 2097 895 2145 videretur,
915 2098 1022 2148 quod
1042 2097 1279 2149 supplicium
1298 2111 1376 2137 non
1398 2100 1646 2137 merebatur?

173 2166 242 2198 aut
270 2159 302 2198 si
324 2159 478 2198 tabulas
499 2159 748 2211 surripuerat,
764 2160 912 2198 clamve
933 2160 1164 2211 aperuerat?

229 2222 267 2258 7.
301 2221 381 2259 Sed
400 2234 467 2260 vos
487 2221 573 2260 haec
593 2221 692 2260 inter
707 2234 774 2260 vos
793 2234 870 2272 quo
891 2228 1007 2273 pacto
1024 2235 1064 2260 se
1085 2222 1255 2260 habeant
1273 2222 1520 2273 transigetis:
1550 2236 1644 2262 meae

175 2288 306 2322 autem
335 2295 466 2321 causae
494 2283 587 2321 nihil
617 2283 705 2322 inde
731 2283 918 2322 admisce.
978 2284 1067 2322 Sive
1088 2291 1126 2321 te
1145 2284 1270 2322 verbis
1302 2283 1381 2322 sive
1412 2284 1525 2324 factis
1547 2285 1645 2323 laesit

175 2345 332 2391 Protus,
353 2344 469 2383 datur
501 2344 569 2383 tibi
604 2345 703 2383 actio
738 2344 942 2384 nimirum:
974 2358 1089 2384 nemo
1124 2352 1303 2384 nostrum
1333 2345 1541 2397 prohibuit,
1579 2355 1643 2385 aut

174 2419 280 2445 nunc
299 2405 415 2445 etiam
435 2413 601 2445 recusat.
647 2396 797 2445 Si'vero
819 2406 928 2444 illum
947 2407 1205 2445 calumniatus
1225 2420 1280 2453 es,
1303 2420 1438 2458 parum
1469 2408 1508 2446 id
1537 2421 1639 2447 cura-

173 2481 274 2515 mus,
294 2475 334 2507 at
362 2468 514 2507 medius
544 2468 658 2507 fidius
680 2482 701 2506 e
722 2468 851 2507 medio
878 2468 1045 2507 excessit
1077 2469 1216 2508 homo:
1251 2476 1409 2520 propter
1436 2482 1502 2508 vos
1536 2470 1645 2508 nimi<

173 2544 271 2577 rum,
291 2538 336 2569 ut
363 2537 402 2569 et
437 2530 734 2569 testificationes
767 2537 919 2569 nostras
940 2529 1145 2576 desereret,
1167 2539 1205 2569 et
1237 2544 1342 2569 nunc
1363 2543 1429 2569 vos
1461 2531 1647 2582 quicquid

175 2592 247 2631 erit
267 2592 433 2639 libitum,
455 2592 493 2630 in
510 2605 599 2630 eum
620 2592 774 2631 dicatis.
819 2592 905 2630 Nisi
925 2592 1026 2630 enim
1047 2599 1204 2644 propter
1226 2606 1294 2631 vos
1315 2593 1362 2631 ab
1383 2605 1429 2630 eo
1450 2593 1645 2631 desertum

176 2660 281 2694 esset
309 2653 587 2701 vadimonium,
617 2654 730 2692 simul
763 2667 851 2692 eum
879 2660 918 2692 ct
949 2654 1108 2693 citasses
1140 2661 1181 2693 et
1211 2655 1316 2707 apud
1348 2654 1644 2692 Polemarchuni

176 2716 384 2768 sponsione
417 2716 648 2767 obligasses.
714 2716 831 2760 Quod
866 2715 897 2754 si
931 2716 1050 2754 vades
1081 2716 1147 2754 tibi
1179 2717 1367 2763 dedisset,
1400 2723 1465 2754 aut
1493 2729 1646 2755 manere

175 2784 392 2828 cogeretur,
413 2784 481 2816 aut
501 2785 542 2816 tu
565 2791 587 2816 a
606 2776 745 2829 quibus
774 2777 840 2817 tibi
863 2778 1069 2817 satisfieret
1089 2778 1252 2817 haberes
1270 2792 1278 2816 z
1309 2779 1339 2817 si
1361 2792 1437 2816 non
1460 2778 1646 2822 dedisset,

174 2840 213 2875 in
245 2838 481 2878 domicilium
522 2839 647 2890 plebis
678 2840 761 2878 iret.
821 2840 935 2878 Nunc
963 2840 1249 2878 communicato
1283 2841 1452 2891 negotio,
1481 2848 1519 2878 et
1551 2841 1647 2891 ipse.

174 2900 359 2951 quicquid
391 2909 428 2939 te
461 2902 707 2953 obstrepente
738 2902 848 2941 nobis
878 2902 1060 2947 decessit,
1094 2916 1135 2939 sc
1168 2902 1408 2942 redditurum
1430 2915 1515 2940 csse
1539 2902 1646 2940 nobis

176 2975 253 3001 non
280 2969 415 3013 putat:
445 2971 484 3001 et
516 2971 558 3002 tu
587 2964 696 3002 illum
730 2964 952 3004 accusando
975 2965 1113 3003 nostris
1136 2973 1172 3002 te
1198 2964 1390 3004 mercibus
1424 2965 1644 3015 potiturum.
