1915 3356
589 192 818 233 CONTRA
849 187 1213 233 TIMARCHUM.
1571 200 1614 236 11

155 294 350 341 mar-chus,
379 295 448 333 sed
479 298 636 348 recepit,
666 311 754 337 cum
780 298 890 336 nulla
921 309 960 336 re
989 298 1176 336 mediocri
1205 306 1338 350 egeret
1369 302 1619 353 (permagnas

151 357 253 395 enim
274 370 367 408 opes
388 358 421 396 ei
438 365 547 409 pater
563 360 782 410 reliquerat,
797 372 896 411 quas
916 360 989 398 iste
1005 359 1174 405 decoxit,
1194 369 1238 398 ut
1256 375 1330 412 ego
1344 363 1452 401 vobis
1472 363 1509 401 in
1528 376 1618 414 pro-

150 426 286 468 gressu
308 420 491 458 orationis
510 421 731 470 ostendam)
748 421 816 459 sed
831 422 904 459 ista
923 421 1030 466 fecit,
1047 427 1091 459 ut
1105 422 1338 472 turpissimis
1354 424 1617 475 voluptatibus

147 480 443 530 obsequeretur,
464 481 610 520 deliciis
630 482 815 528 ciborum,
841 488 880 520 et
898 482 1134 533 sumptuosis
1155 482 1293 528 coenis,
1313 490 1352 520 ct
1378 485 1558 531 tibicinis,
1578 492 1618 523 et

148 542 426 588 meretricibus,
446 549 486 580 et
501 542 669 587 tesseris,
690 542 907 593 ceterisque
927 544 1056 591 rebus,
1076 555 1240 594 quarum
1260 543 1368 581 nulla
1382 545 1480 582 vinci
1500 546 1617 584 debet

146 613 379 651 generosum
399 609 440 640 et
469 603 628 640 liberale
658 603 869 654 ingenium.
920 604 1059 655 Neque
1083 604 1275 642 nefarium
1304 604 1420 641 istum
1455 606 1491 642 in
1521 607 1615 646 flore

146 665 274 702 'aetatis
299 677 379 702 suae
394 663 547 715 puduit,
567 665 710 703 relictis
731 666 901 721 paternis
930 667 1080 705 aedibus
1102 665 1207 718 apud
1230 665 1443 716 Misgolam
1464 667 1614 706 vivere:

144 725 208 774 qui
225 732 350 775 neque
371 732 554 776 paternus
570 730 651 775 ejus
668 728 827 773 amicus,
849 741 976 778 neque
995 728 1170 778 aequalis,
1190 740 1319 778 neque
1337 734 1490 766 curator
1508 735 1611 766 erat:

144 787 214 824 sed
235 787 397 833 alienus,
415 793 454 825 et
472 788 557 840 ipso
576 795 669 826 natu
688 790 885 840 grandior,
901 796 940 828 et
959 791 997 827 in
1012 790 1204 841 ejusmodi
1218 791 1336 828 rebus
1352 789 1612 835 incontinens.

199 848 260 885 11.
292 847 524 887 Timarchus
555 850 673 901 igitur
693 864 782 889 cum
809 851 886 889 alia
907 852 1122 889 deridenda
1142 851 1234 889 fecit
1253 851 1327 889 illis
1356 851 1611 902 temporibus,

141 915 222 946 tum
235 922 355 947 unum
368 910 568 960 quiddam,
581 911 686 962 quod
702 911 809 950 vobis
825 914 1004 950 narrabo.
1036 912 1238 963 Agebatur
1252 913 1488 950 urbanorum
1510 912 1612 950 Bac-

141 970 364 1010 chanalium
403 973 623 1012 celebritas.
682 975 772 1013 Una
806 985 922 1026 porro
952 975 1092 1013 festum
1124 975 1374 1012 celebrabant
1405 973 1610 1024 Misgolas‚

140 1031 253 1071 istius
273 1032 432 1086 hospes,
452 1042 491 1073 et
510 1035 699 1075 Phaedrus
715 1037 851 1075 Calliae
874 1038 918 1075 F.
941 1037 1156 1088 Sphettius.
1189 1037 1288 1075 Cum
1310 1043 1440 1074 autem
1461 1037 1610 1074 Timar-

140 1093 241 1132 chus
260 1095 518 1146 promisisset,
542 1111 583 1135 se
603 1110 681 1136 una
701 1112 788 1137 cum
809 1099 854 1136 iis
878 1100 1020 1137 festum
1043 1104 1246 1136 acturum:
1277 1098 1331 1135 illi
1353 1098 1445 1135 dum
1472 1098 1610 1136 ceteris

135 1156 250 1193 rebus
266 1158 500 1207 apparandis
522 1167 778 1210 occupantur,
794 1161 866 1197 iste
885 1173 963 1197 non
984 1160 1199 1197 revertitur.
1230 1159 1357 1202 Quam
1381 1172 1459 1196 rem
1476 1159 1608 1209 iniquo

134 1215 415 1254 animoferens
436 1217 644 1268 Misgolas,
671 1232 748 1257 una
778 1232 868 1257 cum
898 1219 1066 1256 Phaedro
1096 1231 1185 1256 eum
1217 1220 1395 1270 inquirit:
1426 1221 1608 1270 factoque

134 1276 290 1324 indicio,
312 1277 613 1329 deprehendunt
633 1281 671 1317 in
691 1280 842 1318 aedibus
871 1293 961 1318 cum
984 1279 1204 1330 hospitibus
1227 1281 1461 1331 quibusdam
1488 1295 1606 1333 pran-

134 1338 304 1378 dentem.
353 1339 605 1378 Interminato
626 1348 756 1379 autem
777 1341 950 1393 Misgola
969 1350 1007 1379 et
1028 1341 1197 1379 Phaedro
1216 1341 1451 1393 hospitibUS‚
1476 1349 1514 1381 et
1540 1343 1606 1394 ju-

131 1398 264 1447 bente,
286 1401 415 1438 statim
436 1414 501 1440 eos
528 1402 727 1440 ambulare
755 1403 794 1440 in
824 1416 1038 1449 carcerum,
1059 1402 1163 1454 quod
1184 1403 1473 1441 adolescentem
1495 1404 1604 1455 inge-

130 1474 253 1500 nuum
274 1463 559 1513 corrupissent:
589 1464 763 1515 hospites
791 1465 996 1515 perterriti,
1022 1465 1157 1515 fugam
1179 1464 1438 1515 arripuerunt,
1458 1465 1602 1503 relictis

132 1522 271 1574 epulis.
320 1523 417 1561 Haec
435 1537 524 1562 vere
544 1537 567 1561 a
586 1537 648 1562 me
668 1525 759 1571 dici,
777 1532 925 1563 norunt
944 1538 1092 1570 omnes,
1114 1526 1180 1575 qui
1199 1525 1243 1563 iis
1263 1525 1502 1576 temporibus
1525 1526 1602 1563 Mi-

129 1585 282 1636 sgolam
303 1592 343 1623 et
362 1584 613 1624 Timarchum
635 1593 849 1624 noverunt:
880 1587 983 1625 unde
1004 1586 1157 1637 gaudeo
1181 1586 1272 1624 mihi
1292 1600 1373 1624 rem
1399 1600 1487 1625 esse
1510 1600 1600 1625 cum

129 1647 286 1685 homine
306 1647 412 1685 vobis
432 1661 510 1685 non
530 1648 679 1698 ignoto,
707 1661 832 1698 neque
853 1661 899 1685 ex
921 1648 996 1686 alia
1016 1661 1056 1686 re
1077 1648 1157 1685 ulla
1176 1654 1283 1694 noto,
1303 1648 1377 1686 nisi
1398 1661 1445 1686 ex
1465 1661 1511 1686 eo
1530 1649 1601 1687 fla-

128 1710 237 1760 gitio‚
248 1709 296 1747 de
305 1722 381 1760 quo
397 1709 688 1760 pronunciaturi
705 1710 812 1748 estis.
844 1709 945 1747 Nam
962 1709 1104 1760 ignotae
1117 1723 1177 1747 res
1193 1709 1410 1748 accusatori
1422 1710 1598 1748 fortassis

127 1764 330 1822 perspicue
359 1777 451 1808 sunt
479 1771 820 1808 demonstrandae:
849 1771 888 1808 in
921 1771 1112 1809 confessis
1147 1778 1276 1808 autem
1311 1771 1490 1821 equidem
1520 1785 1599 1809 non

128 1831 260 1882 magni
275 1832 401 1882 operis
420 1844 506 1869 esse
522 1839 616 1882 puto
634 1845 836 1870 accusare.
866 1832 969 1870 Nam
984 1832 1195 1870 excitanda
1211 1833 1401 1870 duntaxat
1416 1839 1475 1870 est
1489 1833 1598 1870 audi-

127 1901 253 1932 torum
273 1892 470 1930 memoria.
501 1892 580 1930 Sed
596 1899 725 1931 tamen
741 1906 830 1945 ego,
848 1906 937 1931 cum
958 1894 1005 1932 de
1027 1907 1066 1932 re
1083 1900 1250 1939 constat,
1269 1894 1425 1944 quando
1441 1895 1478 1931 in
1498 1907 1597 1945 prae-

127 1955 225 1994 torio
245 1966 393 2000 summ,
412 1954 675 1992 testimonium
698 1954 880 2006 ll‘lisgolae
901 1955 1045 2006 scripto
1066 1955 1323 1994 denunciavi:
1344 1967 1476 1993 verum
1498 1955 1596 1993 illud

125 2017 295 2069 quidem,
324 2029 403 2054 non
434 2022 564 2053 tamen
588 2016 754 2063 incivile,
783 2023 828 2055 ut
856 2017 946 2055 mihi
975 2018 1210 2069 persuadeo.
1256 2016 1357 2055 Nam
1382 2017 1507 2068 ipsius
1529 2017 1595 2063 rei,

124 2091 243 2131 quam
262 2091 351 2117 cum
366 2077 437 2116 isto
453 2078 632 2128 patravit,
647 2091 787 2117 nomen
803 2093 881 2117 non
895 2079 1075 2124 inscribo,
1092 2092 1219 2130 neque
1237 2079 1372 2129 scripsi
1384 2080 1595 2130 quicquam

125 2139 247 2187 aliud,
267 2141 316 2178 ob
335 2139 441 2191 quod
460 2152 576 2190 poena
589 2140 742 2190 legibus
759 2151 850 2179 vera
869 2153 946 2178 non
961 2140 1170 2178 testificato
1185 2140 1369 2191 infligitur
1385 2153 1393 2178 ε
1422 2141 1493 2178 sed
1506 2155 1594 2191 quae

124 2210 164 2241 et
183 2202 291 2241 vobis
313 2200 498 2239 audituris
517 2207 622 2249 nota,
643 2209 683 2240 et
701 2202 925 2241 testificanti
945 2208 1031 2240 tuta
1051 2209 1153 2248 sunt,
1175 2215 1220 2240 ea
1243 2203 1394 2253 scripsi.
1425 2203 1541 2245 Quod
1563 2204 1594 2241 si

122 2263 228 2303 volet
244 2263 438 2314 Misgolas
457 2263 536 2301 huc
550 2276 779 2314 progressus
797 2277 929 2302 verum
949 2264 1159 2307 testificari,
1178 2270 1281 2302 recte
1300 2263 1440 2302 faciet:
1472 2264 1529 2302 sin
1550 2278 1592 2302 se

121 2326 305 2365 citatione
326 2324 444 2375 adigi,
461 2334 576 2375 quam
596 2337 730 2363 verum
752 2325 920 2376 profiteri
938 2326 1129 2371 maluerit,
1147 2332 1230 2363 tota
1244 2339 1304 2363 res
1322 2325 1360 2362 in
1376 2333 1591 2377 conspectu

120 2389 229 2427 vobis
249 2388 334 2426 erit.
384 2387 486 2424 Nam
516 2387 548 2424 si
577 2386 608 2424 is
634 2387 700 2437 qui
728 2388 908 2438 patravit,
928 2388 1268 2433 verecundabitur,
1298 2393 1337 2425 et
1368 2387 1590 2438 reipublicae

120 2449 224 2487 mille
244 2443 449 2487 drachmas
470 2448 644 2499 pendere
664 2449 854 2494 maluerit,
877 2462 992 2500 quam
1019 2456 1147 2488 vestra
1166 2462 1234 2487 ora
1253 2449 1416 2486 intueri:
1447 2450 1478 2487 is
1498 2462 1589 2487 vero

119 2511 184 2561 qui
203 2522 340 2562 passus
361 2517 434 2556 est,
454 2509 770 2548 concionabitur:
802 2511 994 2561 sapienter
1013 2511 1108 2549 fecit
1125 2511 1336 2562 legislator,
1360 2511 1425 2560 qui
1446 2510 1543 2548 tales
1566 2524 1589 2548 a

120 2578 312 2623 suggestu
330 2571 525 2623 repulerit.
569 2571 638 2608 Sin
658 2584 744 2609 sese
764 2572 916 2618 stiterit,
936 2578 976 2610 et
993 2579 1130 2610 tamen.
1144 2572 1194 2609 ad
1213 2585 1294 2610 rem
1324 2571 1496 2609 omnium
1517 2572 1587 2609 im-

120 2632 439 2685 pudentissimam
471 2633 717 2677 converterit,
748 2633 796 2671 ad
817 2634 1045 2682 ejurandum
1070 2634 1284 2678 veritatem,
1306 2640 1348 2670 ut
1368 2633 1432 2683 qui
1455 2641 1494 2670 et
1521 2634 1588 2671 Ti-

120 2692 276 2733 marcho
297 2694 455 2745 gratiam
470 2694 624 2740 referat,
645 2701 685 2732 et
704 2695 809 2746 apud
830 2695 926 2733 alios
946 2701 1119 2733 ostentet
1137 2707 1251 2745 quam
1275 2695 1432 2732 solerter
1452 2695 1586 2746 hujus-

120 2756 225 2794 modi
249 2755 423 2794 facinora
441 2762 648 2808 contegere
668 2758 792 2808 possit
809 2770 819 2795 :
848 2758 1014 2808 primum
1033 2757 1200 2808 perjurio
1220 2769 1314 2808 erga
1334 2758 1585 2808 semetipsum

119 2817 333 2869 delinquet,
353 2818 493 2856 deinde
513 2818 606 2856 nihil
626 2832 671 2857 ea
686 2829 725 2857 ro,
746 2819 932 2870 proficiet.
976 2819 1077 2857 Nam
1098 2818 1203 2857 aliud
1223 2831 1297 2868 ego
1318 2818 1460 2856 dictavi
1478 2820 1586 2857 testi-

120 2879 304 2925 monium,
325 2878 370 2916 iis
395 2879 460 2930 qui
489 2880 616 2917 sciunt
644 2879 891 2917 Timarchum
921 2880 1063 2918 relictis
1092 2880 1263 2931 paternis
1299 2879 1448 2917 sedibus
1480 2882 1583 2932 apud

120 2934 331 2990 Misgolam
352 2940 563 2979 habitasse.
594 2941 657 2980 Ac
678 2941 789 2980 video
812 2941 1000 2992 profecto,
1030 2954 1145 2992 quarn
1165 2941 1323 2978 arduam
1345 2953 1423 2978 rem
1446 2955 1582 2993 aggre-
