1948 3306
362 204 438 239 626
745 201 1036 241 ADVERSUS
1070 200 1428 242 LEOCHAREM.

360 305 574 344 Archiades
599 305 1042 345 LeostratoEleusinio:
1072 311 1175 356 post,
1205 319 1226 345 e
1260 305 1338 344 fllia
1370 304 1471 343 ill-ius
1497 304 1657 344 elocatae
1685 306 1825 345 sororis

357 367 508 406 illorum
537 368 709 408 nascitur
737 369 942 408 Leocrates
972 374 1081 419 pater
1103 363 1316 407 'Leostrath
1373 367 1640 415 Considerate,
1660 374 1705 406 ut
1722 380 1824 406 unus

359 429 409 468 de
429 429 559 469 multis
585 431 623 469 in
655 431 860 470 Archiadae
880 430 1153 481 cognationem
1180 431 1252 469 iste
1280 430 1484 482 pertineat,
1504 430 1553 468 de
1583 443 1660 481 quo
1692 435 1827 469 conte-

360 496 486 531 status
506 499 582 531 est.
625 494 724 538 Quae
746 507 833 532 cum
852 493 905 530 ita
927 506 967 530 se
987 492 1186 539 haberent,
1206 493 1422 532 Archiades
1443 492 1728 531 matrimonium
1746 505 1827 531 non

359 555 567 602 contrahit,
588 556 800 606 Midylides
822 561 954 593 autem
980 554 1098 593 frater
1128 555 1224 606 ejus,
1247 569 1342 594 avus
1362 555 1488 600 istius,
1510 566 1671 593 uxorem
1690 554 1826 593 ducit:

359 621 398 654 et
427 616 518 667 quia
549 617 724 655 nondum
757 616 1030 668 patrimonium
1061 616 1189 666 partiti
1216 623 1337 662 erant,
1362 616 1433 654 sed
1463 622 1628 668 uterque
1658 616 1841 655 habebat.

358 685 545 728 quantum
567 678 660 716 satis
688 685 805 724 esset,
828 677 1039 730 Midylides
1061 678 1100 715 in
1126 678 1223 717 urbe
1242 685 1456 729 permanet,
1476 673 1691 717 Archiades
1716 677 1828 716 Sala·-

358 740 461 778 mine
481 740 643 778 habitat.
701 741 793 778 Non
824 740 948 778 multo
975 746 1104 778 autem
1122 746 1226 791 post,
1249 754 1338 779 cum
1359 739 1570 793 Midylides
1591 753 1687 778 avus
1706 740 1827 792 patris

359 801 433 839 mei
453 810 562 841 extra
581 802 750 841 Atticam
779 816 941 855 peregre
962 802 1060 840 forte
1089 803 1261 849 abiisset,
1281 803 1319 841 in
1339 804 1516 842 morbum
1537 802 1672 841 incidit
1691 802 1828 842 Archi-

359 864 453 902 ades
474 871 513 902 et
530 872 692 904 mortem
714 865 807 911 obit,
828 866 986 903 absente
1002 863 1207 917 Midylide,
1224 865 1341 903 homo
1357 865 1513 904 coelebs.
1544 864 1662 909 Quod
1676 864 1759 916 ejus
1774 863 1828 902 rei

359 925 514 976 signum
532 926 619 965 est?
656 926 758 966 Puer
788 926 943 965 situlam
962 927 1091 965 ferens
1112 933 1174 965 est
1191 926 1396 966 Archiadae
1415 926 1593 978 sepulcro
1609 926 1826 978 impositus.

360 986 421 1024 Eo
459 994 648 1039 tempore,
681 988 926 1040 cognationis
963 1001 987 1026 a
1010 987 1235 1026 mulieribus
1260 995 1355 1027 ortae
1385 995 1590 1040 praetextu,
1619 988 1828 1027 Leocrates

359 1049 555 1089 Leostrati
576 1057 686 1103 pater
704 1064 747 1090 se
767 1050 929 1102 adoptat
947 1050 1067 1088 filium
1089 1049 1311 1098 Archiadae,
1334 1057 1374 1090 et
1392 1050 1448 1090 sic
1475 1050 1514 1088 in
1540 1051 1645 1089 bona
1666 1049 1827 1098 invadit,

358 1117 547 1162 tanquam
578 1113 627 1151 ab
657 1125 703 1151 eo
732 1112 887 1151 vivente
913 1112 1043 1150 adhuc
1064 1111 1288 1163 adoptatus.
1338 1112 1534 1151 Reversus
1555 1111 1769 1164 Midylides
1790 1118 1830 1151 et

358 1173 400 1211 id
431 1174 580 1213 factum
609 1176 768 1227 indigne
797 1176 961 1222 ferebat,
996 1181 1036 1213 et
1058 1174 1209 1226 judicio
1242 1176 1468 1214 Leocratem
1495 1174 1829 1226 persequistatu-

359 1243 455 1274 erat.
514 1236 594 1275 Sed
625 1237 882 1276 suadentibus
911 1236 1090 1288 cognatis
1116 1243 1156 1274 et
1175 1237 1424 1288 precantibus
1446 1236 1549 1275 utin
1567 1235 1713 1275 familia
1731 1235 1829 1274 Leo-

336 1310 338 1313 *
357 1304 504 1336 cratem
530 1299 754 1351 adoptivum
776 1299 988 1338 Archiadae
1007 1298 1127 1336 filium
1148 1312 1232 1337 esse
1250 1304 1460 1350 pateretur,
1480 1297 1675 1337 concessit
1693 1296 1829 1350 Midy-

356 1358 472 1406 tides,
493 1373 572 1398 non
584 1360 735 1412 judicio
756 1360 897 1407 victus,
919 1360 990 1398 sed
1008 1361 1163 1399 omnino
1183 1361 1232 1399 ab
1251 1361 1336 1399 istis
1356 1360 1663 1405 circumventus;
1686 1359 1829 1399 deinde

357 1427 452 1460 sane
471 1422 587 1460 etiam
608 1422 829 1461 domesticis
857 1423 1083 1462 obsecutus.
1142 1423 1201 1461 Ac
1227 1422 1440 1475 Midylides
1459 1421 1518 1461 his
1537 1422 1634 1460 actis
1652 1427 1828 1460 mortem

355 1483 458 1522 obit:
491 1483 698 1523 Leocrates
717 1493 846 1523 autem
866 1483 1071 1522 Archiadae
1094 1485 1199 1523 bona
1222 1490 1344 1532 tenet,
1376 1490 1416 1523 et
1442 1483 1715 1524 haereditatem
1738 1496 1829 1536 per-

356 1543 450 1596 cipit
474 1545 616 1584 multos
636 1559 775 1593 annos,
793 1553 836 1584 ut
853 1546 933 1598 ejus
954 1545 1159 1597 adoptivus
1179 1547 1295 1585 filius.
1335 1547 1419 1586 Nos
1434 1542 1539 1594 vero,
1560 1547 1666 1599 quod
1684 1559 1731 1586 ea
1749 1546 1828 1585 Mi-

356 1605 511 1658 dylides
531 1615 791 1655 concesserat,
807 1607 1036 1659 quievimus.

410 1672 448 1707 8.
480 1669 570 1708 Non
590 1670 712 1708 multo
732 1678 862 1709 autem
882 1676 1116 1723 post—quae
1138 1671 1327 1722 deinceps
1348 1671 1523 1710 dicentur
1543 1670 1751 1723 diligenter
1768 1677 1827 1710 at-

353 1731 517 1778 tendite,
537 1732 561 1769 J
565 1731 969 1772 udices—Leocrates
995 1734 1204 1785 adoptatus
1224 1731 1447 1778 Archiadae‚
1468 1732 1604 1771 relicto
1635 1733 1675 1771 in
1704 1746 1750 1772 ea
1768 1733 1828 1772 fa-

354 1792 461 1831 milia
482 1793 685 1832 Leostrato
705 1794 783 1832 filio
804 1794 991 1844 legitimo,
1011 1796 1092 1847 ipse
1111 1794 1212 1833 redit
1228 1794 1267 1831 in
1283 1793 1522 1839 Eleusinios,
1539 1794 1642 1833 unde
1658 1801 1741 1833 erat
1755 1794 1828 1833 ori-

354 1854 507 1893 undus:
528 1866 574 1893 ac
592 1868 641 1893 ne
657 1861 740 1893 tum
759 1855 916 1906 quidem
938 1869 1009 1895 nos
1029 1856 1240 1908 quicquam
1263 1868 1395 1894 earum
1415 1868 1544 1894 rerum
1565 1869 1653 1907 quae
1674 1857 1725 1894 ad
1743 1857 1827 1895 hae-

352 1915 558 1955 reditatem
578 1916 744 1955 attinent
777 1917 983 1965 movimus,
1013 1918 1084 1957 sed
1116 1931 1205 1969 quae
1237 1924 1326 1956 acta
1355 1923 1467 1956 erant
1495 1924 1580 1956 rata
1604 1918 1826 1958 habuimus.

356 1976 507 2016 Rursus
526 1985 658 2017 autem
680 1979 902 2018 Leostratus
923 1979 1020 2032 ipse,
1040 1979 1106 2032 qui
1129 1978 1336 2031 adoptivus
1364 1985 1468 2018 esset
1487 1978 1589 2018 filius
1609 1985 1649 2018 et
1668 1980 1826 2020 relictus

352 2039 392 2076 in
420 2039 629 2080 Archiadae
656 2040 813 2088 familia,
832 2041 1036 2080 revertitur
1058 2042 1109 2081 ad
1130 2040 1367 2088 Eleusinios,
1387 2047 1432 2078 ut
1451 2047 1491 2080 et
1508 2047 1619 2093 pater
1637 2055 1747 2090 suus,
1766 2055 1827 2081 re-

353 2100 446 2139 licto
474 2100 513 2140 in
542 2115 590 2141 ea
615 2101 761 2140 familia
786 2115 973 2153 germano
1007 2103 1101 2150 filio,
1121 2116 1192 2155 per
1215 2109 1294 2141 tres
1312 2115 1500 2154 personas
1518 2097 1717 2154 primitiva
1731 2104 1827 2142 ado-

352 2163 486 2214 ptione
506 2170 642 2202 contra
660 2163 771 2215 leges
792 2164 1033 2203 confirmata.
1090 2165 1168 2210 Qui
1189 2164 1291 2203 enim
1311 2177 1401 2203 cum
1420 2164 1573 2216 legibus
1592 2166 1826 2215 consentiat,

353 2237 443 2263 cum
471 2225 556 2277 ipse
582 2226 682 2264 filius
714 2226 936 2277 adoptivus,
955 2226 1041 2266 filiis
1061 2227 1254 2279 adoptivis
1273 2227 1433 2276 relictis,
1453 2227 1492 2265 in
1511 2240 1623 2267 suam
1640 2228 1826 2269 familiam

351 2287 402 2325 sit
421 2286 621 2326 reversus?
650 2287 776 2338 quue
792 2287 843 2325 ad
862 2287 968 2326 hunc
991 2302 1120 2340 usque
1140 2289 1244 2328 diem
1263 2289 1391 2328 facere
1410 2302 1490 2328 non
1515 2289 1682 2335 destitit;
1700 2303 1826 2343 eoque

352 2354 470 2400 pacto
491 2361 532 2387 se
553 2361 625 2387 nos
649 2348 878 2387 haereditate
908 2349 1157 2388 fraudaturos
1188 2356 1339 2402 putant,
1364 2357 1556 2402 quaestum
1583 2351 1763 2391 faciendo
1786 2360 1827 2392 et

351 2411 562 2451 liberorum
591 2411 712 2449 instar
744 2411 891 2449 victum
921 2424 970 2449 ex
1003 2411 1208 2450 Archiadae
1237 2412 1352 2451 bonis
1382 2412 1566 2464 petendo,
1585 2420 1703 2466 atque
1733 2414 1826 2454 inde

353 2486 507 2525 semper
525 2473 564 2511 in
584 2480 785 2530 paternam
812 2473 1000 2512 familiam
1023 2473 1236 2522 redeundo,
1257 2487 1302 2513 ac
1321 2486 1406 2513 eam
1427 2473 1586 2527 quidem
1606 2482 1749 2517 sartam
1769 2484 1825 2516 te-

353 2542 458 2574 ctam
477 2534 759 2581 conservando,
778 2535 884 2574 illam
901 2542 1031 2574 autem
1050 2536 1328 2575 consumendo.

408 2601 448 2638 9.
481 2598 561 2636 Sed
581 2604 723 2645 tamen,
746 2597 924 2649 quamvis
944 2597 1018 2636 ista
1036 2598 1091 2637 ita
1103 2597 1254 2646 fierent,
1273 2611 1346 2637 nos
1362 2598 1467 2650 quod
1481 2598 1560 2637 dixi
1576 2599 1823 2641 toleravimus

354 2660 498 2707 omnia,
518 2674 597 2712 quo
621 2660 773 2711 usque?
805 2661 940 2699 Donec
968 2661 1175 2699 Leocrates
1198 2661 1237 2699 in
1264 2661 1472 2700 Archiadae
1495 2661 1640 2700 familia
1664 2662 1823 2703 relictus

353 2722 456 2760 filius
476 2723 592 2760 orbus
613 2720 794 2760 decessit.
853 2721 942 2765 Quo
964 2721 1046 2759 sine
1073 2722 1204 2760 liberis
1224 2722 1423 2770 defuncto,
1442 2723 1627 2774 pertimus
1647 2730 1692 2763 ut
1709 2726 1822 2764 nobis

354 2797 495 2834 genere
514 2783 697 2836 proximis
718 2783 924 2822 Archiadae
944 2783 1079 2822 relicta
1105 2784 1189 2835 ejus
1207 2785 1312 2823 bona
1326 2783 1563 2829 tribuantur;
1596 2791 1635 2824 et
1655 2800 1734 2826 non
1754 2787 1823 2828 de-

353 2844 503 2893 funeto,
523 2846 590 2898 qui
610 2846 693 2898 ipse
712 2846 784 2884 fuit
799 2846 1017 2898 adoptivus,
1036 2846 1137 2884 filius
1157 2847 1195 2885 in
1214 2847 1389 2885 fraudem
1408 2853 1579 2886 nostram
1600 2849 1822 2902 adoptetur.

355 2906 474 2950 Quod
494 2907 525 2946 si
545 2908 629 2960 ipse
647 2908 781 2947 vivens
799 2907 966 2955 fecisset,
983 2921 1206 2960 quanquam
1225 2908 1264 2947 id
1279 2909 1426 2948 sactum
1439 2915 1576 2949 contra
1588 2911 1695 2963 leges
1708 2920 1821 2961 esset,

352 2980 432 3007 non
453 2981 801 3021 repugnassemus:
831 2970 903 3009 sed
929 2970 1022 3022 quia
1041 2984 1163 3024 neque
1182 2978 1321 3010 natura
1339 2970 1414 3011 fuit
1434 2972 1469 3012 ei
1497 2971 1599 3013 filius
1618 2972 1737 3028 ullus,
1754 2988 1821 3015 ne-
