1948 3306
324 168 398 208 780
790 176 1017 218 CONTRA
1048 176 1309 218 NEAERAM.

320 271 429 310 nefas
455 281 527 322 est,
547 277 612 327 qui
639 278 735 318 citra
759 282 993 333 impietatem
1015 297 1037 322 a
1061 284 1232 334 qualibet
1256 283 1512 322 administrari
1531 292 1689 335 queant,
1709 281 1776 323 tali

321 334 482 375 muliere
500 341 725 390 praesertim,
746 345 965 396 talibusque
986 347 1100 385 rebus
1122 346 1268 398 gestis?

374 396 440 435 20.
471 397 572 439 Volo
591 412 721 441 autem
743 406 857 444 altius
879 420 1051 455 exorsus,
1071 409 1178 446 vobis
1205 408 1423 446 accuratius
1443 406 1585 446 referre
1611 406 1779 459 singula,

320 462 363 494 ut
382 459 490 498 vobis
521 462 617 502 ultio
649 467 780 515 majori
811 481 914 506 curae
945 469 1007 515 sit,
1027 477 1148 522 utque
1184 470 1331 516 sciatis,
1352 482 1421 508 vos
1451 482 1530 507 non
1562 469 1680 507 modo
1709 482 1780 521 pro

320 519 430 558 vobis
457 521 562 574 ipsis,
585 532 625 564 et
655 526 805 578 legibus
828 531 1056 569 sententiam
1088 532 1250 579 laturos,
1270 531 1341 570 sed
1372 537 1412 569 et
1441 530 1602 569 deorum
1624 530 1780 569 immor-

320 579 455 620 talium
489 586 711 638 religionem
742 591 925 631 violatam
954 584 1229 641 vindicaturos,
1248 601 1287 631 et
1316 606 1455 646 poenas
1483 599 1704 644 sumpturos
1729 592 1780 631 de

321 646 606 687 consceleratis.
678 651 781 690 Olim
814 653 1015 693 dominatu
1045 656 1263 707 respublica
1295 656 1514 708 regebatur,
1539 661 1579 693 et
1618 667 1780 706 regnum
1820 648 1825 658 ⁸

320 717 452 744 eorum
471 717 553 748 erat
582 712 798 765 quibusque
826 717 1077 768 temporibus,
1097 717 1162 769 qui
1180 731 1261 769 prae
1281 717 1418 757 ceteris
1444 717 1678 763 eminebant,
1697 729 1783 767 pro-

318 774 454 817 pterea
473 773 577 822 quod
599 773 791 826 indigenae
821 785 976 823 essent3
1009 792 1121 818 sacra
1146 786 1273 818 autem
1304 792 1371 818 rex
1390 779 1524 818 obibat
1549 779 1691 824 omnia,
1716 791 1784 817 eo-

320 842 482 881 rumque
501 835 803 887 religiosissima,
819 847 858 879 et
874 854 1029 889 arcana,
1049 855 1145 880 uxor
1163 842 1245 893 ejus
1263 842 1439 880 curabat.
1495 841 1617 893 quue
1631 840 1784 886 merito,

322 903 413 930 cum
432 896 566 947 regina
584 907 699 938 esset.
757 902 973 955 Postquam
999 911 1127 942 autem
1152 904 1328 942 Theseus
1356 903 1462 943 cives
1481 903 1518 941 in
1537 916 1658 941 unum
1691 915 1784 941 con-

322 958 511 1006 gregavit,
526 959 765 1015 liberamque
790 966 1070 1016 rempublicam
1090 966 1270 1012 instituit,
1289 973 1329 1005 et
1346 967 1439 1004 urbs
1458 963 1702 1004 multitudine
1727 964 1786 1002 in-

320 1017 492 1068 colarum
523 1022 761 1076 frequentari
803 1028 934 1080 coepit,
969 1029 1137 1080 populus
1173 1028 1418 1067 nihilominus
1452 1040 1582 1079 regem
1615 1026 1786 1073 creabat,

320 1077 477 1119 delectu
508 1097 528 1122 e
561 1085 650 1124 viris
680 1090 1012 1139 praestantissimis
1048 1090 1193 1136 habim,
1223 1103 1384 1129 uxorem
1415 1099 1544 1129 autem
1576 1088 1674 1140 ejus,
1699 1087 1788 1140 lege

320 1143 453 1181 sanxit
469 1158 555 1185 esse
575 1148 712 1196 civem,
734 1157 773 1189 et
798 1164 877 1189 non
896 1151 1004 1190 alteri
1031 1152 1276 1191 commistam
1295 1152 1389 1200 vim,
1410 1151 1480 1190 sed
1499 1150 1688 1202 virginem
1714 1150 1788 1189 du-

321 1204 502 1255 cendam,
523 1217 566 1247 ut
597 1213 721 1261 patrio
751 1213 826 1251 ritu
857 1227 999 1252 arcana
1025 1227 1136 1254 sacra
1161 1227 1228 1266 pro
1254 1215 1454 1266 republica
1483 1212 1788 1260 immolarentur,

321 1271 360 1301 et
372 1265 482 1315 justa
502 1270 573 1309 diis
593 1272 653 1323 pie
672 1274 925 1320 solverentur,
948 1282 1067 1326 utque
1086 1288 1159 1314 nec
1176 1276 1429 1321 desereretur,
1450 1287 1521 1313 nec
1540 1274 1788 1312 innovaretur

322 1326 542 1379 quicquam.
617 1334 731 1374 Hanc
762 1336 888 1387 legem
921 1337 1009 1389 pilae
1046 1337 1212 1389 lapideae
1252 1337 1481 1389 inscriptam
1511 1341 1718 1374 erexerunt
1747 1335 1788 1374 in

325 1387 472 1446 Bacchi
506 1396 668 1447 templo,
689 1401 803 1446 juxta
823 1412 928 1437 aram
957 1399 994 1436 in
1021 1399 1255 1450 paludibus:
1285 1412 1409 1450 eaque
1438 1398 1517 1450 pila
1546 1398 1665 1439 etiam
1684 1411 1790 1436 nunc

326 1460 459 1492 exstat
476 1457 648 1496 obscuris
668 1459 787 1499 literis
809 1461 947 1500 Atticis
966 1462 1168 1513 inscripta.
1206 1461 1323 1505 Quod
1339 1461 1506 1512 populus
1525 1459 1788 1499 testimonium

325 1525 412 1552 esse
432 1517 552 1556 voluit
571 1533 652 1558 suae
672 1535 765 1573 erga
789 1523 908 1563 deum
937 1523 1048 1562 illum
1075 1521 1286 1575 religionis,
1306 1530 1346 1561 et
1364 1529 1549 1574 tanquam
1569 1522 1789 1574 depositum

323 1574 537 1628 relinquere
554 1583 783 1634 posteritati,
799 1598 960 1624 uxorem
982 1585 1050 1624 tibi
1070 1580 1255 1634 dandam,
1271 1592 1310 1624 et
1328 1598 1439 1623 sacra
1452 1585 1658 1630 obituram,
1672 1583 1791 1622 talem

323 1648 410 1676 esse
429 1640 622 1691 volumus,
635 1652 837 1697 propterea
857 1648 894 1685 in
915 1648 1179 1699 antiquissimo
1193 1647 1338 1699 templo
1357 1646 1503 1685 Bacchi
1522 1647 1561 1684 in
1579 1645 1790 1698 paludibus

324 1699 578 1752 collocarunt,
599 1713 642 1743 ut
660 1720 707 1745 ne
737 1708 860 1754 multi,
881 1723 968 1760 quae
999 1709 1186 1762 inscripta
1216 1715 1323 1755 sunt,
1351 1714 1657 1761 cognoscerent3
1676 1715 1791 1759 quot-

323 1762 434 1801 annis
454 1765 554 1803 enim
574 1770 692 1806 semel
709 1771 890 1821 aperitur,
909 1771 1034 1824 pridie
1063 1772 1151 1811 idus
1167 1771 1415 1811 Novembris.
1468 1771 1529 1809 De
1547 1777 1627 1809 tam
1646 1770 1791 1809 sanctis

322 1822 441 1874 igitur
459 1834 497 1864 et
514 1831 745 1870 venerandis
767 1833 897 1878 sacris,
919 1847 1007 1884 quae
1028 1834 1190 1885 majores
1210 1833 1326 1871 vestri
1353 1840 1433 1871 tam
1453 1831 1637 1884 praeclare
1658 1831 1789 1883 splen-

323 1884 493 1938 dideque
513 1901 705 1940 curarunt,
722 1907 850 1944 operae
870 1895 1036 1945 pretium
1057 1903 1117 1934 est
1136 1902 1176 1933 et
1194 1908 1263 1933 vos
1284 1894 1480 1946 suscipere
1505 1906 1649 1940 curam,
1669 1892 1790 1931 Athe-

324 1947 493 1998 nienses,
509 1960 545 1990 et
563 1954 588 1992 ii
608 1955 673 2005 qui
692 1956 912 2007 petulanter
932 1970 1043 1996 sacra
1054 1965 1182 1996 vestra
1201 1963 1528 2009 contempserunt,
1542 1955 1608 2008 qui
1629 1955 1791 1994 deorum

324 2009 599 2053 immortalium
625 2017 851 2068 religionem
872 2019 1015 2057 nefarie
1037 2019 1243 2066 violarunt,
1265 2019 1417 2057 duabus
1444 2017 1491 2057 de
1520 2018 1649 2056 causis
1675 2016 1790 2069 puni-

325 2074 416 2112 endi
434 2084 524 2115 sunt
542 2091 550 2115 :
580 2086 624 2116 ut
643 2086 680 2117 et
700 2080 739 2118 hi
759 2094 892 2132 poenas
913 2081 1007 2120 dent
1025 2083 1230 2129 scelerum,
1250 2089 1288 2120 et
1310 2083 1428 2121 ceteri
1453 2088 1618 2120 caveant
1649 2088 1688 2119 et
1712 2081 1791 2119 for-

325 2136 486 2185 mident,
504 2153 552 2177 ne
565 2141 658 2191 quid
677 2141 715 2179 in
736 2142 832 2181 deos
852 2150 891 2181 et
911 2144 1190 2195 rempublicam
1213 2144 1454 2195 delinquant.
1488 2143 1647 2182 Vocabo
1661 2149 1791 2181 autem

324 2198 432 2237 vobis
453 2207 491 2239 et
510 2215 664 2241 sacrum
695 2217 929 2255 praeconem,
950 2206 1016 2257 qui
1045 2207 1146 2257 regis
1170 2206 1281 2245 uxori
1313 2206 1517 2252 ministrat,
1538 2218 1627 2244 cum
1653 2205 1793 2243 lustrat

325 2260 516 2300 ministras
539 2264 588 2302 ad
608 2265 779 2304 canistra
799 2273 839 2305 et
857 2267 907 2305 ad
929 2281 1046 2314 aram,
1067 2269 1292 2320 priusquam
1313 2280 1426 2306 sacra
1452 2267 1659 2318 attingant,
1691 2273 1735 2305 ut
1754 2274 1794 2306 et

320 2320 617 2372 jusjurandum3
648 2333 687 2364 et
705 2340 751 2364 ea
770 2341 858 2378 quae
885 2328 934 2366 de
963 2341 1069 2368 more
1090 2329 1286 2376 ditzuntur,
1306 2328 1485 2376 audiatis,
1504 2334 1695 2380 quatenus
1722 2342 1790 2367 au·

325 2381 397 2420 diri
429 2384 484 2423 fas
514 2392 588 2433 est,
607 2394 645 2425 et
676 2389 939 2439 cognoscatis,
959 2404 1073 2441 quam
1095 2398 1262 2442 augusta
1281 2399 1320 2430 et
1336 2404 1448 2430 sacra
1474 2397 1514 2430 et
1538 2397 1694 2431 vetusta
1714 2391 1793 2430 sint
1826 2439 1829 2442 y

324 2444 391 2484 illa
409 2446 598 2487 instituta.

624 2552 1035 2593 JUSJURANDUM
1067 2539 1485 2595 M1NISTRARuM.

370 2637 428 2668 Pia
444 2644 473 2669 et
489 2648 567 2679 pura
593 2645 624 2671 et
641 2642 752 2672 munda
779 2653 844 2672 sum
862 2653 878 2672 e
895 2643 1006 2673 ceteris
1031 2642 1196 2673 immundis
1218 2646 1249 2672 et
1272 2653 1290 2672 a
1315 2642 1373 2673 viri
1397 2651 1578 2682 congressu,
1594 2646 1625 2672 et
1640 2642 1790 2673 Divinum

326 2689 466 2721 Natalem
483 2697 514 2721 et
530 2692 702 2723 Iobacchea
718 2693 841 2724 celebro
858 2694 981 2724 Baccho
997 2694 1096 2734 patrio
1114 2694 1177 2724 ritu
1194 2699 1226 2724 et
1245 2693 1394 2734 legitimis
1410 2693 1614 2733 temporibus.

380 2770 445 2807 21.
475 2771 756 2823 Jusjurandum
785 2772 914 2824 igitur,
935 2779 973 2811 et
1005 2771 1183 2810 instituta
1209 2770 1346 2822 patria,
1381 2775 1572 2821 quantum
1597 2768 1793 2808 enunciari

325 2829 384 2868 fas
404 2838 478 2878 est,
501 2833 714 2881 audivistis,
732 2847 817 2873 eam
837 2833 943 2882 item,
965 2847 1082 2886 quam
1097 2832 1319 2884 Stephanus
1335 2831 1551 2883 Theogeni‚
1570 2829 1654 2882 regi
1672 2829 1791 2870 sacri—

323 2892 452 2939 ficulo,
472 2894 683 2946 despondit
701 2909 858 2934 uxorem
877 2910 947 2948 pro
967 2910 1036 2935 sua
1055 2896 1148 2942 filia,
1162 2906 1274 2933 sacra
1290 2893 1449 2941 fecisse,
1464 2898 1504 2932 et
1515 2891 1792 2946 jusjurandum

324 2953 511 2995 detulisse
527 2956 708 3006 Geraeris,
726 2958 975 3009 cognovistis,
1033 2957 1123 2996 Jam
1144 2955 1200 2994 uti
1232 2962 1400 3004 constet,
1427 2967 1503 2995 nec
1524 2955 1570 2995 iis
1589 2952 1684 3007 ipsis
1712 2965 1794 2992 mu·-
