1948 3306
330 161 404 196 802
788 157 992 196 ORATIO
1026 157 1327 195 AMATORIA.

328 262 544 300 accuratius
573 259 648 298 alio
680 266 853 311 tempore
885 260 996 300 nobis
1020 262 1248 300 occasiones
1268 260 1561 312 opportuniores
1593 262 1787 302 dabuntur

331 324 492 375 opinor:
524 322 591 360 sed
613 322 778 361 breviter
797 336 882 362 eam
903 323 1107 374 attingere,
1124 336 1227 362 nunc
1246 322 1363 362 etiam
1383 322 1478 361 hihil
1495 323 1724 376 prohibebit.

389 386 448 423 ll.
480 385 584 423 Illud
607 392 736 426 autem
757 385 794 423 in
815 384 946 437 primis
967 391 1027 424 est
1053 386 1255 438 diligenter
1275 385 1672 434 animadvertendum,
1698 400 1788 426 cum

329 460 482 485 omnem
504 447 744 500 disciplinam
766 447 928 486 scientia
947 454 986 486 et
1011 449 1284 487 exercitatione
1303 448 1472 499 quadam
1487 448 1690 494 contineri,
1706 455 1790 487 tum

327 509 609 562 philosophiam
639 510 763 561 magis
795 509 909 548 etiam
938 510 1103 549 caeteris.
1160 510 1264 550 Nam
1291 517 1438 562 quanto
1461 509 1726 562 diligentiores
1744 523 1792 550 ea

329 572 678 623 prudentioresque
711 572 918 623 magistros
944 572 1076 619 habet,
1104 579 1214 612 tanto
1233 573 1404 626 pulcrius
1425 585 1511 612 esse
1539 571 1792 611 constitutam

326 646 397 684 par
415 641 488 673 est.
523 635 656 684 Atqui,
671 647 761 673 cum
782 640 820 672 et
837 634 877 671 in
897 633 1064 672 dicendo
1084 641 1123 673 et
1143 635 1181 673 in
1196 635 1448 674 deliberando
1465 634 1604 674 mentis
1621 640 1794 673 versetur
1831 653 1837 663 =

328 695 512 743 officium,
532 695 779 748 philosophia
809 702 937 734 autem
970 695 1087 747 hujus
1120 697 1323 748 utriusque
1356 698 1411 736 rei
1439 696 1617 749 peritiam
1649 695 1792 743 tradat,

326 770 394 795 cur
412 771 498 795 eam
519 757 776 809 disciplinam,
793 770 882 808 quae
899 770 970 795 nos
987 757 1124 796 horum
1147 758 1347 809 utriusque
1368 765 1567 810 compotes
1581 756 1687 804 facit,
1704 770 1794 809 per-

326 819 439 870 sequi
459 819 658 858 nolimus?
697 819 800 857 Tum
829 819 932 857 enim
962 827 1269 858 consentaneum
1295 826 1356 859 est
1379 820 1433 859 rei
1457 827 1600 859 nostrae
1618 819 1794 859 familiari

326 893 531 920 accessura
551 894 638 919 esse
655 881 826 919 maxima
844 881 1083 920 incrementa
1102 881 1277 933 adeoque
1297 888 1417 921 totam
1448 883 1563 921 vitam
1579 882 1663 921 fore
1681 882 1796 921 culti-

325 956 444 989 orem,
464 956 550 981 cum
582 950 622 981 et
642 956 729 994 quae
749 943 880 982 doceri
900 949 1048 994 queunt
1067 944 1160 982 artis
1181 943 1429 991 adminiculo,
1448 950 1489 983 et
1511 950 1653 983 caetera
1684 956 1794 982 exer-

324 1005 508 1044 citatione
529 1005 698 1056 quadam
718 1012 758 1043 et
783 1006 1072 1045 assuefactione
1092 1007 1383 1045 obtinuerimus.
1439 1006 1578 1059 Neque
1598 1007 1699 1045 enim
1718 1006 1794 1045 hoc

325 1067 400 1106 dici
420 1060 596 1119 profecto
617 1074 761 1119 potest,
792 1068 886 1106 nihil
906 1081 991 1108 esse
1014 1068 1055 1106 in
1075 1069 1235 1107 scientia
1254 1070 1440 1108 momenti
1469 1069 1519 1108 ad
1538 1069 1628 1117 hoc,
1648 1075 1693 1107 ut
1709 1068 1794 1107 aliis

324 1137 554 1181 praestemus
581 1131 645 1168 alii
672 1130 876 1182 sapientia.
934 1131 1038 1169 Nam
1070 1144 1157 1169 cum
1187 1144 1300 1170 omne
1329 1131 1543 1183 ingenium,
1562 1131 1594 1170 si
1623 1137 1714 1183 apta
1734 1130 1793 1169 in-

323 1192 471 1231 stitutio
491 1193 666 1239 accedat,
686 1192 730 1230 fit
744 1192 880 1231 melius
898 1206 907 1231 :
938 1199 1019 1231 tum
1038 1207 1130 1232 vero
1147 1207 1193 1232 ea
1211 1193 1335 1232 multo
1350 1193 1515 1232 maxime
1534 1206 1622 1245 quae
1634 1206 1657 1231 a
1670 1193 1794 1245 primo

323 1255 454 1292 statim
484 1261 570 1293 ortu
597 1254 816 1293 dexteriora
850 1255 1003 1294 caeteris
1046 1253 1306 1294 exstiterunt.'
1349 1255 1423 1294 Illa
1452 1254 1554 1294 enim
1585 1267 1671 1294 sese
1693 1254 1794 1293 dun·
1843 1291 1848 1300 ,

324 1323 432 1354 taxat
452 1316 625 1363 vincunt,
645 1317 732 1361 haec
765 1317 880 1355 etiam
916 1317 1000 1356 aliis
1032 1317 1283 1356 antecellunt.
1341 1317 1403 1355 Ne
1421 1330 1513 1356 vero
1543 1317 1680 1355 dubita
1699 1316 1792 1368 quin

324 1379 477 1429 agendo
513 1385 625 1430 parta
657 1379 805 1430 peritia,
827 1392 898 1417 nec
933 1380 1015 1418 sine
1044 1380 1214 1432 periculo
1244 1379 1448 1430 contingat
1472 1387 1511 1417 et
1537 1378 1587 1416 ad
1606 1378 1792 1429 reliquam

322 1439 441 1479 vitam
462 1441 512 1479 sit
529 1441 672 1479 inutilis
692 1455 701 1478 ε
732 1441 998 1492 philosophica
1025 1449 1152 1480 autem
1183 1441 1374 1480 institutio
1395 1441 1447 1480 ad
1464 1431 1550 1480 haec
1577 1437 1707 1480 omnia
1725 1454 1793 1494 op-

323 1509 488 1554 portune
509 1509 814 1554 contemperata.
874 1504 957 1542 Etsi
987 1511 1115 1542 autem
1147 1503 1305 1555 quidam
1332 1509 1490 1555 propter
1515 1503 1647 1542 felices
1667 1516 1794 1542 rerum

324 1577 531 1604 successus
552 1565 795 1616 fortunaeque
817 1566 987 1604 favorem
1008 1566 1046 1603 in
1065 1565 1319 1604 admiratione
1339 1566 1509 1613 fuerunt,
1525 1578 1592 1604 eos
1611 1571 1741 1609 tamen
1755 1571 1793 1603 te

323 1634 568 1666 contemnere
601 1634 641 1666 et
673 1627 850 1679 tuiipsius
877 1642 1008 1667 curam
1036 1642 1177 1680 genere
1205 1629 1332 1668 decet.
1389 1628 1476 1668 Nec
1496 1628 1598 1667 enirn
1616 1629 1793 1667 maximae

322 1702 384 1727 res
402 1695 548 1728 temere
578 1690 825 1737 invadendae,
854 1691 923 1729 sed
953 1698 1058 1729 certa
1082 1691 1228 1729 ratione
1255 1690 1497 1742 scienterque
1533 1690 1795 1742 suscipiendae

324 1758 439 1797 sunt3
468 1764 542 1790 nec
563 1752 602 1790 in
622 1752 708 1804 ipso
728 1753 884 1791 demum
906 1753 1164 1804 gerendarum
1184 1767 1308 1792 rerum
1330 1753 1492 1792 articulo
1506 1753 1695 1800 meditari,
1723 1753 1794 1791 sed

323 1826 371 1851 ea
389 1813 552 1852 scientia
581 1820 619 1852 te
651 1813 870 1852 institutum
897 1828 984 1853 esse
1006 1816 1122 1854 decet
1152 1822 1196 1854 ut
1214 1815 1398 1867 quicquid
1424 1828 1522 1866 opus
1552 1815 1669 1853 fuerit
1695 1816 1793 1854 bene

323 1876 585 1913 administres.
644 1875 894 1914 Existimabis
925 1884 1054 1915 autem
1080 1891 1169 1916 cum
1198 1890 1354 1916 omnem
1373 1877 1627 1916 eruditionem
1655 1877 1688 1915 si
1707 1877 1794 1929 quis

322 1944 455 1976 utatur
474 1938 658 1989 prodesse
680 1939 859 1985 multum,
879 1946 961 1977 turn
980 1953 1070 1978 vero
1099 1953 1182 1978 eam
1204 1939 1435 1986 doctrinam,
1454 1952 1542 1991 quae
1560 1939 1680 1978 tradit
1698 1939 1792 1990 quid

322 2000 360 2038 in
391 2000 609 2052 Republica
638 2007 678 2039 et
707 2001 904 2053 agendum
929 2008 968 2039 et
996 2001 1202 2045 dicendum
1223 2002 1286 2048 sit,
1308 2002 1347 2039 in
1372 2001 1518 2053 primis.
1575 2001 1679 2040 Nam
1698 2014 1791 2053 geo-

322 2062 470 2100 metriae
491 2076 536 2100 ac
556 2063 738 2101 similium
769 2064 909 2102 artium
941 2076 1028 2101 esse
1060 2064 1194 2102 rudem
1224 2071 1334 2115 turpe
1355 2063 1395 2102 id
1425 2063 1582 2116 quidem
1613 2069 1687 2112 est,
1721 2063 1792 2102 sed
1835 2108 1838 2111 ,

266 2130 268 2133 ’
322 2137 454 2162 earum
486 2137 676 2164 summum
705 2125 786 2164 fieri
819 2125 1005 2164 artificem
1035 2125 1135 2164 infra
1162 2126 1403 2164 excellentiae
1435 2131 1512 2164 tuae
1535 2125 1790 2176 dignitatem:

322 2193 363 2224 at
376 2186 415 2224 in
435 2186 503 2225 illa
522 2188 711 2226 excellere
727 2188 913 2227 facultate
934 2188 1178 2240 praeclarum,
1195 2202 1273 2226 non
1289 2201 1375 2227 esse
1395 2187 1616 2227 institutum
1634 2200 1791 2240 prorsus

323 2255 384 2287 est
405 2249 676 2289 deridendum.

377 2312 439 2349 12.
468 2311 585 2356 Quod
619 2326 668 2351 ex
700 2313 831 2351 multis
864 2313 947 2351 aliis
977 2314 1090 2351 rebus
1116 2313 1355 2364 intelligitur,
1385 2319 1425 2351 et
1452 2325 1502 2351 ex
1533 2325 1594 2359 eo,
1626 2311 1659 2350 si
1685 2311 1787 2351 viros

320 2374 489 2413 illustres
510 2375 577 2427 qui
600 2382 704 2414 tuam
720 2382 875 2414 aetatem
896 2381 1180 2427 praecesserunt
1195 2381 1361 2426 spectes·
1418 2374 1522 2412 Nam
1534 2380 1574 2412 et
1586 2372 1789 2420 Periclem,

321 2437 432 2489 cujus
453 2438 648 2488 sapientia
668 2438 905 2488 temporibus
937 2437 1012 2476 illis
1040 2451 1120 2489 prae
1146 2437 1326 2475 omnibus
1357 2435 1553 2475 celebrata
1579 2442 1652 2482 est,
1678 2435 1791 2474 fami-

319 2499 454 2538 liarem
474 2499 592 2538 fuisse
612 2500 858 2551 Anaxagorae
887 2498 1157 2543 Clazomenio,
1176 2506 1294 2550 atque
1324 2497 1391 2536 illo
1418 2497 1578 2536 doctore
1605 2497 1680 2536 vim
1703 2509 1790 2535 eam
1848 2552 1850 2554 Ι

319 2559 572 2601 consecutum
595 2575 682 2600 esse
705 2562 862 2601 audies.
921 2562 970 2600 Et
995 2560 1238 2600 Alcibiadem
1270 2560 1428 2612 ingenio
1453 2560 1610 2611 quidem
1635 2559 1686 2597 ad
1714 2559 1790 2597 vir-

319 2631 444 2663 tutem
482 2624 605 2663 multo
639 2624 827 2662 deteriore
856 2626 919 2672 (ut
950 2622 1017 2675 qui
1052 2624 1192 2675 partim
1232 2623 1410 2674 superbe,
1446 2621 1585 2674 partim
1622 2621 1788 2673 abjecte,

319 2687 458 2739 partim
488 2687 803 2725 libidinosissime
822 2687 939 2725 vitam
970 2685 1198 2734 instituerit)
1227 2684 1395 2736 reperies
1431 2683 1601 2722 Socratis
1633 2683 1787 2722 institu-

317 2749 425 2789 tione
445 2749 569 2788 multa
586 2748 625 2786 in
655 2762 726 2788 sua
744 2748 822 2787 vita
849 2748 1074 2795 correxisse,
1103 2754 1246 2786 eaetera
1268 2745 1538 2798 magnitudine
1568 2759 1694 2785 rerum
1720 2759 1788 2798 ge-

317 2818 464 2850 starum
497 2812 730 2851 occultasse.
787 2810 903 2854 Quod
930 2811 961 2849 si
982 2810 1176 2850 veteribus
1201 2808 1552 2849 commemorandis
1579 2809 1786 2849 immoran-

318 2875 410 2913 dum
430 2887 509 2914 non
528 2880 601 2923 est,
622 2888 711 2914 cum
739 2874 953 2913 recentiora
971 2873 1152 2926 exempla
1171 2873 1211 2912 in
1231 2879 1413 2924 promptu
1434 2871 1525 2920 sint,
1550 2877 1634 2911 tum
1653 2871 1784 2910 Timo-
