1948 3306
320 157 398 194 812
725 157 984 198 EXORDIA
1015 160 1378 201 CONCIONUM.

319 273 446 312 neque
466 275 599 302 omnes
620 263 733 302 simul
754 264 1018 316 magistratuS,
1040 264 1280 302 sublatarum
1308 264 1453 316 legum,
1479 277 1639 315 quarum
1670 263 1779 302 vobis

317 335 410 362 cura
428 325 635 364 commissa
652 333 725 374 est,
746 327 839 366 satis
860 340 998 378 graves
1018 339 1157 378 poenas
1177 326 1272 366 dare
1290 339 1419 378 posse.

1000 430 1095 468 XII.

370 504 566 546 Fortassis
586 508 828 556 invidiosum,
847 509 1123 555 Athenienses,
1143 507 1378 560 quibusdam
1399 520 1484 546 esse
1504 507 1692 546 videatur.
1741 507 1782 546 Si

317 567 402 619 quis
422 568 538 608 homo
558 570 663 609 rudis
684 577 724 609 et
742 584 845 609 unus
867 584 889 610 e
907 578 1036 610 vestro
1056 584 1233 618 numero,
1255 577 1347 622 post
1376 568 1472 608 alios
1501 581 1695 616 suasoreS,
1714 569 1783 620 qui

316 637 356 668 et
371 630 622 671 diuturnitate
635 641 758 685 gestae
774 633 866 672 olim
884 632 1123 686 Reipublicae
1137 640 1177 672 et
1190 633 1424 672 auctoritate
1440 645 1518 685 qua
1531 631 1661 670 valent
1676 632 1783 684 apud
1834 655 1838 665 ι

314 705 385 730 vos
406 694 618 741 excellunt,
639 709 867 747 progressus
887 695 1004 743 dicat,
1025 695 1146 735 videri
1166 695 1237 734 sibi
1258 708 1325 734 eos
1352 708 1429 732 non
1449 695 1564 733 modo
1581 707 1660 733 non
1679 701 1784 733 recte

316 755 456 803 dicere,
478 757 547 795 sed
567 771 639 796 nec
657 771 778 811 prope
798 761 937 798 abesse
958 772 982 797 a
999 765 1105 798 recte
1125 757 1342 797 sentiendo.
1397 758 1543 796 Verum
1568 770 1643 808 ego
1662 770 1783 809 usque

315 816 414 856 adeo
434 831 494 857 me
511 820 620 858 vobis
642 820 796 859 utiliora
813 835 930 873 quam
948 822 1044 860 istos
1065 821 1258 859 dicturum
1273 819 1420 871 opinor,
1434 826 1479 857 ut
1496 832 1574 857 non
1594 819 1784 866 dubitem,

316 892 363 917 ea
383 893 471 931 quae
490 880 675 921 dixerunt
689 884 820 922 omnia
839 884 983 922 nullius
1002 896 1088 922 esse
1109 882 1221 935 pretii
1241 894 1435 920 asserere:
1457 880 1633 919 existimo
1653 887 1784 919 autem

314 953 385 979 vos
405 942 522 981 etiam
549 950 656 983 recte
684 945 869 993 facturos,
890 946 923 984 si
950 958 1027 983 non
1061 945 1271 992 dicentem,
1290 943 1360 982 sed
1386 943 1471 995 ipsa
1501 942 1676 990 consilia,
1697 956 1784 995 spe-

314 1003 445 1042 ctetis.
500 1005 628 1045 Decet
646 1008 762 1056 enim,
788 1009 1062 1056 Athenienses,
1080 1013 1250 1046 vestram
1268 1005 1581 1045 benevolentiam
1601 1018 1681 1044 non
1700 1005 1785 1056 qui-

312 1063 496 1116 busdam,
514 1069 623 1108 velut
652 1070 953 1119 haereditariam,
973 1070 1043 1110 sed
1075 1071 1121 1110 iis
1151 1070 1218 1122 qui
1249 1070 1396 1122 optima
1426 1082 1582 1121 quoque
1609 1075 1784 1121 tempore

315 1127 464 1179 dicunt,
483 1138 662 1183 paratam
682 1146 782 1172 esse.

994 1236 1110 1275 XIII.

369 1310 523 1351 Vellem
537 1326 621 1360 vos,
640 1314 911 1364 Athenienses,
924 1321 1073 1354 attente
1092 1314 1226 1354 audire
1244 1327 1292 1353 ea
1309 1328 1396 1366 quae
1415 1314 1563 1353 dicam:
1593 1327 1667 1352 nec
1682 1314 1785 1352 enim

316 1383 436 1422 parva
449 1387 511 1412 res
533 1376 673 1426 agitur.
714 1377 800 1428 Ego
820 1377 951 1424 miror,
972 1378 1039 1429 qui
1057 1378 1216 1416 tandem
1235 1378 1316 1424 fiat,
1330 1384 1373 1415 ut
1392 1376 1620 1428 priusquam
1633 1376 1673 1414 in
1692 1390 1786 1415 con-

316 1434 469 1474 cionem
490 1437 766 1485 adscendatur,
796 1439 1017 1491 cuicunque
1044 1447 1216 1479 vestrum
1242 1439 1381 1491 aliquis
1409 1439 1544 1477 obvius
1569 1439 1701 1486 fiat,'is
1732 1439 1788 1478 ita

316 1507 496 1549 prompte
515 1501 641 1551 possit
668 1501 811 1549 dicere,
838 1515 917 1552 quo
946 1508 1064 1554 pacto
1089 1515 1151 1541 res
1169 1502 1250 1540 fieri
1268 1501 1422 1554 possint
1450 1501 1642 1557 meliores,
1669 1509 1787 1554 atque

317 1560 456 1598 iterum
477 1563 621 1607 statim,
644 1563 710 1601 ubi
730 1563 979 1613 discessistis,
994 1565 1161 1617 quisque
1181 1564 1350 1603 disserat
1366 1563 1461 1616 quid
1476 1563 1540 1616 agi
1559 1565 1785 1604 conveniat:

316 1635 406 1660 cum
428 1636 516 1662 vero
536 1624 574 1661 in
592 1624 758 1676 publicis
787 1627 1046 1666 conventibus
1064 1627 1140 1665 illis
1162 1626 1255 1678 ipsis
1276 1627 1324 1665 de
1343 1626 1459 1665 rebus
1489 1626 1786 1666 deliberandum

317 1690 389 1732 est,
409 1698 478 1724 vos
498 1685 573 1724 illis
605 1699 719 1726 aures
750 1688 970 1739 praebeatis,
989 1689 1056 1741 qui
1086 1689 1240 1740 quidvis
1263 1689 1393 1741 potius
1423 1688 1572 1737 dicunt,
1593 1702 1711 1740 quam
1740 1701 1788 1728 ea

316 1759 406 1798 quae
427 1748 479 1786 ad
509 1762 587 1787 rem
603 1749 782 1788 faciunt?
813 1751 936 1798 Itane,
965 1751 1240 1799 Athenienses,
1264 1750 1533 1803 unusquisque
1556 1758 1728 1790 vestrum
1748 1758 1788 1790 et

316 1809 410 1861 quid
431 1810 572 1850 deceat
598 1811 794 1865 intelligit,
813 1820 853 1852 et
881 1814 1042 1853 aliorum
1071 1815 1240 1854 rationes
1272 1827 1473 1853 recensere
1502 1820 1645 1866 potest,
1673 1827 1787 1853 nemo

317 1885 409 1910 vero
436 1872 574 1912 iisdern
600 1875 790 1914 faciendis
819 1876 1125 1927 gratificabitur?
1164 1885 1204 1916 et
1236 1877 1428 1928 privatim,
1445 1883 1491 1915 ut
1520 1877 1604 1930 ipse
1630 1890 1719 1929 quae
1745 1890 1788 1916 ο-

317 1933 442 1985 ptima
473 1942 566 1974 sunt
588 1936 753 1988 quisque
785 1937 929 1989 cupide
956 1939 1130 1978 facturus
1166 1938 1356 1985 videatur,
1385 1938 1481 1977 alios
1512 1938 1787 1990 reprehendit;

318 1995 475 2047 publice
503 2004 631 2036 autem
665 2012 711 2037 ea
738 1999 946 2039 decernere
978 2001 1144 2047 dubitat,
1163 2000 1303 2052 quibus
1324 1999 1573 2049 adducamini
1591 2007 1636 2039 ut
1654 2014 1789 2040 omnes

319 2059 453 2098 debita
470 2067 510 2099 et
529 2062 750 2100 necessaria
769 2062 884 2114 Reip.
915 2076 1077 2103 munera
1094 2061 1278 2102 obeatis?
1324 2062 1444 2107 Quod
1477 2063 1509 2101 si
1537 2062 1689 2101 nullum
1716 2076 1789 2100 un-

319 2133 438 2172 quam
456 2127 610 2174 tempus
641 2123 724 2162 fore
754 2125 915 2176 putatis,
934 2126 1040 2177 quod
1067 2126 1180 2164 istam
1207 2124 1555 2164 dissimulationem
1583 2125 1788 2164 interrum—

319 2190 402 2235 pat,
419 2196 500 2223 non
520 2185 633 2224 obsto
653 2198 730 2237 quo
749 2187 876 2225 minus
896 2188 1062 2227 eandem
1088 2187 1278 2227 rationem
1297 2186 1489 2226 teneatis:
1519 2187 1579 2225 sin
1598 2186 1685 2240 ipsa
1718 2202 1787 2227 ne-

321 2245 428 2296 gotia
446 2246 570 2298 magis
590 2260 636 2285 ac
655 2248 778 2300 magis
800 2250 1133 2302 approprinquare
1160 2249 1332 2297 cernitis,
1346 2249 1629 2302 providendum
1647 2257 1720 2297 est,
1739 2264 1789 2289 ne

320 2307 498 2346 cominus
518 2321 608 2346 cum
634 2308 709 2348 illis
731 2311 780 2348 sit
800 2311 1119 2359 conflictandum,
1141 2325 1230 2364 quae
1255 2310 1323 2350 diu
1343 2318 1434 2351 ante
1458 2311 1671 2364 praecaveri
1698 2324 1790 2363 pos-

321 2376 423 2416 sunt,
437 2369 526 2418 etii,
535 2371 600 2422 qui
609 2385 712 2411 nunc
722 2373 863 2412 avobis
876 2379 1292 2427 contemnuntur,post
1302 2373 1413 2413 malis
1426 2374 1566 2427 vestris
1575 2373 1789 2425 gaudeant.

1002 2483 1113 2523 XIV.

378 2561 439 2600 De
469 2567 573 2600 statu
593 2562 848 2616 Reipublicae,
867 2563 1143 2611 Athenienses,
1162 2577 1385 2616 quanquam
1405 2563 1438 2604 is
1458 2577 1536 2603 non
1553 2571 1614 2603 est
1631 2564 1788 2616 qualem

321 2637 408 2663 esse
427 2625 642 2676 oportebat,
659 2639 739 2666 non
758 2625 915 2665 omnino
932 2625 1025 2664 mihi
1042 2625 1197 2664 videtur
1210 2640 1297 2666 esse
1317 2625 1476 2666 difficile
1490 2639 1677 2678 quaerere,
1693 2626 1788 2679 quid

321 2686 544 2725 faciendum
562 2694 669 2726 esset
687 2688 742 2726 uti
762 2688 1031 2740 corrigeretur.
1087 2688 1178 2733 Quo
1209 2696 1338 2728 autem
1361 2695 1478 2741 pacto
1511 2689 1560 2728 de
1591 2688 1651 2728 his
1669 2691 1788 2728 rebus

321 2748 427 2801 apud
446 2762 516 2788 vos
536 2749 588 2788 sit
606 2749 888 2798 disserendum,
908 2750 949 2789 id
977 2749 1118 2789 multas
1150 2764 1389 2802 magnasque
1419 2751 1561 2790 habere
1593 2758 1690 2804 puto
1711 2751 1786 2790 dif-

320 2811 529 2858 ficultates,
549 2825 629 2851 non
650 2812 743 2864 quin
761 2825 807 2851 ea
826 2826 914 2864 quae
938 2812 1115 2851 dicentur
1140 2811 1376 2852 intellecturi
1395 2812 1492 2861 sitis,
1512 2813 1583 2852 sed
1601 2813 1708 2865 quod
1734 2813 1788 2851 ita

321 2874 446 2912 multa
464 2880 504 2913 et
522 2874 624 2914 falsa
641 2882 680 2915 et
698 2874 849 2928 quidvis
869 2875 996 2927 potius
1016 2887 1132 2926 quam
1153 2876 1269 2914 rebus
1296 2874 1406 2914 utilia
1432 2875 1667 2915 consuefacti
1692 2874 1787 2913 mihi

320 2935 503 2976 videmini
541 2938 692 2984 audire,
726 2944 771 2978 ut
800 2943 986 2987 metuam,
1020 2951 1067 2977 ne
1097 2937 1242 2990 optime
1267 2950 1369 2979 nunc
1405 2937 1642 2985 consulenti,
1679 2935 1784 2990 quod
