1948 3306
328 150 404 187 808
732 146 979 186 EXORDIA
1009 146 1364 187 CONCIONUM.

319 264 410 304 quae
427 251 487 290 sit.
546 250 734 303 Nunquid
754 265 823 292 eos
849 252 933 291 haec
959 252 1039 291 sine
1058 250 1237 289 mercede
1257 250 1386 288 dicere
1403 247 1572 301 putatis?
1616 247 1670 286 At
1693 246 1765 286 oli-

319 314 574 365 garchiarum,
613 327 712 365 quos
729 314 793 354 isti
813 314 1040 360 defendunt,
1060 312 1205 351 domini
1224 311 1440 350 tacentibus
1460 309 1574 348 etiam
1593 309 1682 361 plus
1702 308 1770 348 da-

317 383 417 414 rent.
474 375 658 428 Nunquid
677 376 762 414 haec
787 376 936 428 potiora
954 374 1136 414 creditis?
1166 374 1356 412 Praestare
1377 372 1492 424 igitur
1509 371 1617 410 vobis
1633 371 1771 422 eligar-

316 437 405 475 chia
433 437 676 476 democratiae
705 438 868 476 videtur.
926 437 1112 488 Nunquid
1139 449 1206 474 eos
1237 436 1338 474 viros
1371 434 1545 473 meliores
1559 431 1774 485 judicatis?

317 499 415 542 Quis
449 512 554 546 vem,
589 500 654 551 qui
687 506 822 538 contra
854 506 1053 550 receptum
1091 497 1331 550 Reipublicae
1381 502 1524 535 statum
1567 493 1775 534 conciones

316 561 472 607 habeat,
503 563 648 614 probus
681 575 705 600 a
735 561 845 599 vobis
877 560 1086 599 existimari
1108 561 1193 611 jure
1226 557 1382 611 potest?
1423 558 1633 608 Reliquum
1661 554 1777 607 igitur

317 629 379 662 est
408 636 533 662 errare
566 636 650 669 VOS,
670 623 763 661 dum
794 623 833 660 in
865 623 940 661 ista
968 622 1161 661 sententia
1177 622 1273 660 sitis.
1329 622 1428 664 Quae
1448 620 1565 672 plaga
1582 617 1690 656 vobis
1710 629 1777 656 ca·
1829 651 1834 660 ,

314 685 441 724 venda
460 691 533 732 est,
553 684 823 730 Athenienses,
839 691 881 722 ut
900 697 949 722 ne
968 683 1177 735 aliquando
1193 696 1328 722 ansam
1348 682 1447 721 detis
1466 679 1777 724 insidiatoribus;

315 760 364 786 ac
382 754 463 785 tum
484 747 639 784 demum
659 758 808 784 errasse
832 759 901 784 vos
923 745 1162 796 intelligatis,
1181 758 1268 784 cum
1286 745 1328 782 id
1346 744 1452 783 vobis
1477 742 1571 781 nihil
1585 742 1667 795 jam
1687 752 1777 791 pro-

317 808 431 847 derit.
488 807 580 845 Non
598 807 638 844 in
659 819 704 845 eo
725 820 802 859 quo
817 820 889 846 nos
908 806 1112 852 vellemus,
1128 806 1404 853 Athenienses,
1423 805 1511 844 loco
1531 817 1616 843 esse
1633 801 1776 848 omnia,

317 882 444 921 neque
463 869 567 921 apud
596 868 776 920 vosipsos
795 881 922 919 neque
951 869 1057 920 apud
1085 869 1225 915 socios,
1245 867 1401 906 minime
1421 866 1595 905 fortassis
1626 870 1687 903 est
1707 864 1779 901 mi-

315 931 491 970 randum.
549 929 677 968 Multa
705 930 808 968 enim
841 930 1006 968 fortunae
1031 930 1254 969 fluctuantis
1281 930 1514 981 incertaeque
1532 927 1688 967 arbitrio
1718 938 1779 964 re-

318 1000 475 1045 guntur,
492 1005 700 1043 causaeque
733 992 864 1044 plures
896 992 1089 1031 exsistunt
1112 1005 1180 1030 cur
1206 1005 1285 1030 non
1313 991 1442 1030 omnia
1472 1003 1519 1029 ex
1549 987 1666 1028 animi
1691 1001 1780 1026 sen-

317 1055 440 1093 tentia
457 1053 685 1092 mortalibus
710 1053 902 1092 eveniant.
957 1054 1011 1091 At
1028 1053 1173 1092 nullam
1202 1066 1288 1092 esse
1308 1065 1463 1104 prorsus
1489 1050 1622 1104 populi
1642 1055 1780 1088 aucto-

317 1116 482 1163 ritatem,
515 1115 586 1154 sed
622 1114 723 1153 illius
760 1115 1002 1154 adversarios
1039 1115 1245 1167 dominari,
1273 1115 1349 1154 hoc
1382 1121 1422 1153 et
1455 1113 1673 1153 mirandum
1704 1116 1781 1162 est,

318 1173 592 1224 Athenienses,
621 1183 661 1215 et
693 1190 781 1215 meo
812 1177 968 1228 quidem
982 1177 1146 1229 judicio,
1167 1177 1199 1216 si
1225 1177 1289 1229 qui
1309 1182 1413 1216 recte
1440 1175 1630 1228 cogitent,
1650 1173 1783 1213 formi-

319 1239 512 1279 dolosum.
567 1241 629 1279 Ac
647 1239 766 1278 totius
782 1239 942 1291 quidem
957 1239 1140 1279 orationis
1159 1240 1236 1280 hoc
1254 1239 1347 1278 mihi
1364 1238 1592 1292 principium
1612 1245 1684 1278 est.

1023 1344 1097 1384 ΙΙΙ.

377 1422 536 1474 Magnis
557 1423 709 1475 opibus,
725 1422 998 1470 Athenienses,
1019 1423 1219 1469 rationem,
1234 1436 1313 1475 qua
1330 1422 1577 1474 perspicuum
1601 1422 1671 1461 fiat
1688 1422 1783 1474 quid

322 1484 361 1522 in
381 1484 456 1522 illis
474 1486 588 1523 rebus
609 1485 796 1537 optimum
814 1485 922 1523 factu
953 1485 1002 1523 sit
1032 1485 1080 1523 de
1102 1485 1242 1537 quibus
1262 1498 1366 1523 nunc
1387 1484 1619 1532 deliberatis,
1649 1498 1784 1524 omnes

322 1559 391 1586 vos
409 1546 635 1598 praelaturos
657 1547 833 1585 arbitror.
889 1547 1004 1590 Quod
1025 1561 1112 1586 cum
1129 1547 1183 1586 ita
1204 1547 1266 1594 sit,
1294 1547 1410 1586 officii
1429 1547 1546 1586 vestri
1571 1553 1632 1586 est
1654 1554 1699 1586 ut
1717 1560 1784 1586 vos

321 1608 393 1661 ipsi
411 1609 575 1648 libenter
595 1609 760 1648 audiatis
789 1622 854 1648 eos
884 1610 949 1661 qui
967 1610 1076 1648 vobis
1105 1611 1326 1649 consultum
1353 1610 1502 1649 volunt.
1559 1610 1645 1648 Nec
1667 1610 1784 1658 enim,

322 1671 355 1708 si
389 1671 475 1722 quis
505 1671 600 1710 utile
637 1671 782 1723 aliquid
808 1670 1018 1710 meditatus
1051 1672 1234 1719 attulerit,
1272 1671 1312 1710 id
1348 1672 1474 1710 solum
1507 1670 1640 1710 audire
1668 1677 1784 1722 atque

320 1732 498 1784 accipere
528 1733 682 1772 licebit:
713 1734 782 1772 sed
815 1734 911 1772 illud
942 1735 1057 1774 etiam
1083 1742 1220 1774 vestrae
1253 1734 1449 1774 felicitatis
1482 1748 1568 1773 esse
1600 1740 1710 1786 puto,
1741 1741 1787 1773 ut

322 1795 444 1834 multa
462 1795 571 1835 utilia
590 1796 696 1834 dictu
717 1796 845 1834 subito
865 1797 1099 1847 quibusdam
1114 1796 1152 1835 in
1172 1804 1342 1836 mentem
1360 1797 1528 1835 veniant.
1584 1796 1648 1834 Ex
1664 1796 1786 1835 omni-

320 1858 395 1896 bus
415 1858 530 1910 igitur
553 1858 722 1909 deligere
742 1858 781 1896 id
800 1858 913 1897 facile
932 1859 1047 1897 fuerit
1065 1859 1170 1910 quod
1189 1859 1356 1898 maxime
1373 1858 1484 1898 vobis
1502 1858 1698 1911 expediet.

1021 1962 1088 2000 IV.

379 2050 548 2102 AEquum
567 2056 641 2098 est,
663 2051 936 2097 Athenienses,
953 2064 1041 2090 cum
1061 2064 1182 2103 penes
1198 2064 1267 2090 vos
1286 2051 1336 2090 sit
1353 2065 1402 2090 ex
1419 2051 1480 2090 his
1501 2064 1589 2103 quae
1608 2050 1786 2089 dicuntur

323 2111 467 2164 eligere
487 2113 594 2165 quod
614 2114 778 2151 maxime
798 2114 984 2165 probatis,
1002 2127 1134 2152 omnes
1149 2114 1272 2153 audiri
1288 2128 1298 2153 :
1319 2115 1457 2153 etenim
1475 2127 1577 2166 saepe
1593 2114 1786 2160 usuvenit,

323 2181 368 2213 ut
394 2174 498 2213 idem
528 2175 644 2213 homo
662 2176 700 2214 in
727 2176 801 2214 alio
826 2183 939 2222 erret,
970 2176 1010 2214 in
1041 2176 1118 2214 alio
1151 2184 1256 2215 recte
1287 2177 1441 2216 sentiat.
1496 2176 1787 2215 Tumultuando

324 2244 455 2275 autem
474 2245 513 2276 et
531 2238 705 2276 celeriter
723 2238 962 2277 fastidiendo
991 2239 1070 2277 fieri
1101 2246 1241 2290 potest,
1263 2247 1306 2277 ut
1339 2239 1471 2278 multis
1503 2239 1662 2278 utilibus
1696 2252 1788 2277 con-

325 2300 419 2339 siliis
438 2300 689 2340 fraudemini:
719 2309 758 2340 at
774 2303 806 2340 si
820 2302 999 2340 modeste
1018 2302 1211 2354 taciteque
1230 2303 1409 2350 audietis,
1429 2310 1512 2342 tum
1531 2302 1659 2341 officio
1673 2302 1788 2354 plane

324 2362 554 2414 fungemini,
587 2370 669 2401 turn
702 2364 734 2402 si
766 2364 852 2415 quis
885 2365 1048 2402 delirare
1068 2364 1275 2413 videbitur,
1303 2379 1392 2404 eum
1422 2365 1644 2418 negligetis.
1701 2364 1788 2416 Ego

324 2438 416 2463 vero
445 2425 569 2464 multa
595 2426 713 2464 verba
741 2426 872 2464 facere
905 2440 1032 2477 neque
1064 2427 1185 2474 soleo,
1210 2441 1349 2479 neque,
1380 2427 1412 2466 si
1443 2428 1634 2466 hactenus
1654 2427 1789 2466 solitus

325 2486 498 2533 fuissem,
518 2500 621 2525 nunc
654 2487 834 2534 facerem,
867 2487 950 2533 sed,
973 2501 1060 2539 quae
1092 2488 1199 2527 vobis
1231 2490 1437 2541 profutura
1463 2489 1693 2536 existimem,
1729 2502 1788 2535 ea,

323 2562 439 2600 quam
458 2561 482 2586 a
500 2562 561 2587 me
581 2548 662 2586 fieri
679 2549 904 2587 brevissime
923 2549 1078 2601 poterit,
1097 2550 1205 2589 vobis
1226 2551 1442 2603 explicabo.
1500 2550 1631 2594 Quum
1646 2550 1791 2588 nemini

323 2622 497 2662 prorsus,
532 2609 810 2657 Athenienses,
832 2611 1038 2648 obscurum
1068 2623 1157 2649 esse
1183 2612 1351 2659 videam,
1381 2612 1521 2664 quibus
1552 2611 1789 2651 orationibus

324 2671 387 2711 vel
419 2671 680 2717 delectemini,
708 2671 771 2710 vel
806 2671 1081 2711 offendamini:
1110 2680 1238 2712 tamen
1268 2688 1316 2713 ea
1342 2674 1471 2725 dicere
1500 2686 1588 2724 quae
1614 2674 1791 2723 jucunda

325 2735 408 2773 fore
426 2734 648 2779 videantur,
665 2734 916 2784 impostorum
936 2749 1022 2774 esse
1042 2749 1142 2779 re0r;
1162 2737 1209 2774 ab
1224 2736 1281 2774 his
1299 2743 1428 2775 autem
1443 2749 1531 2787 quae
1550 2735 1790 2788 Reipublicae

327 2796 530 2849 profutura
558 2810 645 2835 esse
674 2809 905 2848 persuasum
926 2797 1086 2845 habeas,
1105 2798 1256 2837 etiamsi
1290 2798 1486 2837 auditores
1515 2799 1790 2837 obturbaturos

327 2866 394 2898 aut
413 2858 566 2910 quidvis
586 2858 691 2898 aliud
710 2858 882 2898 facturos
904 2859 1021 2908 scias,
1041 2873 1121 2899 non
1140 2859 1296 2913 depelli,
1315 2860 1355 2899 id
1381 2873 1455 2911 ego
1475 2866 1515 2899 et
1540 2860 1632 2898 boni
1650 2866 1689 2899 et
1706 2873 1792 2899 cor-

328 2919 405 2959 dati
425 2920 516 2959 eivis
537 2921 708 2961 officium
727 2933 816 2961 esse
830 2921 979 2973 judico.
1038 2922 1123 2974 Ego
1148 2935 1239 2962 vero
1255 2935 1338 2970 vos,
1359 2922 1390 2961 si
1409 2935 1485 2962 non
1506 2928 1665 2975 propter
1684 2921 1792 2973 quic-
