1965 3356
498 199 785 243 ADVERSUS
813 197 1028 237 TIMOTH
1037 196 1170 235 EUM.
1496 197 1576 234 685

113 303 311 349 sederunt,
320 304 441 343 etiam
457 303 730 355 jusjurandum
747 301 944 354 pollicitus
962 313 1046 339 sum
1064 300 1283 347 Timotheo,
1298 299 1405 351 quod
1423 299 1575 351 legetur

112 365 234 408 vobis.

639 440 1061 480 JUSJURANDUM.

115 528 254 580 Neque
274 541 378 574 vero,
408 527 583 574 Judices,
612 526 650 564 in
672 527 824 578 scriptis
846 528 970 565 solum
996 535 1106 579 pater
1138 526 1228 564 mihi
1257 525 1390 565 debita
1409 527 1574 578 reliquit,

114 590 184 628 sed
201 589 437 632 decumbens
457 589 573 627 etiam
595 589 704 633 dixit,
725 588 816 639 quid
839 589 909 627 sibi
926 589 1130 627 deberetur
1146 588 1384 640 singulatim,
1397 596 1435 627 et
1450 602 1472 626 a
1488 603 1578 640 quo,

113 659 151 689 et
172 665 289 704 quem
311 651 349 688 in
379 663 491 691 usum
515 650 663 702 accepti
689 657 818 689 essent
849 651 1010 697 nummi,
1025 651 1144 689 fratre
1167 658 1375 702 praesente.
1429 650 1530 688 Haec
1555 664 1579 687 a

114 726 176 751 me
195 726 283 755 vere
305 712 381 754 dici
400 718 443 753 ut
461 718 660 763 appareat,
681 711 768 763 lege
788 711 880 750 mihi
900 712 1027 750 fratris
1048 712 1324 750 testimonium.

648 831 1053 870 TESTIMONIUM.

114 910 175 947 Ac
193 909 440 950 Timotheum
460 922 545 948 eam
567 909 783 960 pecuniam,
809 924 924 961 quam
947 911 995 948 ab
1016 923 1062 948 eo
1083 910 1254 961 postulo,
1279 909 1378 961 patri
1408 923 1492 948 meo
1513 910 1582 948 de-

115 971 262 1016 buisse,
297 985 461 1023 eamque
481 985 578 1010 meae
608 972 794 1023 portionis
815 973 947 1020 fuisse,
979 980 1019 1010 et
1042 972 1162 1010 frater
1189 972 1423 1010 testificatus
1452 980 1526 1018 est,
1547 980 1587 1010 et

117 1033 300 1073 Phormio
316 1035 382 1086 qui
406 1034 511 1074 illam
531 1036 764 1081 numeravit,
787 1042 826 1072 et
844 1048 918 1087 ego
933 1035 1208 1087 jusjurandum
1231 1035 1266 1074 ei
1287 1036 1379 1074 dare
1400 1036 1517 1073 volui.

170 1097 208 1135 9.
239 1097 368 1141 Quum
389 1110 480 1136 vero
498 1097 570 1135 iste
599 1097 704 1149 apud
731 1098 914 1135 arbitrum
933 1104 1199 1149 provocasset,
1220 1106 1259 1135 et
1286 1097 1411 1136 afferri
1432 1098 1587 1136 tabulas

118 1171 142 1196 a
175 1171 311 1196 mensa
336 1158 506 1210 juberet,
540 1165 579 1197 et
611 1158 830 1211 exemplum
861 1159 1091 1210 postularet,
1117 1159 1233 1197 misso
1267 1159 1511 1198 Phrasieride
1538 1160 1589 1197 ad

117 1232 291 1258 mensam
307 1232 316 1258 ε
346 1219 392 1258 iis
411 1219 586 1271 prolatis,
601 1219 859 1258 Phrasicridae
881 1228 921 1258 et
939 1221 1150 1271 quaerenda
1168 1228 1206 1259 et
1226 1221 1481 1259 exscribenda
1496 1220 1588 1259 dedi

116 1293 163 1319 ea
189 1294 276 1332 quae
301 1280 373 1319 iste
398 1281 567 1320 deberet.
626 1281 863 1320 Confessum
894 1290 1024 1320 autem
1049 1282 1172 1321 fuisse
1203 1296 1244 1322 se
1275 1284 1493 1335 exemplum
1525 1297 1589 1322 ac-

120 1342 269 1394 cepisse
290 1349 520 1389 utconstet,
541 1343 628 1394 lege
647 1344 740 1381 mihi
759 1344 1037 1382 testimonium.

658 1465 1065 1504 TESTIMONIUM.

121 1544 262 1587 Allatis
282 1543 399 1595 igitur
427 1556 451 1582 a
477 1557 540 1582 me
566 1544 685 1583 literis
713 1544 763 1583 ad
790 1545 987 1590 arbitrum,
1009 1544 1191 1583 Phormio
1213 1551 1253 1583 et
1273 1545 1505 1597 Euphraeus,
1526 1546 1594 1596 qui

123 1606 326 1659 pecuniam
355 1606 496 1656 quibus
530 1606 602 1645 iste
626 1606 796 1657 jusserat
825 1613 1018 1651 curarant,
1052 1614 1282 1658 praesentes,
1313 1608 1598 1646 conveniebant

122 1682 225 1714 eum,
246 1675 286 1706 et
315 1668 456 1719 quibus
495 1668 650 1720 singula
682 1669 919 1720 temporibus
947 1676 1149 1707 mutuatus
1183 1678 1299 1715 esset,
1327 1677 1365 1708 et
1397 1683 1512 1721 quem
1544 1669 1595 1708 ad

123 1744 236 1770 usum
259 1729 487 1782 accepisset,
509 1738 547 1769 et
567 1743 665 1781 quas
695 1731 746 1768 ad
766 1744 826 1769 res
847 1731 992 1768 abusus
1012 1739 1127 1768 esset.
1187 1732 1265 1769 Iste
1285 1744 1376 1769 vero
1395 1731 1498 1769 mille
1519 1738 1597 1769 tre-

123 1800 259 1836 centas
279 1792 562 1844 quinquaginta
590 1806 708 1831 unam
741 1800 780 1831 et
807 1793 904 1830 duos
925 1793 1074 1839 obolos,
1096 1806 1183 1844 quae
1208 1793 1373 1845 primum
1394 1801 1595 1832 mutuatus

123 1855 197 1896 fuit
215 1867 348 1895 mense
369 1854 526 1900 Martio,
543 1868 651 1894 oram
670 1856 870 1894 soluturus
891 1855 1090 1893 Socratide
1118 1862 1299 1907 praetore,
1319 1869 1488 1907 quaeque
1514 1856 1594 1893 An-

123 1917 292 1959 timacho
310 1916 495 1968 quaestori
526 1930 596 1956 suo
622 1917 704 1956 dari
728 1917 913 1968 jusserat,
933 1916 1111 1968 privatim
1131 1925 1331 1955 mutuasse
1352 1918 1513 1956 dicebat
1529 1931 1598 1969 pa-

125 1986 222 2019 trem
254 1991 386 2019 meum
417 1978 666 2025 Antimacho,
701 1992 781 2016 non
812 1992 852 2017 se
885 1979 1095 2030 accepisse.
1155 1979 1212 2017 Ac
1243 1992 1334 2017 vera
1365 1979 1525 2031 quidem
1557 1993 1597 2018 se

125 2041 252 2082 dicere
271 2040 381 2079 nullo
401 2048 499 2080 teste
518 2040 714 2079 ostendit:
746 2041 817 2079 sed
834 2041 957 2079 verbis
974 2041 1160 2087 abutitur,
1176 2048 1221 2079 ut
1233 2054 1282 2079 ne
1302 2041 1385 2092 ipse
1403 2042 1598 2089 fraudare,

127 2103 197 2144 sed
214 2103 475 2143 Antimachus
505 2110 704 2142 mutuatus
731 2104 1028 2142 essevideatur.
1085 2103 1173 2154 Ego
1195 2116 1300 2150 vero,
1320 2103 1496 2150 Judices,
1517 2117 1600 2142 ma-

128 2178 248 2216 gnum
284 2165 395 2204 vobis
421 2171 696 2216 argumentum
733 2165 875 2212 dicam,
907 2166 1014 2204 unde
1049 2172 1247 2218 appareat,
1267 2178 1347 2203 non
1367 2166 1601 2205 Antimacho

128 2235 345 2269 mutuatum
365 2241 452 2267 esse
472 2234 623 2279 patrem
639 2228 744 2267 illam
767 2228 991 2280 pecuniam,
1015 2228 1085 2267 sed
1115 2227 1320 2265 Timotheo
1347 2227 1507 2279 jamjam
1536 2241 1599 2267 so-

125 2290 270 2332 bitum.
326 2290 470 2330 Utrum
490 2289 594 2329 enim
611 2290 763 2329 facilius
789 2291 964 2329 futurum
985 2290 1131 2342 putatis
1151 2289 1265 2341 patri,
1288 2289 1496 2341 publicatis
1516 2290 1599 2329 An·

126 2352 285 2394 timachi
310 2352 435 2400 bonis,
455 2365 628 2391 asserere
648 2352 720 2391 sibi
741 2354 790 2391 ab
809 2366 856 2392 eo
876 2353 1021 2400 deberi,
1041 2352 1072 2390 si
1101 2351 1339 2390 Antimacho
1369 2360 1602 2399 mutuasset,

112 2427 180 2466 ‚an
197 2422 422 2467 exspectare
443 2414 536 2454 dum
555 2414 718 2453 eandem
746 2416 794 2454 ab
819 2415 895 2454 isto
925 2415 1164 2466 locupletato
1193 2414 1397 2465 reciperet,
1419 2415 1485 2466 qui
1518 2415 1602 2466 ipse

130 2475 194 2517 illo
212 2483 386 2528 tempore
405 2489 513 2528 spem
536 2476 587 2515 de
617 2476 744 2515 salute
767 2490 838 2515 sua
864 2478 1118 2529 perexiguam
1143 2475 1344 2514 habebat?
1392 2476 1602 2514 Enimvero

129 2537 163 2578 si
181 2538 436 2589 postulasset,
453 2551 531 2576 non
552 2536 745 2576 defuisset
761 2538 865 2577 unde
891 2551 941 2576 ex
963 2551 1107 2589 sponso
1128 2546 1275 2588 ageret,
1295 2550 1422 2588 neque
1448 2538 1482 2576 ei
1504 2537 1601 2576 fides

129 2599 269 2641 fuisset
285 2613 310 2638 a
329 2600 440 2639 vobis
459 2601 659 2651 abrogata.
717 2600 832 2639 Scitis
853 2599 954 2638 enim
974 2613 1107 2638 omnes
1127 2606 1277 2651 patrem
1297 2613 1423 2637 meum
1445 2599 1602 2650 publica

130 2675 213 2702 non
228 2662 371 2714 injuste.
386 2662 632 2713 concupisse,
651 2662 720 2701 sed
740 2663 788 2701 de
807 2676 878 2701 suo
900 2662 1025 2707 vobis,
1043 2661 1194 2712 quoties
1205 2661 1408 2713 juberetis,
1425 2661 1603 2699 alacriter

131 2736 336 2775 erogasse:
366 2723 507 2762 deinde
526 2723 732 2763 familiaris>
746 2724 780 2762 ei
799 2724 879 2763 fuit,
891 2724 1152 2768 Callistratus,
1171 2724 1237 2774 qui
1258 2722 1483 2761 Antimachi
1500 2723 1604 2761 bona

132 2785 354 2836 publicavit,
385 2799 512 2837 neque
543 2785 577 2823 ei
606 2786 834 2824 adversatus
854 2793 970 2823 esset.
1029 2784 1135 2827 Quid
1169 2784 1239 2822 sibi
1272 2783 1461 2822 voluisset
1487 2783 1604 2835 igitur

132 2852 254 2897 pater,
274 2853 319 2886 ut
346 2846 592 2886 Timotheum
617 2848 747 2899 potius
772 2847 984 2886 debitorem
1017 2847 1130 2885 nobis
1158 2846 1384 2896 inscriptum
1406 2845 1603 2897 relinque-

133 2913 204 2953 ret,
224 2906 305 2948 nisi.
325 2907 357 2946 is
384 2907 597 2954 debuisset,
612 2921 729 2960 quam
749 2915 796 2947 ut
813 2922 834 2948 e
856 2908 1062 2961 publicatis
1083 2906 1304 2946 Antimachi
1328 2907 1439 2945 bonis
1466 2915 1601 2960 postu-

133 2967 363 3019 laceratque
383 2969 603 3020 reciperet?
