1948 3306
334 169 410 207 790
799 172 1002 211 ORATIO
1034 171 1322 211 FUNEBRIS.

332 279 461 310 autem
478 285 501 311 a
520 274 673 324 generis
694 287 824 314 eorum
844 277 1068 329 primordio.
1126 274 1278 316 Horum'
1296 278 1397 316 enim
1426 277 1590 316 virorum
1610 278 1788 318 nobilitas

331 335 391 373 vel
412 336 629 375 seculorum
661 351 852 377 consensu
880 339 985 390 apud
1014 352 1146 378 omnes
1179 340 1354 378 homines
1382 346 1441 378 est
1470 339 1644 390 insignis.
1700 340 1788 378 Nec

331 396 430 435 enim
462 398 512 436 ad
542 407 690 450 patrem
719 400 910 438 duntaxat
934 407 974 438 et
1001 401 1164 452 majores
1185 401 1322 439 viritim
1354 402 1495 440 referre
1525 409 1649 440 ortum
1676 415 1789 441 suum

332 462 498 514 quisque
518 468 669 513 potest:
700 462 769 500 sed
798 464 835 500 in
872 476 1012 514 genere
1033 464 1083 502 ad
1108 471 1228 502 totam
1255 464 1432 516 patriam,
1452 466 1562 513 cujus
1596 464 1789 515 indigenae

332 530 422 561 sunt
462 530 568 562 extra
607 524 920 562 controversiam.
1002 525 1082 564 Soli
1121 527 1220 564 enim
1257 526 1475 564 mortalium
1513 525 1684 563 omnium
1706 537 1792 562 eam

330 590 484 631 terram,
507 599 528 623 e
550 598 627 636 qua
653 585 733 623 nati
753 592 854 631 sunt,
875 586 1078 624 coluerunt
1097 587 1337 637 posterisque
1358 587 1620 625 tradiderunt:
1650 593 1706 634 ut,
1725 586 1791 637 qui

330 647 370 685 in
397 648 568 686 colonias
603 660 762 698 peregre
793 648 1036 686 advenerunt
1066 662 1275 700 earumque
1303 650 1406 688 cives
1427 650 1688 696 nominantur,
1704 648 1792 700 jure
1822 647 1828 658 “

332 720 421 747 cum
457 709 649 759 adoptivis
684 709 770 747 filiis
801 717 1086 761 comparentur,
1106 711 1145 747 hi
1177 723 1268 749 vero
1296 724 1483 762 germano
1517 711 1649 763 patriae
1678 716 1792 762 partu

330 770 434 808 cives
467 771 545 809 sint
568 770 752 808 habendi.
807 771 866 809 Ac
900 785 985 810 mea
1017 772 1171 823 quidem
1201 773 1393 811 sententia
1421 772 1519 810 illud
1546 772 1660 811 etiam
1687 772 1793 823 quod

330 832 463 883 fruges
484 832 588 884 apud
610 845 679 870 nos
699 832 840 883 primos
861 833 1106 880 exstiterunt,
1127 840 1383 885 praeterquam
1400 834 1505 885 quod
1525 847 1716 872 summum
1731 841 1793 872 est

331 894 369 931 in
403 907 537 932 omnes
565 894 808 941 beneficium,
828 895 1082 934 indubitabile
1103 895 1258 947 signum
1286 896 1402 934 etiam
1433 902 1492 934 est
1524 903 1661 934 terram
1692 895 1794 934 hanc

333 955 557 1006 genitricem
577 969 663 994 esse
682 956 874 1006 majorum
895 963 1130 996 nostrorum.
1170 957 1237 996 Sic
1255 958 1354 995 enim
1371 963 1509 996 natura
1528 965 1794 1009 comparatum

332 1024 405 1063 est,
416 1025 469 1068 'ut
485 1031 726 1069 quaecunque
746 1018 914 1070 pariunt,
934 1019 1069 1057 eadem
1096 1019 1210 1057 etiam
1231 1019 1373 1059 victum
1403 1026 1443 1058 et
1467 1018 1686 1057 alimoniam
1705 1032 1727 1057 e
1755 1033 1795 1058 se

332 1079 472 1130 genitis
492 1080 767 1132 suppeditent:
797 1080 838 1119 id
857 1081 962 1132 quod
977 1081 1063 1119 haec
1083 1081 1189 1132 regio
1209 1081 1315 1120 fecit.

387 1144 424 1181 3.
455 1143 551 1187 Quae
571 1143 685 1194 igitur
704 1143 751 1181 ad
775 1144 923 1182 natales
943 1143 1122 1192 attinent,
1142 1157 1189 1182 ea
1217 1143 1258 1181 hi
1276 1143 1345 1182 viri
1363 1143 1457 1181 talia
1476 1155 1499 1181 a
1516 1142 1726 1195 majoribus
1747 1144 1795 1181 ab

331 1203 435 1241 omni
454 1217 538 1242 aevo
558 1211 804 1257 acceperunt.
863 1207 961 1248 Quae
992 1219 1082 1244 vero
1114 1212 1206 1244 sunt
1227 1205 1462 1244 fortitudinis
1489 1212 1796 1256 caeterarumque

329 1266 527 1312 virtutum,
560 1280 607 1305 ea
637 1266 794 1318 quidem
829 1268 958 1305 omnia
988 1267 1131 1306 referre
1162 1268 1412 1319 supersedeo,
1442 1266 1586 1306 veritus
1621 1280 1670 1304 ne
1701 1266 1795 1304 mihi

331 1341 444 1379 aequo
464 1328 647 1380 prolixior
665 1335 846 1367 nascatur
865 1329 986 1368 oratio
1003 1343 1012 1367 ε
1043 1329 1113 1368 sed
1139 1343 1226 1381 quae
1253 1336 1292 1368 et
1310 1329 1521 1368 scientibus
1543 1327 1651 1367 utilia
1670 1341 1798 1367 recor-

330 1390 425 1428 datu
451 1400 490 1428 et
508 1391 649 1442 ignaris
667 1391 928 1443 pulcherrima
946 1390 1095 1439 auditu,
1124 1398 1177 1437 et,
1212 1397 1256 1430 ut
1275 1390 1528 1430 admiratione
1548 1390 1664 1441 plena
1693 1397 1795 1436 sunt,

331 1452 385 1491 sic
405 1444 625 1504 prolixitate
657 1453 876 1491 molestiam
907 1466 986 1491 non
1018 1454 1187 1505 pariunt,
1217 1466 1266 1492 ea
1296 1452 1515 1491 summatim
1536 1451 1796 1504 perstringere

328 1517 511 1554 conabor.
567 1515 669 1553 Nam
702 1515 886 1567 temporis
919 1522 1035 1567 atque
1055 1515 1180 1554 aetatis
1205 1515 1321 1568 hujus
1349 1519 1514 1565 majores
1538 1521 1578 1553 et
1611 1521 1739 1566 patres
1759 1521 1800 1554 et

328 1578 353 1615 ii
373 1591 539 1629 quorum
558 1578 838 1630 appellationes
858 1577 974 1616 altius
994 1577 1251 1625 adscendunt,
1263 1592 1331 1630 per
1343 1591 1440 1629 quas
1453 1577 1492 1615 in
1505 1576 1657 1615 familiis
1675 1589 1796 1628 agno-

329 1646 505 1691 scuntur,
530 1639 672 1678 nemini
699 1653 883 1690 unquam,
917 1639 977 1677 vel
1008 1639 1182 1678 Barbaro
1213 1639 1275 1678 vel
1310 1639 1466 1686 Graeco,
1489 1638 1665 1691 injuriam
1695 1639 1799 1683 fece-

329 1710 432 1750 runt,
459 1702 529 1740 sed
553 1709 694 1754 praeter
713 1708 872 1740 caeteras
892 1701 968 1739 hac
1002 1715 1157 1753 quoque
1176 1701 1293 1740 laude
1312 1702 1538 1748 floruerunt,
1557 1707 1601 1739 ut
1618 1700 1733 1738 iidem
1760 1707 1799 1739 et

327 1764 397 1802 viri
423 1771 652 1816 praestantes
672 1772 711 1802 et
731 1764 900 1802 omnium
924 1764 1128 1815 justissimi
1147 1763 1412 1802 haberentur:
1441 1762 1708 1815 propulsanda
1728 1775 1797 1800 au-

329 1834 406 1865 tem
426 1828 462 1865 vi
480 1827 604 1865 multa
623 1833 661 1864 et
679 1826 865 1878 praeclara
885 1826 1056 1864 facinora
1075 1825 1296 1864 ediderunt.
1353 1825 1454 1863 Nam
1485 1831 1525 1863 et
1556 1824 1795 1862 Amazonum

328 1889 536 1927 exercitum
555 1890 633 1926 huc
650 1901 897 1940 progressum
920 1888 974 1925 ita
1001 1888 1179 1925 vicerunt
1197 1895 1238 1925 ut
1265 1900 1354 1925 eum
1373 1887 1478 1925 ultra
1497 1886 1706 1925 Phasidem
1727 1900 1797 1924 ex-

329 1951 595 1997 terminarent,
616 1960 657 1989 et
676 1950 858 2001 Eumolpi
888 1950 1177 2001 multorumque
1198 1949 1356 1987 aliorum
1378 1948 1569 1987 exercitus
1588 1961 1668 1986 non
1686 1961 1707 1986 e
1727 1961 1800 1987 sua

329 2014 459 2061 modo,
479 2014 549 2052 sed
567 2013 682 2051 etiam
703 2019 930 2050 caeterorum
951 2011 1194 2058 Graecorum,
1216 2011 1362 2049 ditione
1381 2010 1666 2062 profligarunt:
1700 2022 1798 2061 quos

327 2076 393 2128 qui
419 2089 536 2127 supra
567 2089 639 2113 nos
673 2075 724 2112 ad
759 2074 1017 2113 Occidentem
1044 2074 1235 2119 habitant,
1257 2086 1392 2111 omnes
1411 2085 1486 2111 nec
1513 2071 1706 2110 sustinere
1725 2085 1799 2110 nec

321 2139 524 2190 prohibere
542 2143 764 2189 potuerunt.
824 2135 928 2181 Quin
950 2142 989 2174 et
1015 2136 1225 2175 liberorum
1243 2134 1440 2181 Herculis,
1460 2134 1544 2186 ejus
1562 2134 1629 2185 qui
1648 2134 1799 2173 caeteris

328 2201 493 2239 salutem
528 2199 659 2245 dabat,
688 2206 903 2237 servatores
932 2199 1119 2237 nominati
1150 2205 1255 2245 sunt,
1274 2211 1365 2236 cum
1394 2196 1449 2235 illi
1468 2197 1504 2234 in
1533 2197 1635 2235 hanc
1655 2203 1797 2234 terram

328 2262 533 2314 supplices,
551 2262 817 2313 Eurystheum
833 2261 1060 2312 fugitantes,
1076 2260 1287 2299 venissent.
1345 2260 1395 2297 Et
1413 2265 1553 2310 praeter
1566 2259 1654 2297 haec
1670 2258 1800 2296 omnia

327 2325 524 2376 multaque
554 2324 629 2362 alia
659 2331 698 2362 et
728 2324 919 2375 praeclara
942 2324 1118 2362 facinora
1140 2323 1232 2376 jura
1260 2321 1530 2360 defunctorum
1559 2320 1694 2359 violari
1718 2333 1798 2358 non

326 2388 512 2433 siverunt,
533 2400 621 2424 cum
642 2392 791 2436 septem
818 2385 904 2424 illos
934 2385 999 2436 qui
1031 2386 1069 2422 in
1101 2383 1350 2436 expeditione
1369 2383 1558 2421 Thebana
1576 2380 1800 2420 ceciderant

326 2448 476 2487 humari
496 2449 624 2486 Creon
652 2447 886 2499 prohiberet.

380 2514 418 2549 4.
452 2512 512 2549 Ac
549 2524 680 2549 eorum
714 2524 803 2561 quae
846 2524 870 2548 a
906 2509 1033 2560 poetis
1065 2509 1274 2547 decantata
1298 2514 1388 2546 sunt
1423 2506 1572 2545 omissis
1611 2505 1797 2557 plurimis,

328 2574 464 2612 horum
498 2573 572 2611 feci
607 2573 853 2619 mentionem,
885 2585 972 2622 quae
1008 2570 1164 2622 singula
1195 2577 1275 2608 tam
1304 2571 1462 2608 uberem
1489 2577 1567 2607 tam
1592 2567 1798 2606 honestam

327 2636 482 2674 dicendi
511 2634 708 2673 materiam
744 2634 1007 2686 suppeditant,
1039 2641 1082 2671 ut
1115 2640 1156 2671 et
1187 2633 1384 2671 adstrictae
1410 2630 1580 2669 numeris
1614 2630 1798 2668 orationis

328 2697 497 2736 artifices
537 2705 577 2735 et
612 2696 837 2734 cantionum
883 2702 1060 2734 auctores
1091 2701 1130 2732 et
1161 2694 1272 2731 multi
1306 2706 1432 2732 rerum
1463 2698 1660 2744 gestarum
1703 2690 1796 2728 scri-

327 2769 459 2813 ptores
498 2761 651 2799 illorum
690 2760 802 2798 factis
841 2759 1024 2798 ornandis
1067 2757 1224 2809 ingenia
1257 2755 1549 2805 doctrinamque
1585 2765 1692 2791 suam
1734 2765 1798 2790 os-

328 2824 535 2862 tentarint:
577 2837 665 2874 quoe
697 2835 790 2860 vero
827 2821 1016 2873 dignitate
1056 2833 1181 2859 rerum
1214 2819 1332 2857 nihilo
1364 2818 1439 2856 illis
1480 2815 1689 2862 deteriora,
1728 2814 1797 2852 sed

326 2887 418 2937 quia
438 2899 568 2924 eorum
588 2885 772 2923 memoria
801 2884 990 2923 recentior
1010 2889 1082 2929 est,
1107 2882 1279 2920 nondum
1303 2895 1325 2919 a
1352 2879 1475 2932 poetis
1495 2884 1700 2929 occupata,
1726 2889 1797 2913 nec

323 2948 363 2985 in
382 2948 578 2987 heroicum
610 2947 717 2985 illum
737 2947 910 2986 ordinem
933 2946 1053 2984 relata
1073 2953 1176 2991 sunt,
1206 2957 1252 2982 ea
1278 2943 1358 2995 jam
1394 2942 1533 2981 dicam.
1592 2939 1653 2978 Illi
1682 2939 1797 2990 igitur
