1948 3306
331 183 408 220 762
745 185 966 224 CONTRA
997 185 1388 225 THEOCRINEM.

330 294 459 325 autem
481 288 691 335 colludere,
714 291 923 343 partirique
944 292 1168 343 largitiones
1191 305 1200 335 ;
1228 299 1343 342 atque
1363 288 1571 341 aliquando
1586 288 1792 328 conviciari

332 349 430 387 inter
450 363 505 395 se,
530 357 569 389 et
588 355 771 391 extremis
791 353 953 391 invicem
976 355 1121 406 probris
1142 353 1305 400 afficere,
1321 351 1438 405 paulo
1458 357 1562 403 post,
1576 351 1656 390 dies
1676 350 1795 389 festos

331 423 410 449 una
434 411 592 463 agitare,
613 420 652 451 et
685 427 795 453 sacra
827 416 969 454 habere
998 416 1230 454 communia.
1289 414 1428 466 Neque
1460 413 1599 451 horum
1627 412 1794 451 fortasse

330 472 539 524 quicquam
559 482 618 513 est
646 476 784 514 miratu
818 477 993 528 dignuin.
1052 479 1153 516 Nam
1186 484 1226 516 et
1256 483 1395 516 natura
1428 481 1520 515 sunt
1550 474 1727 526 improbi,
1753 480 1794 512 et

330 534 428 574 tales
447 536 688 577 velitationes
710 539 842 577 vident
862 553 884 578 a
903 540 1010 578 vobis
1042 540 1258 592 approbari.
1318 540 1448 584 Quare
1467 537 1562 589 quid
1580 542 1699 583 vetat,
1715 549 1794 588 quo

329 597 457 636 minus
477 598 537 637 his
559 601 706 638 artibus
723 601 901 652 decipere
919 615 987 640 vos
1002 601 1232 640 instituant?
1262 601 1443 652 Denique
1458 600 1597 640 decere
1622 611 1691 637 vos
1713 597 1796 650 opi-

330 672 414 706 nor,
434 661 605 707 Judices,
625 662 721 700 illud
743 670 935 714 spectare,
964 664 994 701 si
1013 678 1125 715 aequa
1143 664 1270 702 dicam
1301 670 1340 702 et
1364 669 1626 702 consentanea
1644 660 1796 713 legibus
1820 656 1825 666 “

330 722 415 772 ipsa
433 722 482 760 de
501 736 554 770 re,
575 729 618 760 ut
638 724 891 775 opitulemini,
912 739 1036 777 neque
1056 727 1296 773 intueamini,
1317 739 1367 764 an
1391 726 1421 764 is
1444 725 1509 777 qui
1528 730 1698 770 accuset,
1718 736 1797 761 non

331 783 382 821 sit
413 784 716 834 Demosthenes,
750 787 817 825 sed
855 788 1194 833 adolescentulus;
1226 801 1355 839 neque
1386 788 1473 840 plus
1500 786 1678 825 tribuatis
1698 785 1796 836 legi-

329 846 416 893 bus,
437 846 469 884 si
490 847 576 898 quis
594 861 659 887 eas
687 850 811 888 verbis
831 857 1036 890 exornatas
1055 852 1166 890 vobis
1194 851 1387 896 exhibeat,
1412 862 1526 901 quam
1548 849 1581 888 si
1606 848 1673 900 qui
1698 861 1797 900 quo-

329 907 606 962 modocunque
639 911 849 963 explicent,
892 913 961 952 sed
992 927 1135 966 parem,
1166 920 1283 965 atque
1315 912 1480 951 eandem
1514 911 1796 957 auctoritatem,

327 976 519 1023 tantoque
551 973 677 1024 magis
709 974 874 1026 imperiti
906 983 945 1014 et
978 976 1251 1016 adolescentes
1282 973 1495 1027 adjuvandi
1522 979 1624 1021 sunt,
1651 979 1798 1024 quanto

330 1031 460 1071 minus
479 1045 550 1072 vos
571 1034 807 1087 deceperint.
849 1038 951 1077 Nam
971 1039 1206 1079 contrarium
1226 1051 1313 1077 esse
1332 1038 1495 1084 factum,
1512 1042 1552 1076 et
1569 1048 1648 1075 non
1665 1035 1797 1082 istum,

331 1093 410 1132 sed.
428 1107 491 1133 me
516 1095 754 1137 factionibus
779 1112 971 1152 pressum,
993 1107 1032 1140 et
1063 1115 1086 1140 a
1115 1100 1348 1152 quibusdam
1368 1100 1433 1152 qui
1451 1104 1693 1151 receperant,
1713 1111 1754 1136 se
1777 1110 1801 1136 a

330 1169 393 1194 me
427 1163 612 1209 staturos,
641 1167 799 1212 propter
828 1161 990 1201 istorum
1021 1163 1329 1215 conspirationes
1363 1176 1450 1202 esse
1481 1161 1690 1215 proditum,
1718 1172 1799 1199 non

329 1218 461 1267 istum,
488 1222 738 1273 perspicuum
774 1224 884 1262 vobis
915 1224 1001 1265 erit.
1058 1226 1188 1264 Vocet
1216 1238 1346 1278 praeeo
1375 1225 1439 1264 hic
1472 1223 1799 1271 Demosthenem,

330 1293 410 1318 non
428 1281 657 1322 adscendet.
703 1285 799 1336 Ejus
821 1293 949 1324 autem
968 1287 1023 1325 rei
1043 1300 1162 1325 causa
1180 1294 1241 1326 est
1259 1300 1338 1325 non
1355 1287 1455 1335 haec,
1475 1285 1581 1338 quod
1599 1299 1622 1324 a
1639 1285 1800 1337 quibus-

330 1341 423 1380 dam
454 1343 664 1391 adductus,-
698 1346 815 1384 istum
844 1348 980 1394 detuli,
1011 1348 1078 1387 sed
1110 1349 1215 1400 quod
1235 1348 1322 1396 iste,
1343 1354 1382 1387 et
1400 1348 1434 1387 is
1453 1348 1519 1400 qui
1537 1347 1655 1386 modo
1684 1360 1801 1386 voca-

329 1404 459 1452 batur,
478 1406 575 1444 inter
597 1420 639 1446 se
664 1413 951 1460 transegerunt.
1009 1410 1127 1454 Quod
1145 1417 1191 1449 ut
1210 1423 1344 1450 verum
1375 1423 1463 1449 esse
1482 1416 1652 1456 constet,
1667 1408 1800 1448 dicere

330 1466 597 1507 testimonium
618 1482 758 1521 cogam
780 1471 1095 1525 Clinomachum,
1126 1473 1192 1525 qui
1212 1486 1280 1512 eos
1299 1473 1575 1520 reconciliavit,
1595 1478 1636 1510 et
1663 1471 1800 1510 Eubu-

329 1529 462 1576 lidem,
483 1531 607 1582 quiin
628 1531 858 1585 Cynosarge
876 1535 1063 1574 interfuit.
1120 1535 1260 1587 Neque
1288 1548 1381 1574 vero
1410 1535 1565 1587 signum
1591 1534 1700 1573 vobis
1725 1534 1800 1573 hoc

330 1592 475 1640 minus,
501 1592 573 1632 sed
606 1594 731 1646 majus
766 1596 972 1648 proferam,
1001 1598 1105 1637 unde
1135 1604 1291 1637 constet
1320 1598 1396 1637 hoc
1429 1611 1515 1637 esse
1547 1611 1692 1645 verum,
1722 1611 1800 1650 quo

331 1654 481 1704 audito,
499 1656 593 1695 mihi
624 1671 760 1697 omnes
789 1660 1064 1699 assentiemini.
1122 1661 1371 1710 Theocrines,
1399 1661 1467 1714 qui
1486 1661 1714 1700 violatarum
1744 1661 1801 1699 le·

332 1731 427 1769 gum
445 1726 605 1759 accusat
622 1720 817 1774 impurum
837 1722 963 1774 illum,
989 1729 1033 1762 ut
1062 1724 1350 1776 quamprimum
1383 1724 1501 1771 dicet,
1521 1731 1559 1762 et
1584 1723 1746 1762 istorum
1765 1722 1801 1762 ei

331 1780 519 1820 malorum
539 1790 751 1831 auctorem,
768 1785 900 1836 palam
917 1786 952 1824 ei
972 1786 1119 1825 remisit
1137 1786 1177 1825 id
1199 1786 1345 1825 crimen
1364 1786 1470 1838 quod
1485 1786 1623 1825 decem
1641 1785 1800 1824 talentis

333 1843 562 1883 aestimarat.
603 1845 709 1889 Qui?
739 1847 847 1885 Nihil
875 1847 915 1886 id
933 1838 1090 1899 quidem
1116 1848 1219 1896 novi,
1240 1848 1309 1887 sed
1340 1848 1443 1886 idem
1469 1848 1574 1896 facit,
1603 1847 1707 1899 quod
1736 1847 1801 1886 alii

332 1904 491 1954 quidam
523 1906 634 1945 istius
659 1907 804 1947 similes
831 1914 1011 1961 egerunt.
1069 1909 1170 1948 Nam
1199 1909 1522 1957 Demosthenem,
1542 1909 1802 1961 pronunciata

333 1966 500 2015 actione,
512 1969 658 2017 juravit
678 1969 837 2021 quidam
852 1978 1056 2023 aegrotare,
1079 1985 1169 2010 cum
1189 1971 1222 2011 is
1243 1971 1474 2019 ambularet,
1495 1978 1612 2027 atque
1625 1970 1800 2009 AEschini

332 2029 640 2070 conviciaretur:
671 2046 761 2072 eum
779 2047 870 2072 vero
889 2034 1086 2073 inimicum
1105 2034 1180 2074 iste
1198 2034 1359 2074 missum
1377 2034 1482 2082 fecit,
1502 2040 1542 2073 et
1560 2047 1685 2085 neque
1704 2039 1800 2072 tunc

326 2093 601 2145 jusjurandum
631 2096 753 2143 dedit,
785 2111 913 2149 neque
950 2097 1134 2150 deinceps
1168 2098 1202 2136 ei
1235 2097 1496 2137 denunciavit.
1553 2097 1697 2136 Nonne
1724 2096 1801 2135 evi-

333 2154 470 2195 denter
500 2156 562 2195 isti
591 2157 729 2197 fucum
747 2159 857 2198 vobis
887 2160 1048 2209 faciunt,
1066 2161 1131 2212 qui
1150 2174 1217 2200 eos
1244 2166 1289 2199 ut
1307 2160 1405 2200 inter
1433 2173 1476 2200 se
1493 2159 1670 2200 inimicos
1690 2158 1801 2198 audi-

334 2217 436 2256 atis?
466 2219 607 2258 Recita
625 2220 861 2260 testimonia.

887 2368 1245 2408 TESTIMONIA.

335 2462 505 2503 Proinde
531 2464 684 2517 justum
718 2471 792 2511 est,
820 2465 997 2513 Judices,
1020 2481 1146 2520 neque
1165 2480 1235 2506 vos
1267 2479 1336 2506 eos
1366 2465 1502 2505 audire
1533 2465 1646 2513 velle,
1667 2464 1734 2517 qui
1757 2477 1799 2503 se

335 2523 544 2565 Theocrini
581 2540 630 2565 ex
660 2526 751 2565 odio
791 2527 1068 2568 Demosthenis
1105 2528 1338 2581 patrocinari
1370 2527 1624 2580 profitentur:
1664 2527 1799 2580 jubete

332 2587 479 2638 potiuS,
500 2587 689 2640 siquidem
722 2602 855 2627 revera
883 2589 1027 2630 inimici
1061 2591 1151 2639 sint,
1171 2597 1216 2629 ut
1245 2604 1334 2629 eum
1368 2590 1423 2628 illi
1451 2595 1652 2636 accusent,
1671 2602 1799 2641 neque

333 2650 528 2688 contraria
564 2649 716 2701 legibus
751 2651 921 2690 scribere
957 2653 1316 2704 patiantur,—sunt
1344 2658 1475 2690 autem
1519 2658 1559 2690 et
1601 2651 1673 2703 ipsi
1719 2651 1800 2690 elo-

332 2718 512 2762 quentes,
533 2718 574 2751 et
594 2712 684 2764 plus
715 2713 820 2764 apud
840 2726 908 2751 vos
938 2714 1086 2753 habent
1115 2715 1434 2754 auctoritatis—:
1466 2713 1536 2753 sed
1556 2727 1634 2752 non
1653 2713 1801 2752 facient

333 2772 423 2811 hoc.
468 2774 758 2818 Quamobrem?
799 2775 902 2819 Quia
932 2791 973 2815 se
1008 2777 1140 2816 dicent
1162 2776 1337 2815 inimicos
1370 2789 1472 2822 esse,
1501 2789 1590 2815 cum
1619 2789 1698 2815 non
1723 2775 1800 2815 sint

331 2833 490 2874 inimici.
1759 2885 1762 2888 y

393 2898 453 2935 12.
475 2898 554 2936 Sed
579 2898 740 2937 istorum
768 2901 986 2941 inimicitias
1015 2915 1084 2941 vos
1115 2902 1208 2941 mibi
1229 2902 1372 2941 certius
1402 2901 1654 2954 exposueritis
1682 2912 1798 2953 quam

333 2970 408 3009 ego
440 2960 565 2998 vobis.
601 2960 741 3001 Libens
769 2969 898 3002 autem
919 2977 1050 3004 coram
1076 2966 1184 3004 vobis
1203 2965 1457 3004 Theocrinem
1487 2970 1748 3016 percontarer,
1764 2961 1797 3002 si

1905 3133 1933 3306 E-d„
