1948 3306
332 150 378 185 16
751 150 976 189 CONTRA
1009 151 1380 190 TIMARCHUM.

326 251 420 294 Quis
436 263 529 301 ergo
549 250 647 289 adeo
666 251 778 290 miser
796 260 870 300 est,
884 254 948 304 qui
970 253 1172 305 perspicue
1191 253 1283 291 velit
1300 254 1377 292 tale
1395 253 1595 305 perhibere
1614 253 1789 292 testimo-

328 315 448 357 nium,
472 312 588 359 unde,
624 314 655 351 si
680 327 813 353 verum
850 316 1000 361 dixerit,
1027 315 1210 353 ostendat
1242 329 1283 353 se
1312 321 1525 353 extremum
1562 315 1795 366 supplicium

329 375 637 413 commeruisse?
667 376 804 426 Itaque
838 377 933 414 illud
954 384 1012 414 est
1041 377 1242 427 reliquum,
1264 384 1307 415 ut
1333 377 1399 427 qui
1426 389 1567 428 passus
1598 384 1659 414 est
1676 376 1796 415 confi-

329 442 465 473 teatur.
513 436 660 474 Verum
687 439 736 475 ob
758 438 832 475 hoc
862 446 1079 484 accusatur,
1100 439 1206 489 quod
1233 438 1291 476 his
1313 438 1492 476 admissis
1523 445 1658 476 contra
1687 437 1794 488 leges

326 498 532 535 conciones
552 497 706 536 habeat.
738 499 864 536 Vultis
882 500 1011 548 igitur,
1032 506 1075 536 ut
1094 507 1216 537 totam
1234 513 1312 537 rem
1329 500 1566 546 omittamus,
1581 512 1654 537 nec
1669 498 1795 549 inqui-

326 572 454 596 ramus
476 559 650 597 scilicet?
682 560 850 609 Egregie
873 557 1047 610 profecto
1069 562 1159 599 urbs
1180 561 1384 608 incoletur,
1405 561 1436 598 si
1456 574 1544 611 quae
1562 560 1635 611 ipsi
1653 573 1694 598 re
1709 560 1796 610 ipsa

325 620 405 657 fieri
434 621 590 667 scimus,
611 634 656 658 ea
676 621 749 658 nisi
779 622 863 671 quis
892 622 1003 659 nobis
1024 622 1099 658 huc
1130 635 1372 672 progressus,
1399 622 1513 661 simul
1543 621 1738 659 evidenter
1755 626 1796 658 et
1832 655 1837 666 ,

323 682 568 732 impudenter
606 695 677 719 suo
717 682 938 719 testimonio
977 682 1226 729 confirmarit,
1264 691 1471 734 propterea
1507 683 1794 721 obliviscemur.

322 743 448 794 quue
467 744 527 781 vel
547 743 735 794 exemplis
765 743 981 793 intelligite.
1028 744 1098 781 Est
1116 751 1245 781 autem
1265 745 1525 782 necessarium
1547 744 1706 791 scilicet,
1727 757 1792 782 ex-

322 805 452 855 empla
471 818 557 842 esse
576 804 793 842 consimilia
812 804 1006 842 Timarchi
1026 804 1210 842 moribus.
1249 804 1402 842 Videtis
1418 818 1484 843 eos
1505 805 1571 855 qui
1595 805 1634 842 in
1653 805 1794 855 prosti-

321 866 422 903 bulis
444 865 595 912 sedent,
618 872 656 902 et
683 865 811 902 scelus
831 865 937 902 istud
966 865 1191 910 admittunt,
1210 871 1254 902 ut
1273 865 1422 903 inficias
1451 865 1506 902 ire
1526 878 1606 903 non
1626 866 1791 915 possint.

321 927 473 965 Tamen
493 927 569 974 isti,
586 940 675 965 cum
694 927 728 964 ei
749 927 974 965 necessitati
993 934 1052 965 est
1070 927 1297 978 parendum,
1318 927 1491 965 dedecus
1512 926 1554 964 id
1572 927 1791 965 velamento

318 989 490 1040 quodam
511 996 659 1040 tegunt,
679 996 719 1026 et
737 988 827 1026 foris
849 988 1079 1026 occludunt.
1111 989 1228 1032 Quod
1249 988 1366 1039 siquis
1386 989 1703 1040 praetereuntium
1722 1001 1791 1026 vos

317 1058 582 1103 percontetur,
604 1051 696 1101 quid
715 1050 832 1089 homo
853 1051 916 1088 ille
946 1058 1040 1089 tunc
1061 1057 1166 1101 agat,
1197 1051 1328 1088 statim
1352 1051 1490 1089 dicatis
1521 1064 1664 1088 nornen
1686 1050 1789 1088 illius

315 1115 499 1152 facinoris
517 1127 524 1151 :
556 1126 779 1164 quanquam
810 1127 888 1152 non
912 1113 1082 1151 videritis
1102 1113 1188 1164 quis
1209 1113 1325 1152 fuerit
1356 1113 1571 1164 ingressus,
1593 1114 1663 1152 sed
1683 1127 1789 1165 quae-

316 1183 418 1213 stum
436 1173 566 1213 sciatis
594 1176 642 1212 ab
669 1175 734 1212 illo
753 1175 908 1212 homine
936 1175 1172 1221 institutum,
1191 1181 1230 1212 et
1249 1188 1329 1213 rem
1350 1174 1590 1226 intelligatis.
1637 1174 1788 1212 Eodem

315 1237 432 1287 igitur
447 1236 564 1274 modo
581 1249 645 1273 vos
661 1236 777 1274 decet
796 1237 833 1273 in
851 1236 1101 1274 Timarchum
1115 1237 1232 1274 etiam
1252 1237 1445 1287 inquirere
1461 1249 1470 1274 ε
1491 1249 1563 1275 nec
1577 1236 1675 1274 illud
1692 1249 1786 1274 con-

315 1298 499 1343 siderare,
527 1311 576 1335 an
596 1297 732 1347 aliquis
753 1297 904 1343 viderit,
932 1298 1001 1335 sed
1023 1311 1073 1335 an
1101 1311 1162 1336 res
1186 1299 1234 1336 ab
1265 1311 1311 1336 eo
1332 1304 1551 1349 perpetrata
1581 1298 1642 1336 sit.
1683 1297 1787 1335 Nam

313 1361 406 1410 quid
425 1374 494 1411 per
513 1360 621 1405 deOS‚
646 1359 864 1405 Timarche‚
899 1360 1108 1397 dicendum
1127 1359 1216 1397 est?
1249 1360 1329 1397 Aut
1348 1360 1442 1409 quid
1461 1360 1545 1410 ipse
1564 1365 1608 1396 tu
1634 1359 1783 1397 diceres

313 1423 361 1461 de
383 1423 456 1459 alio
469 1422 638 1467 homine,
653 1423 717 1471 qui
733 1422 868 1458 eodem
892 1422 1049 1459 crimine
1071 1420 1348 1459 accusaretur?
1379 1421 1459 1458 Aut
1471 1421 1566 1472 quid
1578 1420 1786 1458 dicendum

313 1492 386 1531 est,
405 1498 494 1522 cum
514 1485 631 1521 homo
656 1483 903 1531 adolescens,
925 1483 1094 1535 paternis
1114 1482 1260 1520 aedibus
1281 1482 1438 1530 relictis,
1457 1483 1498 1520 in
1518 1482 1645 1521 aliena
1663 1483 1781 1520 domo

308 1553 524 1598 pernoctat,
542 1546 625 1584 aliis
646 1546 754 1582 vultu
777 1554 967 1596 praestans
986 1559 995 1583 :
1028 1558 1115 1583 cum
1137 1546 1374 1596 sumptuosis
1395 1544 1514 1582 coenis
1543 1545 1681 1583 fruitur
1701 1545 1783 1583 sine

312 1622 383 1647 suo
410 1615 588 1659 sumptu:
620 1621 706 1645 cum
729 1614 768 1645 et
788 1607 966 1645 tibicinas
986 1607 1116 1652 habet,
1139 1614 1254 1658 atque
1285 1608 1505 1646 meretrices
1525 1607 1784 1658 sumptuosis-

311 1671 452 1708 simas:
483 1683 571 1707 cum
590 1670 677 1707 alea
691 1669 812 1707 ludit:
837 1683 907 1707 nec
923 1670 1006 1720 ipse
1027 1669 1236 1720 quicquam
1258 1669 1386 1715 solvit,
1409 1669 1479 1707 sed
1498 1669 1597 1707 alius
1616 1682 1687 1720 pro
1706 1682 1780 1713 e0;

311 1730 487 1781 nunquid
502 1730 630 1768 adhuc
650 1731 724 1767 ista
745 1730 1017 1768 divinationem
1039 1729 1262 1780 requirunt?
1293 1730 1384 1768 Non
1399 1731 1560 1781 planum
1579 1736 1652 1777 est,
1673 1730 1782 1768 aliter

308 1793 390 1832 fieri
410 1806 488 1830 non
510 1805 640 1843 posse,
661 1792 754 1843 quin
771 1793 801 1829 is
819 1792 883 1842 qui
903 1798 962 1829 tot
980 1805 1041 1829 res
1062 1792 1254 1842 aliquibus
1274 1791 1448 1842 imperet,
1469 1800 1509 1830 et
1528 1792 1611 1843 ipse
1630 1791 1778 1843 pro'his

307 1855 526 1905 voluptates
565 1854 756 1904 aliquibus
792 1853 1030 1903 suppeditet,
1063 1854 1129 1903 qui
1162 1853 1277 1891 etiam
1315 1860 1519 1903 argentum
1550 1853 1781 1891 insumunt?

309 1917 449 1966 Neque
475 1916 590 1959 enim,
614 1916 667 1952 ita
687 1928 747 1952 me
769 1915 922 1965 Jupiter
951 1921 1067 1960 amet,
1089 1928 1167 1964 qua
1187 1915 1263 1952 alia
1291 1915 1440 1953 ratione
1459 1910 1673 1953 modestius
1696 1922 1779 1954 tur-

308 1978 411 2029 pium
428 1977 641 2014 facinorum
659 1984 813 2013 tuorum
837 1976 1069 2014 mentionem
1089 1976 1242 2021 faciam,
1262 1976 1429 2014 invenio.

366 2040 427 2076 16.
460 2038 664 2075 AEstimate
685 2045 815 2075 autem
846 2051 938 2082 rem,
962 2037 993 2074 si
1022 2037 1153 2083 vultis,
1175 2050 1196 2074 e
1220 2037 1396 2075 civilibus
1417 2038 1623 2088 exemplis:
1653 2038 1777 2089 iisque

305 2100 549 2152 potissimum
576 2113 662 2149 quae
683 2113 787 2137 nunc
808 2100 847 2136 in
879 2099 1057 2136 manibus
1079 2098 1244 2135 habetis.
1304 2097 1498 2149 Suffragia
1515 2099 1596 2137 lata
1617 2105 1710 2137 sunt
1737 2101 1777 2137 in

305 2162 544 2213 municipiis:
574 2168 613 2198 et
632 2162 799 2212 quisque
827 2168 1004 2198 nostrum
1038 2159 1265 2210 suffragium
1295 2161 1383 2198 tulit
1413 2160 1462 2198 de
1486 2160 1656 2208 homine,
1687 2162 1776 2212 quis

305 2237 395 2262 vere
415 2224 463 2260 sit
489 2222 752 2269 Atheniensis,
773 2223 859 2273 quis
880 2236 958 2260 non
980 2222 1040 2260 sit.
1071 2222 1201 2272 Atque
1225 2234 1300 2272 ego
1320 2235 1407 2260 cum
1430 2222 1578 2260 accedo
1603 2222 1653 2260 ad
1669 2222 1775 2272 judi-

305 2287 421 2330 cium,
443 2291 483 2322 et
499 2298 584 2321 reos
604 2284 735 2328 audio,
751 2284 850 2321 idem
871 2284 974 2334 apud
993 2297 1061 2322 vos
1085 2296 1236 2334 semper
1253 2283 1383 2321 valere
1402 2283 1527 2321 video.
1555 2283 1658 2321 Nam
1683 2297 1773 2322 cum

303 2347 400 2385 dicit
419 2352 648 2383 accusator:
679 2346 704 2383 J
709 2345 853 2390 udices,
877 2346 980 2382 hunc
1007 2345 1218 2396 populares
1234 2344 1557 2392 condemnarunt,
1579 2345 1652 2383 etsi
1669 2358 1773 2383 mor-

301 2410 438 2448 talium
454 2420 569 2445 nemo
583 2407 735 2459 jurarit,
756 2415 823 2445 aut
837 2408 1043 2454 accusarit,
1062 2415 1129 2446 aut
1143 2408 1408 2446 testimonium
1427 2408 1465 2445 in
1478 2421 1566 2446 eum
1582 2408 1772 2447 dixerit—

302 2485 371 2510 vos
406 2478 549 2514 tamen,
581 2469 724 2520 quippe
753 2470 910 2514 conscii,
949 2469 1238 2508 tumultuamini
1266 2470 1408 2516 statim,
1436 2469 1547 2520 quasi
1574 2483 1663 2507 reus
1689 2483 1770 2508 non

299 2535 444 2572 habeat
456 2533 521 2583 jus
542 2532 718 2569 civitatis.
751 2531 889 2581 Neque
909 2530 1011 2568 enim
1032 2532 1140 2569 vobis
1162 2545 1261 2582 opus
1281 2545 1366 2570 esse
1385 2531 1539 2569 videtur
1560 2531 1682 2568 verbis
1702 2538 1770 2570 aut

297 2594 544 2639 testimoniis,
564 2594 608 2631 iis
630 2594 668 2630 in
688 2594 818 2637 rebus,
840 2605 936 2642 quas
956 2592 1041 2643 quis
1063 2592 1145 2643 ipse
1171 2593 1369 2631 evidenter
1395 2592 1516 2630 novit.
1557 2592 1643 2642 Age
1663 2605 1770 2640 vero,

299 2660 331 2695 si
361 2654 689 2707 quemadmodum
711 2654 761 2691 de
790 2667 944 2703 genere,
967 2654 1022 2690 sic
1041 2654 1088 2691 de
1109 2660 1196 2691 acta
1220 2653 1299 2691 vita
1324 2651 1518 2690 Timarchi
1537 2651 1766 2703 suffragium

298 2719 499 2757 ferendum
518 2717 668 2761 fuisset,
692 2723 817 2753 utrum
831 2722 1038 2761 teneretur,
1059 2729 1108 2753 an
1127 2729 1218 2753 vero
1240 2728 1319 2753 non
1339 2721 1560 2752 teneretur:
1590 2722 1630 2752 et
1648 2728 1707 2753 res
1727 2716 1765 2753 in

288 2780 439 2832 judicio
459 2779 686 2830 disceptata,
699 2778 885 2828 vobisque
899 2777 1098 2828 proposita
1111 2777 1263 2823 fuisset,
1279 2783 1322 2814 ut
1342 2789 1468 2814 nunc:
1491 2790 1569 2814 non
1585 2776 1765 2816 licuisset

296 2848 424 2879 autem
443 2854 509 2892 per
526 2841 667 2891 legem
688 2846 756 2877 aut
782 2834 1064 2877 decretum'vel
1085 2838 1177 2876 mihi
1197 2851 1396 2885 accusare,
1418 2833 1490 2875 vel*
1511 2837 1574 2876 isti
1601 2850 1762 2877 causam

291 2903 419 2942 dicere
435 2916 444 2941 ι
474 2903 543 2942 sed
558 2914 702 2954 praeco,
719 2902 786 2953 qui
804 2914 910 2941 nunc
927 2900 1020 2939 mihi
1039 2900 1183 2954 adstat,
1197 2913 1267 2940 vos
1281 2899 1454 2952 legitimo
1469 2899 1538 2940 illo
1557 2900 1755 2952 praeconio
