1998 3306
402 396 810 436 ARGUMENTUM
840 393 1209 436 EXCEPTIONIS
1254 395 1361 433 PRO
1394 393 1751 434 PHORMIONE.

392 500 501 531 PAsm
517 501 686 531 mensarius
702 501 847 535 moriens,
857 500 976 530 relictis
988 501 1109 530 duobus
1122 500 1192 530 filiis
1208 510 1248 529 ex
1264 499 1422 539 Archippa
1437 496 1808 537 susceptis,Apollodoro

347 557 379 582 et
396 552 526 588 Pasicle,
543 552 757 582 Phormionem
775 562 896 582 servum
922 561 1023 586 suum,
1039 551 1091 591 qui
1107 551 1193 590 prius
1208 556 1307 581 tamen
1321 551 1453 580 donatus
1469 550 1612 580 libertate
1630 549 1739 583 fuerat,
1759 551 1808 577 tu-

347 608 444 633 torem
462 603 516 633 filii
537 608 608 633 natu
627 603 753 634 minoris
776 602 907 633 Pasiclis
929 602 1071 642 reliquit:
1096 603 1186 641 eique
1209 607 1335 633 matrem
1357 612 1474 640 eorum,
1490 599 1689 631 concubinam
1710 607 1809 634 suam,

347 652 430 684 dicta
447 654 518 683 dote
535 664 664 683 uxorem
679 654 777 683 dedit.
801 652 1010 693 Apollodorus
1027 652 1121 693 igitur
1137 663 1206 684 cum
1223 654 1317 684 fratre
1334 652 1549 694 patrimonium
1565 651 1692 689 dividit,
1705 658 1811 680 mensa

348 710 494 745 excepta,
517 709 549 734 et
572 704 692 735 officina
709 710 884 735 scutorum:
909 706 963 734 has
990 704 1068 735 enim
1088 716 1157 735 cum
1172 705 1320 735 Phormio
1339 716 1356 735 a
1374 705 1505 736 Pasione
1522 705 1561 734 ad
1577 708 1694 734 certum
1706 700 1810 745 ¹quod-

347 757 416 787 dam
433 749 556 796 tempus
570 757 780 788 conduxisset.
802 758 930 787 Interim
945 757 1109 788 locationis
1120 757 1280 787 semissem
1297 763 1425 797 uterque
1441 757 1629 797 accipiebat:
1642 751 1812 786 demum'et

348 808 402 838 has
418 808 580 846 dividunt3
605 818 641 838 ac
657 808 776 838 officina
794 809 919 848 quidem
936 814 1092 839 scutorum
1107 808 1315 849 Apollodoro,
1331 809 1444 840 Pasicli
1467 813 1568 839 autem
1590 817 1695 838 mensa
1709 806 1811 837 datur.

345 859 407 890 Sed
424 863 495 898 post
511 865 605 890 matre
621 860 713 890 etiam
727 860 880 897 defuncta,
896 861 1025 900 partitus
1041 864 1072 891 et
1084 861 1173 899 hujus
1189 870 1266 897 rem,
1277 860 1507 897 Phormionem,
1520 864 1552 890 ut
1566 859 1619 900 qui
1634 858 1731 889 multa
1742 866 1811 896 quae

347 919 402 939 sua
418 914 520 940 essent
537 915 667 946 teneret,
686 916 812 941 accusat
827 911 1047 950 Apollodorus.
1093 910 1173 942 Cum
1189 911 1284 950 igitur
1299 911 1458 942 arbitrium
1474 910 1533 941 sibi
1549 910 1763 950 sumpsissent,
1778 911 1813 936 ut

347 961 494 991 Phormio
516 962 570 998 ait,
593 962 777 1001 Apollodori
803 957 939 1001 cognati,
965 961 1071 992 Nicias
1095 967 1127 992 et
1150 962 1271 998 Diuias‚
1294 966 1325 991 et
1346 962 1569 997 Audromenes,
1593 961 1811 1000 persuaserunt

346 1012 537 1051 Apollodoro
561 1020 603 1050 ut,
620 1014 756 1053 acceptis
773 1014 906 1053 quinque
927 1014 1142 1044 drachmarum
1165 1013 1314 1055 millibus,
1330 1023 1400 1043 cum
1414 1012 1602 1044 Phormione
1618 1011 1811 1050 transigeret.

346 1064 556 1102 Apollodorus
578 1069 678 1094 autem
708 1069 781 1103 post
806 1075 912 1094 rursus
938 1065 1112 1094 Phormioni
1145 1065 1227 1094 diem
1258 1064 1341 1094 dixit
1366 1063 1682 1105 &vogin-ffa—-issogfaiv
1711 1066 1812 1091 autem

345 1113 443 1143 Attici
460 1114 578 1149 dicunt,
596 1114 680 1152 quod
703 1123 759 1142 nos
782 1111 906 1149 ἒνθῆιιην,
919 1114 978 1144 hoc
1003 1119 1062 1150 est,
1077 1115 1239 1153 pecuniam
1257 1125 1311 1144 seu
1328 1119 1444 1144 sortem
1459 1125 1626 1145 mensae—-:
1665 1111 1813 1143 Phormio

349 1174 421 1194 vero
436 1163 621 1204 praescribit,
637 1168 668 1194 et
686 1164 786 1203 legem
803 1163 932 1194 adducit
955 1174 1023 1202 quae
1043 1165 1144 1204 jubet,
1164 1165 1278 1204 quibus
1299 1166 1339 1196 de
1360 1166 1453 1195 rebus
1476 1163 1590 1205 aliquis
1610 1174 1644 1194 re
1658 1166 1814 1193 transacta

346 1215 441 1244 semel
457 1215 589 1255 aliquem
604 1215 731 1245 missum
746 1214 864 1251 fecerit,
878 1225 939 1245 non
955 1214 1050 1245 licere
1067 1216 1329 1256 dcnuojudioium
1347 1215 1491 1256 adipisci.
1524 1217 1565 1246 Et
1581 1220 1681 1246 tamen
1694 1219 1811 1244 rectum

347 1265 438 1295 etiam
451 1264 604 1304 judicium
620 1265 743 1306 attingit
759 1266 885 1302 Orator,
904 1266 1094 1296 ostendendo
1111 1277 1245 1297 mensam
1262 1277 1320 1298 non
1334 1267 1479 1297 habuisse
1499 1265 1660 1306 pecuniam
1676 1263 1812 1305 peculia—

347 1325 412 1345 rem
428 1316 587 1347 Pasionis:
611 1317 694 1356 quod
718 1327 755 1347 eo
782 1316 866 1353 fecit,
881 1322 915 1346 ut
939 1317 1134 1358 praescriptio
1159 1318 1230 1358 plus
1261 1318 1388 1354 valeret,
1404 1328 1474 1349 cum
1497 1321 1612 1349 rectam
1627 1315 1811 1357 Apollodori

284 1379 293 1385 «
348 1365 498 1398 actionem
514 1367 662 1404 infirmam
679 1363 749 1398 esse
766 1368 1001 1398 demonstraret.

721 1710 1434 1767 DEMOSTHENIS

916 1853 1262 1904 EXCEPTIO

758 1985 900 2027 PRO
946 1986 1419 2030 PHORMIONE.

404 2101 439 2137 1.
461 2100 744 2139 ΙΜΡΕΒΙΤΙΑΜ
762 2101 932 2149 dicendi,
946 2110 984 2141 et
995 2103 1131 2141 virium
1144 2102 1450 2141 imbecillitatem
1463 2101 1724 2149 Phormionis‚
1741 2104 1813 2155 ipsi

346 2174 481 2200 omnes
501 2162 655 2213 videtis,
674 2164 961 2204 Athenienses:
991 2178 1152 2205 necesse
1173 2172 1302 2204 autem
1321 2165 1512 2203 habemus
1543 2177 1614 2204 nos
1645 2166 1728 2218 ejus
1754 2166 1812 2205 fa-

345 2223 529 2270 miliares,
549 2238 714 2276 quorum
731 2227 877 2265 conscii
893 2241 1039 2275 sumus,
1059 2241 1225 2279 quaeque
1244 2227 1320 2266 hoc
1340 2233 1522 2265 narrante
1541 2240 1645 2279 saepe
1665 2227 1814 2266 audivi-

347 2297 446 2332 mus,
465 2299 512 2324 ea
530 2287 673 2325 referre
693 2294 733 2326 et
752 2301 946 2341 exponere
967 2290 1091 2337 vobis,
1113 2297 1155 2328 ut
1177 2303 1216 2328 re
1242 2290 1401 2341 cognita
1420 2296 1460 2328 et
1478 2295 1583 2328 recte
1613 2289 1814 2329 intellecta

346 2360 368 2386 e
388 2349 514 2395 nobis,
533 2362 620 2400 quae
651 2363 764 2401 aequa
793 2359 833 2389 et
857 2352 1039 2404 religiosa
1068 2352 1222 2399 fuerint,
1243 2352 1473 2390 decernatis.
1531 2352 1812 2404 Exceptionem

346 2416 477 2448 autem
495 2411 761 2462 opposuimus,
781 2425 860 2451 non
894 2413 1056 2452 actionis
1087 2413 1292 2452 eludendae
1320 2426 1487 2452 moraeve
1515 2413 1813 2465 interponendae

346 2471 484 2522 gratia,
513 2472 583 2510 sed
608 2479 653 2511 ut
677 2472 755 2520 hic,
774 2474 841 2512 ubi
869 2475 1082 2514 ostenderit
1103 2488 1145 2513 se
1173 2475 1264 2512 nihil
1295 2475 1452 2514 omnino
1471 2474 1696 2527 deliquisse,
1727 2490 1811 2515 mo-

345 2532 460 2570 lestia
477 2533 635 2571 tandem
654 2547 722 2585 per
740 2548 809 2573 vos
829 2543 1056 2575 constanter
1083 2537 1277 2575 liberetur.
1334 2537 1436 2575 Nam
1463 2550 1551 2588 quae
1579 2538 1684 2589 apud
1712 2538 1809 2576 alios

345 2593 521 2633 homines
541 2595 651 2633 firma
669 2602 709 2634 et
734 2603 817 2635 rata
842 2605 945 2644 sunt,
967 2605 1077 2636 extra
1096 2605 1265 2637 vestram
1294 2598 1537 2646 sententiam,
1557 2611 1604 2637 ea
1630 2599 1811 2638 Phormio

346 2659 523 2709 praestitit
541 2660 682 2708 omnia,
702 2668 754 2708 et,
769 2675 991 2714 quanquam
1012 2663 1135 2702 multa
1153 2664 1344 2702 beneficia
1362 2663 1402 2701 in
1418 2663 1696 2714 Apollodorum
1716 2678 1810 2704 con-

345 2721 445 2766 tulit,
467 2721 607 2768 omnia,
628 2735 716 2774 quae
736 2723 867 2762 relicta
887 2724 950 2763 isti
971 2732 1011 2763 et
1024 2725 1233 2764 commissa
1252 2726 1325 2763 sibi
1343 2725 1511 2772 fuerant,
1531 2726 1646 2764 solvit
1661 2726 1809 2779 riteque

345 2781 516 2829 tradidit,
547 2790 586 2821 et
614 2785 794 2823 omnibus
820 2785 1006 2838 deinceps
1038 2787 1259 2825 criminibus
1286 2787 1470 2826 liberatus
1494 2786 1582 2834 fuit,
1603 2795 1746 2836 tamen,
1767 2797 1810 2828 ut

345 2841 496 2890 videtis,
514 2851 719 2896 postquam
745 2846 850 2885 hunc
870 2848 953 2899 jam
979 2848 1078 2886 serre
1109 2861 1186 2887 non
1212 2855 1342 2900 potest
1360 2849 1637 2900 Apollodorus,
1658 2851 1809 2890 actione

345 2911 481 2943 contra
496 2919 585 2943 eum
605 2906 739 2958 viginti
758 2909 990 2948 talentorum
1009 2910 1198 2956 instituta,
1219 2910 1489 2949 calumniatur.
1548 2911 1663 2950 Dabo
1678 2919 1808 2953 autem

346 2979 501 3018 operam
524 2974 564 3005 ut
593 2969 641 3005 ab
669 2969 777 3008 initio
805 2971 934 3010 omnia
967 2985 1054 3023 quae
1080 2972 1170 3010 huic
1202 2984 1292 3010 cum
1324 2971 1490 3011 Pasione
1511 2980 1550 3010 et
1570 2973 1807 3025 Apollodoro
