1948 3306
313 182 364 217 50
632 179 703 215 DE
735 178 884 215 MALE
914 178 1088 215 GESTA
1122 177 1453 215 LEGATIONE.

313 283 452 321 civium
481 282 610 319 album
633 281 853 333 inscriptus,
876 281 1023 332 populo
1052 280 1321 331 largitionibus
1351 286 1545 331 corrupto,
1575 292 1615 319 se
1650 279 1785 332 gladio

314 344 458 382 collum
486 344 520 381 ei
542 344 793 394 praecisarum
820 343 1072 389 minitaretur,
1098 342 1164 392 qui
1197 342 1306 394 pacis
1338 342 1574 380 mentionem
1600 341 1784 380 fecisset:

314 405 473 443 tandem
496 418 541 443 eo
568 418 648 442 rem
677 404 732 442 illi
758 406 1039 456 perduxerunt,
1060 412 1105 442 ut
1124 404 1265 455 cupide
1285 417 1423 455 pacem
1444 404 1785 455 amplecterentur,

315 467 499 505 cedentes
535 466 713 504 omnibus
743 467 1075 518 possessionibus,
1094 467 1286 504 moenibus
1313 465 1491 517 dejectis,
1519 465 1699 516 praesidio
1725 478 1783 503 re-

316 535 445 578 ceptO,
477 534 517 566 et
545 529 731 580 praefecto
754 528 1066 576 Lacedaemonio,
1098 536 1137 567 et
1162 528 1295 580 populi
1323 528 1554 566 auctoritate
1587 527 1638 565 ad
1671 540 1787 564 xxx.

315 597 504 640 tyrannos
525 590 728 638 translata,
751 591 816 640 qui
839 602 916 627 MD.
941 590 1044 628 cives
1065 591 1213 628 indicta
1233 604 1353 628 causa
1379 589 1620 628 oeciderunt.
1651 588 1788 626 Talem

317 652 575 689 temeritatem
597 665 684 689 esse
717 651 948 697 cavendam,
975 652 1170 689 monuisse
1196 665 1257 689 me
1277 652 1476 703 profiteor,
1501 664 1547 688 ea
1576 662 1668 688 vero
1700 662 1789 700 quae
1838 688 1843 698 ι

317 713 436 764 paulo
458 721 548 750 ante
570 713 666 758 dixi,
683 726 769 750 esse
789 713 986 750 imitanda.
1040 713 1177 763 Neque
1198 713 1302 750 enim
1322 715 1370 751 ab
1389 712 1523 751 alienis
1544 712 1622 757 illa,
1651 711 1721 750 sed
1741 712 1791 749 ab

319 776 491 812 omnium
523 774 843 822 conjunctissimo
871 774 1089 812 audiebam.
1140 775 1242 813 Nam
1273 776 1493 813 Atrometus
1521 781 1631 825 pater
1658 780 1793 812 noster

318 836 436 874 ——cui
461 844 501 873 tu
528 836 742 883 maledicis,
768 850 856 874 cum
889 849 978 874 eum
1005 837 1176 887 ignores,
1204 850 1331 887 neque
1353 836 1494 874 videris
1515 836 1692 886 quisnam
1721 849 1791 874 sua
1842 829 1849 837 ⁷

319 905 433 935 aetate
453 897 584 945 fuerit,
618 898 735 948 idque
766 899 1067 944 Demosthenes,
1099 912 1188 937 cum
1222 906 1440 937 maternum
1472 904 1580 935 tuum
1613 911 1735 948 genus
1770 911 1794 936 a

320 961 562 1010 vagabundis
595 961 750 1012 Scythis
772 961 961 1012 originem
983 961 1241 999 trahat—sub
1264 974 1379 998 xxx.
1401 960 1577 1011 tyrannis
1607 960 1794 1010 profugit,

320 1028 360 1058 et
387 1022 575 1072 populum
598 1022 781 1059 restituit.
823 1023 874 1060 Et
902 1023 1035 1061 matris
1057 1029 1204 1060 nostrae
1237 1023 1368 1066 frater,
1395 1020 1614 1059 avunculus
1644 1027 1791 1066 noster,

320 1083 550 1129 Cleobulus,
582 1084 725 1121 Glauci
746 1084 1011 1122 Acharnensis
1035 1098 1085 1129 F„
1108 1098 1196 1122 cum
1226 1084 1458 1121 Demaeneto
1479 1082 1642 1132 Buzigo,
1661 1081 1793 1119 Chilo-

319 1158 407 1182 nem
428 1145 772 1183 Lacedaemonium
794 1147 922 1184 navali
951 1146 1086 1197 praelio
1115 1145 1219 1183 vicit.
1259 1145 1396 1196 Itaque
1425 1143 1682 1182 domesticum
1700 1143 1792 1181 mihi

321 1214 395 1253 est,
416 1214 455 1244 et
475 1205 676 1253 usitatum,
699 1208 804 1245 urbis
828 1208 1012 1246 adversos
1033 1221 1149 1246 casus
1171 1207 1328 1245 auribus
1349 1207 1541 1257 accipere.

375 1270 439 1306 25.
472 1269 623 1320 Objicis
646 1270 739 1306 mihi
760 1276 948 1321 praeterea
968 1270 1198 1307 concionem
1217 1270 1256 1306 in
1278 1268 1447 1306 Arcadia
1466 1268 1570 1319 apud
1593 1281 1636 1306 x.
1671 1281 1716 1305 M.
1738 1268 1795 1306 vi-

320 1342 449 1367 rorum
477 1330 663 1373 habitam,
685 1338 724 1368 et
743 1330 981 1381 legationem
1003 1330 1122 1376 illam,
1141 1343 1280 1380 meque
1310 1331 1554 1367 immutatum
1574 1342 1662 1367 esse
1683 1329 1796 1376 dicis,

319 1405 409 1430 cum
432 1392 483 1429 sis
517 1392 599 1442 ipse
622 1386 805 1442 mancipii
826 1392 973 1437 similis,
996 1398 1036 1429 et
1054 1398 1205 1429 tantum
1235 1404 1313 1428 non
1344 1390 1531 1428 Threiciis
1554 1390 1657 1428 notis
1687 1403 1795 1430 com-

320 1461 489 1503 punctus
510 1453 729 1503 transfuga.
761 1453 845 1503 Ego
862 1467 952 1491 vero
968 1454 1006 1490 in
1021 1453 1139 1499 bello,
1158 1459 1348 1504 quantum
1364 1451 1445 1489 fieri
1463 1452 1798 1503 potuit,-Arcadas

319 1521 358 1552 et
379 1521 530 1553 ceteros
554 1514 715 1552 Graecos
737 1521 876 1552 contra
904 1514 1128 1566 Philippum
1158 1515 1366 1560 concitavi,
1387 1527 1475 1551 cum
1496 1520 1626 1552 autern
1652 1522 1796 1552 morta-

317 1576 412 1613 lium
440 1589 554 1614 nemo
574 1576 799 1627 reipublicae
819 1589 934 1628 opem
963 1578 1091 1622 ferret,
1115 1577 1185 1614 sed
1210 1576 1273 1614 alii
1293 1582 1475 1614 eventum
1505 1575 1630 1614 otiose
1654 1590 1794 1628 exspe-

319 1645 482 1681 ctarent,
505 1638 568 1676 alii
587 1652 658 1676 nos
680 1649 966 1690 oppugnarent,
987 1640 1126 1677 urbani
1146 1645 1278 1677 autem
1299 1645 1470 1677 oratores
1491 1651 1539 1676 ex
1566 1638 1668 1676 bello
1697 1651 1795 1689 quo-

316 1701 465 1739 tidiano
481 1714 551 1739 suo
571 1701 679 1739 luxui
696 1708 874 1753 sumptus
896 1702 1207 1753 suppeditarent,
1228 1701 1375 1753 populo
1394 1714 1455 1738 me
1472 1700 1641 1739 suasisse
1657 1701 1796 1748 fateor,

317 1770 363 1800 ut
382 1776 470 1800 cum
492 1762 673 1814 Philippo
693 1763 1025 1810 reconciliaretur,
1046 1770 1086 1802 et
1112 1776 1250 1815 pacem
1265 1764 1465 1815 jungeret,
1485 1775 1602 1813 quam
1621 1768 1665 1800 tu
1690 1775 1795 1801 nunc

320 1832 472 1875 turpem
499 1825 712 1872 existimas,
742 1839 830 1863 cum
858 1839 965 1864 arma
994 1839 1196 1875 nunquam
1227 1825 1416 1876 attigeris.
1466 1824 1553 1875 Ego
1587 1837 1678 1862 vero
1708 1837 1794 1862 eam

319 1887 438 1937 longe
459 1886 722 1924 honestiorem
751 1887 855 1924 bello
884 1901 970 1925 esse
1000 1888 1162 1925 affirmo.
1213 1888 1315 1924 Sunt
1341 1892 1486 1932 autem,
1514 1885 1796 1933 Athenienses,

318 1947 441 1998 legati
457 1948 661 1998 spectandi
681 1961 729 1985 ex
749 1961 795 1985 eo
816 1955 1005 1998 tempore,
1021 1961 1098 1998 quo
1118 1948 1353 1997 legationem
1373 1947 1601 1986 obiverunt:
1633 1946 1754 1985 duces
1774 1960 1795 1984 e

321 2011 458 2061 copiis,
483 2011 625 2060 quibus
647 2022 735 2046 cum
756 2009 915 2059 imperio
934 2010 1188 2059 praefuerunt.
1225 2008 1379 2045 Etenim
1407 2015 1446 2046 et
1468 2015 1618 2046 statuas
1640 2009 1796 2060 erigitis,

321 2077 359 2110 et
374 2070 592 2123 principem
612 2070 740 2107 locum
760 2069 984 2120 assignatis,
1005 2077 1043 2107 et
1062 2082 1244 2114 coronas,
1267 2076 1306 2106 et
1325 2069 1471 2107 victum
1493 2069 1533 2106 in
1553 2070 1660 2108 curia
1679 2070 1798 2118 datis,

321 2146 399 2171 non
421 2132 464 2170 iis
486 2132 551 2182 qui
566 2144 705 2182 pacem
719 2131 997 2178 renunciarint,
1019 2131 1088 2168 sed
1109 2132 1153 2169 iis
1169 2131 1236 2182 qui
1250 2130 1384 2169 hostes
1405 2130 1540 2182 praelio
1561 2133 1794 2183 superarint.

323 2194 442 2237 Quod
467 2193 497 2232 si
519 2193 706 2230 bellorum
728 2193 897 2231 rationes
924 2206 946 2230 a
976 2193 1113 2244 legatis
1142 2200 1410 2244 reposcentur,
1436 2193 1599 2244 praemia
1631 2193 1796 2232 ducibus

318 2256 549 2300 tribuentur,
572 2254 762 2298 efficietis,
780 2254 945 2292 utnulla
960 2268 1133 2305 unquam
1154 2255 1258 2293 bella.
1276 2255 1337 2293 vel
1357 2254 1579 2293 humaniter
1599 2264 1795 2306 gerantur,

318 2317 378 2355 vel
399 2317 552 2367 placide
569 2324 862 2368 componantur.
894 2317 1023 2354 Nemo
1044 2317 1145 2354 enim
1164 2317 1317 2368 legatus
1336 2317 1391 2354 ire
1409 2317 1526 2355 volet.

375 2379 441 2416 26.
473 2378 590 2415 Nunc
611 2378 799 2429 reliquum
832 2385 906 2425 est,
926 2385 971 2416 ut
998 2378 1047 2415 de
1073 2379 1330 2429 Cersoblepte
1361 2385 1401 2417 et
1429 2378 1716 2426 Phocensibus,
1750 2391 1796 2419 ac

320 2440 459 2478 ceteris
494 2439 655 2490 objectis
685 2440 778 2476 mihi
805 2440 1029 2477 criminibus
1059 2440 1200 2478 dicam.
1251 2441 1350 2491 Ego,
1382 2439 1659 2487 Athenienses,
1689 2448 1729 2479 et
1756 2442 1795 2479 in

321 2501 447 2553 priore
478 2508 518 2538 et
536 2502 575 2538 in
594 2501 806 2551 posteriore
827 2500 1035 2551 legatione,
1059 2514 1147 2551 quae
1168 2501 1260 2549 vidi,
1287 2509 1330 2540 ut
1358 2501 1449 2549 vidi,
1469 2514 1557 2552 quae
1578 2501 1723 2547 audivi,
1753 2509 1796 2540 ut

322 2562 464 2610 audivi,
484 2562 722 2600 renunciavi.
754 2563 853 2606 Quae
873 2562 990 2612 igitur
1005 2562 1089 2600 haee
1110 2569 1276 2614 utraque
1296 2563 1468 2612 fuerunt,
1491 2576 1580 2614 quae
1600 2569 1638 2600 et
1658 2563 1736 2601 vidi
1756 2570 1798 2602 et

324 2624 454 2662 audivi
489 2624 537 2661 de
570 2623 849 2675 Cersoblepte?
888 2624 980 2662 Vidi
1010 2637 1097 2675 ego,
1127 2631 1166 2662 et
1199 2625 1318 2676 legati
1347 2638 1495 2672 omnes,
1527 2624 1796 2676 Cersobleptis

321 2684 456 2730 filium,
479 2684 654 2723 obsidem
683 2685 865 2736 Philippo
895 2685 1055 2723 datum:
1086 2686 1203 2737 idque
1229 2687 1346 2726 etiam
1369 2699 1474 2725 nunc
1505 2686 1560 2723 ita
1590 2699 1632 2725 se
1660 2686 1794 2725 habet.

323 2747 478 2785 Accidit
497 2754 640 2793 autem,
661 2747 752 2784 dum
780 2747 907 2798 priore
927 2747 1121 2798 legatione
1142 2748 1416 2799 fungebamur,
1437 2754 1481 2785 ut
1506 2760 1580 2798 ego
1599 2760 1688 2785 cum
1712 2748 1793 2786 col-

322 2808 421 2860 legis
440 2808 518 2846 hue
546 2808 721 2854 redirem,
756 2808 958 2860 Philippus
979 2817 1109 2848 autern
1134 2810 1173 2847 in
1193 2809 1399 2848 Thraciam
1430 2809 1696 2862 egrederetur,
1727 2811 1792 2861 qui

323 2870 526 2907 nobiscum
550 2870 778 2921 pepigisset,
809 2870 902 2911 dum
931 2884 999 2908 vos
1029 2871 1078 2909 de
1112 2883 1209 2923 pace
1239 2871 1521 2921 deliberaretis,
1553 2884 1594 2909 se
1622 2870 1793 2910 Cherso-

322 2943 460 2969 nesum
480 2932 595 2970 armis
616 2944 693 2969 non
715 2932 945 2972 invasurum.
989 2932 1061 2971 Illo
1080 2933 1196 2983 igitur
1215 2932 1291 2982 die,
1316 2946 1394 2984 quo
1413 2946 1482 2973 vos
1502 2944 1638 2985 pacem
1658 2932 1792 2972 decre-
