1915 3356
532 199 752 239 CONTRA
782 197 1170 238 THEOCRINEM.
1498 199 1574 235 759

122 301 260 339 onibus
296 302 494 352 praebeant
527 316 652 350 aures,
681 303 750 342 sed
781 303 824 340 iis
860 315 947 353 quae
981 301 1092 340 facile
1130 314 1264 340 omnes
1303 300 1577 352 assequamini.

124 363 251 407 Quare
283 363 494 415 perspicuis
527 365 652 403 verbis
687 365 742 403 sic
771 377 858 403 eum
887 364 1135 415 interrogate,
1150 370 1194 401 ut
1221 363 1396 402 omnibus
1415 363 1575 409 civibus,

120 423 222 463 hanc
242 424 486 472 delationem,
506 427 560 465 ita
578 427 631 464 uti
651 426 757 477 leges
778 425 989 477 postulant,
1003 426 1202 477 judicasse
1219 425 1446 464 videamini:
1483 425 1576 477 quid

120 487 191 533 ais,
205 487 432 531 Theocrine,
452 502 598 540 vosque
618 501 752 526 omnes
766 489 832 539 qui
853 488 985 525 iisdem
1002 488 1200 526 constricti
1216 488 1307 526 estis
1328 487 1575 526 criminibus?

123 549 228 587 Num
257 551 475 601 postulatis,
495 558 538 588 ut
569 550 635 602 qui
663 558 903 588 sacramento
927 550 1057 588 adacti
1090 563 1239 596 sumus,
1259 562 1331 587 nos
1363 550 1575 588 secundum

119 610 225 662 leges
244 612 578 664 pronunciaturos‚
596 619 752 663 propter
780 620 945 650 vestram
977 612 1238 664 eloquentiam
1257 618 1392 649 eontra
1419 612 1576 650 easdem

120 672 399 711 decernamus?
443 673 580 719 Nobis,
612 673 788 719 Judices,
820 680 859 711 et
897 674 1002 712 Mico
1033 673 1293 712 testimonium
1319 672 1427 717 dixit,
1462 686 1576 723 quern

120 734 353 772 Theocrines
380 734 588 774 indicatum
619 749 698 773 non
727 743 789 773 est
819 742 1062 787 persecutus,
1094 736 1287 786 istumque
1306 734 1507 785 coarguit:
1539 741 1579 772 et

119 796 245 833 scriba
264 796 406 836 fatetur
421 810 466 836 se
485 798 534 835 ab
553 797 627 835 isto
646 796 923 836 indicationem
939 798 1162 847 accepisse:
1183 804 1221 834 et
1241 796 1446 834 recitatum
1461 795 1579 847 paulo

118 864 205 895 ante
225 858 484 897 testimonium
511 859 625 898 istum
646 859 830 897 convicit:
861 865 901 896 et
929 859 1001 897 fori
1019 859 1136 896 etiam
1157 865 1368 903 curatores,
1387 871 1492 908 aegre
1525 858 1580 896 illi

116 919 288 969 quidem,
307 920 376 959 sed
407 928 535 959 tamen
564 921 699 958 eadem
719 933 807 971 quae
832 920 872 957 hi
890 919 1084 958 testificati
1105 925 1221 958 sunt:
1252 925 1291 957 et
1307 919 1373 970 qui
1402 919 1580 957 indicati-

115 993 231 1019 onem
259 983 497 1034 propositam
518 983 711 1029 viderunt,
742 981 885 1033 quique
915 981 965 1020 ad
993 988 1179 1034 praetores
1211 987 1471 1028 accesserunt,
1499 980 1579 1019 tale

117 1044 377 1083 testimonium
396 1046 543 1092 dieunt,
565 1046 681 1097 quale
702 1045 818 1097 paulo
838 1051 929 1084 ante
949 1045 1164 1098 audivistis.

172 1107 210 1144 7.
241 1107 344 1151 Quid
375 1107 491 1158 igitur
522 1108 602 1146 fieri
631 1114 748 1159 queat
768 1107 949 1159 iniquius,
967 1107 1145 1151 Judices‚
1166 1120 1282 1158 quam
1309 1108 1340 1145 si
1365 1107 1482 1145 istum
1509 1107 1577 1144 ab·

116 1168 335 1207 solveritis?
365 1170 448 1208 Nec
480 1171 582 1208 enim
611 1170 786 1222 profecto
815 1176 969 1221 propter
995 1182 1120 1208 mores
1152 1170 1219 1217 rei,
1241 1169 1436 1220 vitamque
1469 1174 1579 1206 ante-

114 1237 256 1277 actam,
277 1231 378 1270 falsa
402 1245 486 1270 esse
506 1233 588 1284 jam
608 1232 710 1271 lecta
736 1232 954 1271 testimonia
973 1232 1171 1284 putabitis.
1228 1232 1331 1271 Nam
1358 1232 1474 1270 talem
1494 1244 1579 1270 esse

117 1292 384 1340 Theocrinem,
404 1306 427 1332 e
447 1294 615 1333 moribus
646 1295 769 1333 multo
789 1294 925 1346 magis,
947 1307 1063 1345 quam
1090 1307 1137 1332 ex
1164 1293 1224 1332 his
1244 1307 1329 1345 quae
1348 1293 1455 1332 dicta
1474 1301 1578 1340 sunt,

115 1354 257 1394 elucet.
314 1355 420 1401 Quid
447 1356 549 1394 enim
567 1356 814 1408 praetermisit
834 1356 918 1402 iste,
940 1356 1045 1407 quod
1064 1355 1179 1395 homo
1197 1356 1393 1408 improbus
1413 1361 1453 1393 et
1471 1355 1579 1394 calu-

116 1417 283 1457 mniator
301 1418 428 1458 facere
453 1419 601 1471 possit?
631 1421 694 1458 An
722 1433 800 1458 non
827 1425 983 1471 propter
1009 1419 1120 1457 istius
1147 1418 1445 1471 improbitatem,
1464 1417 1580 1456 frater

117 1480 216 1532 ejuS,
244 1481 337 1520 dum
361 1482 490 1520 sexvir
509 1489 623 1529 esset,
652 1496 820 1534 cumque
847 1482 956 1520 istius
974 1482 1142 1521 consiliis
1161 1489 1347 1528 uteretur,
1368 1481 1457 1520 talis
1478 1481 1581 1533 apud

114 1554 186 1579 vos
205 1541 323 1581 homo
351 1542 455 1582 visus
481 1550 554 1590 est,
573 1550 618 1581 ut
637 1557 712 1582 non
738 1539 821 1595 ipse
839 1544 965 1581 solum
993 1544 1184 1595 repulsam
1206 1543 1340 1582 tulerit
1358 1542 1421 1582 die
1443 1542 1580 1582 suffra·

115 1604 294 1655 gationis,
329 1605 399 1644 sed
429 1611 468 1644 et
500 1606 722 1644 universum
758 1606 1026 1658 magistratum
1059 1607 1097 1644 in
1133 1606 1296 1645 eandem
1319 1606 1579 1644 calamitatem

114 1666 350 1718 conjecerit?
372 1667 448 1711 Qui
462 1668 536 1706 nisi
555 1675 747 1716 orassent,
764 1674 803 1707 et
821 1668 1121 1720 supplicassent,
1138 1681 1183 1706 ac
1198 1668 1453 1706 Theocrinem
1468 1680 1580 1706 acce-

115 1728 208 1767 dere
233 1729 284 1767 ad
304 1729 576 1780 magistratum
602 1730 751 1770 desisse
772 1731 978 1781 dixissent,
998 1744 1145 1782 vosque
1171 1730 1316 1782 placati
1344 1743 1505 1769 coronas
1526 1731 1580 1769 eis

114 1791 394 1838 restituimus,
415 1792 578 1844 collegae
596 1793 679 1845 ejus
699 1806 852 1832 summa
869 1793 1083 1845 ignominia
1102 1800 1236 1832 essent
1249 1792 1390 1831 affecti.
1439 1791 1579 1843 Neque

113 1865 205 1891 vero
224 1852 310 1891 ullis
328 1853 420 1892 mihi
440 1854 669 1892 testimoniis
692 1863 753 1893 est
771 1867 869 1907 opus
898 1855 1005 1907 apud
1024 1868 1110 1893 vos.
1168 1854 1283 1893 Scitis
1309 1855 1410 1893 enim
1430 1867 1581 1897 omnes,

114 1914 301 1963 sexviros,
320 1915 385 1967 qui
406 1915 569 1968 Lycisco
583 1923 746 1968 praetore
765 1916 932 1964 fuerunt,
948 1925 1105 1969 propter
1119 1916 1232 1955 istum
1253 1930 1276 1955 a
1296 1916 1440 1968 populo
1457 1915 1580 1954 fuisse

115 1977 365 2029 improbatos.
423 1977 575 2022 Quibus
605 1978 645 2016 in
675 1978 899 2017 memoriam
927 1978 1132 2026 revocatis,
1152 1978 1319 2017 eundem
1348 1978 1466 2016 istum
1495 1990 1580 2016 esse

115 2053 220 2078 nunc
241 2041 308 2091 qui
327 2047 409 2079 tum
428 2040 514 2089 fuit,
533 2040 751 2080 existimare
771 2041 936 2080 debetis.
985 2041 1142 2079 Deinde
1162 2054 1242 2079 non
1258 2041 1324 2078 diu
1339 2046 1431 2092 post
1449 2041 1578 2092 repul-

115 2114 214 2148 sam,
245 2102 363 2141 fratre
394 2104 479 2153 ejus
507 2103 678 2142 violenta
706 2110 830 2141 morte
861 2109 1075 2155 perempto,
1106 2103 1178 2142 iste
1205 2103 1259 2140 ita
1284 2115 1324 2140 se
1349 2115 1441 2153 erga
1467 2101 1578 2140 illum

116 2165 250 2217 gessit,
271 2171 314 2203 ut
331 2171 371 2204 et
403 2179 470 2204 eos
495 2166 562 2217 qui
587 2165 735 2204 caedem
760 2166 935 2205 fecerant
955 2165 1162 2217 quaesierit,
1195 2171 1234 2203 et
1265 2170 1484 2215 compertos
1513 2177 1579 2202 ac-

114 2233 228 2278 cepta
244 2227 411 2279 pecunia
428 2227 628 2266 dimiserit.
684 2228 743 2266 Ac
761 2228 1031 2279 magistratum
1052 2227 1208 2279 quidem
1227 2240 1305 2278 quo
1324 2226 1388 2265 ille
1408 2226 1578 2277 fungens

115 2289 333 2341 (sacrificus
365 2296 494 2328 autem
521 2289 660 2340 fuerat)
679 2290 877 2335 occubuit,
905 2296 1041 2328 contra
1068 2289 1175 2340 leges
1195 2288 1268 2327 iste
1296 2288 1430 2340 gessit,
1450 2299 1576 2339 neque

114 2350 314 2390 sortitione
347 2351 465 2398 facta,
497 2365 623 2403 neque
651 2352 945 2391 subsortitione:
976 2351 1077 2389 illius
1097 2364 1188 2389 vero
1220 2364 1355 2389 casum
1383 2349 1576 2388 hactenus

113 2413 271 2465 indigne
284 2413 439 2460 tulit‚ut
452 2413 595 2465 passim
612 2415 871 2465 quiritaretur,
888 2426 1007 2465 seque
1029 2413 1315 2452 Democharem
1331 2411 1435 2464 apud
1453 2412 1576 2450 Areo-

112 2488 256 2527 pagum
287 2475 507 2514 delaturum
534 2477 789 2528 profiteretur,
823 2475 950 2514 donec
982 2489 1071 2513 cum
1098 2475 1158 2523 iis,
1191 2475 1331 2527 quibus
1366 2487 1412 2512 ea
1449 2473 1577 2512 caedes

114 2537 261 2576 crimini
293 2537 471 2583 dabatur,
504 2538 771 2590 transegisset,
791 2539 967 2577 bonusne
995 2538 1052 2576 vir
1079 2545 1152 2584 est,
1174 2545 1213 2577 et
1241 2537 1389 2576 alienus
1420 2537 1468 2574 ab
1488 2548 1577 2573 ava-

114 2598 226 2638 ritia?
275 2600 360 2639 Nec
379 2600 462 2652 ipse
483 2600 613 2639 dicere
632 2608 761 2652 queat.
806 2601 892 2639 Nec
917 2600 1019 2639 enim
1048 2600 1082 2639 ei
1105 2607 1181 2638 tam
1203 2599 1347 2637 multisv
1366 2611 1451 2636 esse
1479 2610 1577 2649 opus

115 2669 291 2714 oportere
311 2662 460 2709 dicunt,
483 2664 547 2716 qui
571 2664 678 2716 juste
710 2670 750 2701 et
777 2663 977 2702 moderate
998 2661 1277 2715 nempublieam
1299 2661 1349 2699 sit
1368 2667 1548 2712 gesturus
1568 2673 1577 2696 ς

115 2724 186 2763 sed
206 2737 253 2764 ea
269 2725 400 2764 omnia
425 2739 540 2778 posse
561 2732 811 2766 contemnere
836 2732 994 2778 propter
1013 2739 1101 2777 quae
1132 2724 1357 2776 largitiones
1377 2722 1415 2759 in
1437 2728 1577 2760 semet-

112 2784 217 2837 ipsos
237 2787 449 2826 insumant.

167 2849 207 2887 8.
229 2849 286 2888 Ac
299 2863 386 2902 quae
405 2851 454 2889 de
474 2851 590 2889 fratre
612 2864 683 2888 suo
704 2852 796 2902 egit,
816 2851 902 2889 haec
923 2858 1013 2888 sunt
1032 2863 1040 2888 :
1061 2862 1148 2900 quae
1170 2861 1274 2891 vero,
1295 2855 1503 2898 postquam
1526 2847 1576 2885 ad

115 2911 389 2962 rempublicam
423 2912 603 2957 accessit,
625 2911 1126 2963 administrarit—proxime
1160 2910 1261 2948 enim
1296 2917 1333 2947 et
1361 2908 1575 2947 secundum
