1948 3306
351 184 429 220 672
792 181 847 218 IN
879 180 1353 220 OLY'MPIODORUM.

346 285 510 324 alteras:
541 292 580 323 et
599 284 683 324 haec
699 292 792 324 sunt
809 298 896 336 quae
916 292 1075 336 uterque
1093 291 1269 323 nostrum
1285 283 1433 323 habuit.
1490 283 1537 323 In
1557 290 1667 336 parte
1682 290 1812 324 autem

347 347 616 400 Olympiodori
635 361 736 387 unus
757 348 828 386 fuit
848 361 869 386 e
889 347 1136 399 seplasiariis,
1157 361 1272 399 quem
1295 347 1366 386 sibi
1384 346 1611 386 fidissimum
1637 360 1723 387 esse
1740 361 1813 400 pun

345 411 455 448 tabat
485 410 648 449 Conon:
679 424 821 449 nomen
841 410 986 449 homini
1005 417 1065 448 est
1087 410 1283 449 Moschio.
1342 411 1379 448 Is
1408 409 1577 449 famulus
1594 416 1707 449 norat
1725 423 1814 449 cum

346 480 488 510 caetera
508 473 588 511 fere
609 473 779 511 Cononis
799 472 942 517 omnia,
955 479 1037 509 tum
1056 471 1122 509 ubi
1140 473 1351 522 repositum
1370 478 1578 522 argentum
1591 478 1697 510 esset
1711 472 1816 524 quod

345 533 450 572 domi
468 533 659 573 habuerat
678 535 830 573 Conon.
870 535 931 572 Ac
953 534 1120 572 latuerat
1139 547 1234 572 sane
1252 534 1454 573 Cononem
1475 541 1666 585 provectae
1685 535 1814 572 aetatis

346 595 538 634 hominem
560 604 599 635 et
620 597 684 647 qui
719 596 835 634 fidem
866 595 920 633 illi
941 595 1115 642 baberet,
1134 595 1243 634 illum
1270 609 1424 634 servum
1448 595 1727 635 Moschionem
1748 609 1826 648 pe-x

345 658 499 696 cuniam
538 658 727 697 suffurari.
798 658 971 696 Primum
1004 657 1122 709 igitur
1156 658 1191 696 ei
1230 659 1442 697 sustulerat
1471 658 1576 696 mille
1612 657 1816 697 drachmas

345 720 503 759 seorsim
522 721 668 771 positas
689 734 711 758 a
739 720 897 772 reliquis
918 721 1098 766 nummis,
1120 720 1261 759 deinde
1281 721 1376 760 alias
1395 721 1647 772 septuaginta
1667 720 1789 758 minas
1807 734 1816 759 ε

344 790 384 819 et
402 782 488 820 haec
507 782 592 833 ejus
619 782 798 822 facinora
817 783 954 821 Conon
976 782 1083 820 haud
1099 782 1443 827 animadverterat;
1473 783 1590 834 idque
1612 789 1818 834 argentum

346 857 461 882 omne
481 844 598 882 homo
617 845 656 882 in
683 852 818 897 suapte
849 851 1044 897 potestate
1068 844 1252 883 habebat.
1307 845 1399 883 Non
1419 845 1540 883 multo
1561 851 1691 883 autem
1718 852 1817 896 post,

346 906 366 943 J
374 905 524 952 udices,
547 919 664 958 quam
685 919 755 945 nos
784 908 888 945 bona
907 907 1169 952 diviseramus,
1190 913 1274 945 orta
1293 913 1354 946 est
1372 907 1543 959 suspicio
1570 907 1752 958 quaedam
1769 907 1819 945 de

347 967 415 1005 illo
450 968 605 1006 homine
640 981 780 1020 resque
813 969 1067 1007 animadverti
1095 968 1226 1020 coepit.
1282 968 1342 1006 Ex
1373 982 1420 1007 ea
1447 968 1665 1021 suspicione
1694 968 1819 1006 visum

347 1029 440 1067 mihi
461 1029 534 1068 fuit
567 1037 608 1068 et
628 1030 909 1083 Olympiodoro
929 1031 1184 1082 quaestionem
1210 1043 1295 1069 esse
1322 1030 1371 1069 de
1402 1031 1556 1069 homine
1583 1030 1820 1068 habendam.

345 1093 445 1131 Turn
463 1094 595 1141 homo,
615 1094 787 1140 Judices,
816 1095 901 1146 ipse
927 1095 976 1133 de
1004 1108 1045 1133 se
1074 1094 1260 1133 indicium
1289 1093 1382 1133 fecit
1410 1094 1638 1146 priusquam
1664 1100 1820 1144 torque-

345 1163 463 1203 retur,
485 1157 651 1194 se'mille
678 1156 885 1196 drachmas
914 1157 1070 1195 Cononi
1097 1155 1342 1209 surripuisse,
1368 1163 1408 1194 et
1426 1156 1531 1208 apud
1550 1169 1593 1194 se
1615 1169 1702 1195 esse
1722 1155 1821 1194 dixit

346 1218 534 1269 quicquid
567 1227 841 1270 consumptum
873 1231 949 1257 non
979 1226 1111 1257 esset:
1141 1218 1190 1257 de
1221 1219 1366 1269 majore
1394 1224 1524 1256 autem
1548 1217 1727 1269 pecuniae
1749 1230 1820 1254 nu-

344 1293 450 1318 mero
471 1289 553 1318 tum
572 1280 728 1319 omnino
751 1280 884 1319 tacuit.
934 1281 984 1319 Et
1004 1281 1209 1319 drachmas
1230 1281 1382 1319 circiter
1404 1286 1609 1318 sexcentas
1637 1278 1821 1318 reddidit.

346 1341 475 1393 Hujus
507 1342 687 1393 pecunia,
718 1350 762 1380 ut
782 1355 851 1394 pro
873 1342 966 1380 data
993 1350 1128 1381 mutuo
1155 1342 1232 1380 fide
1259 1350 1299 1380 et
1323 1355 1371 1381 ex
1398 1341 1522 1393 pactis
1542 1340 1649 1393 apud
1667 1340 1821 1378 Andro-

343 1404 485 1442 clidem
506 1404 602 1450 sitis,
623 1411 668 1442 ut
695 1411 734 1443 et
755 1405 904 1456 justum
926 1412 966 1442 et
984 1418 1137 1456 aequum
1154 1411 1250 1451 erat,
1277 1403 1477 1442 semissem
1497 1415 1572 1454 ego
1590 1403 1740 1454 accepi,
1761 1415 1820 1440 se-

344 1466 500 1504 missem
517 1466 835 1518 Olympiodorus.
1170 1460 1181 1465 ’

397 1531 437 1566 4.
468 1529 557 1566 Non
580 1529 700 1567 multo
726 1536 816 1580 post
837 1541 885 1566 ex
906 1542 952 1566 ea
972 1528 1193 1580 suspicione
1221 1526 1271 1579 de
1291 1540 1404 1566 servo
1424 1528 1464 1565 et
1483 1526 1652 1578 pecunia
1670 1525 1819 1564 reddita

344 1590 464 1629 vinxit
496 1590 690 1628 hominem
713 1598 751 1629 et
782 1590 895 1630 torsit
920 1591 1005 1642 ipse
1026 1590 1148 1636 solus,
1179 1591 1289 1629 nobis
1315 1603 1394 1628 non
1420 1588 1635 1637 accersitis,
1654 1602 1741 1627 cum
1755 1591 1820 1637 ju-

344 1659 470 1690 rasset
496 1653 754 1691 communiter
783 1665 823 1690 se
849 1653 1102 1704 quaesiturum
1131 1659 1172 1691 et
1200 1659 1376 1691 acturum
1399 1664 1485 1690 esse
1505 1664 1656 1690 mecum
1677 1650 1821 1690 omnia.

347 1717 451 1754 Tum
473 1717 589 1755 homo
605 1717 798 1755 contentis
818 1716 985 1755 fidiculis
1006 1716 1212 1755 confessus
1231 1722 1300 1761 est,
1321 1716 1498 1761 Judices,
1524 1729 1566 1754 se
1592 1722 1633 1754 et
1663 1721 1822 1766 septua-

344 1779 453 1830 ginta
485 1779 612 1818 minas
644 1779 800 1824 habere,
837 1778 990 1818 Cononi
1025 1786 1247 1831 surreptas:
1283 1791 1400 1830 quam
1434 1777 1636 1829 pecuniam
1666 1790 1822 1816 omnem

345 1840 628 1893 Olympiodoro
643 1840 827 1879 restituit.
863 1841 948 1891 Ego
966 1853 1071 1886 vero,
1086 1841 1261 1886 Judices,
1277 1840 1351 1878 hac
1371 1853 1411 1878 re
1433 1839 1577 1885 audita,
1590 1838 1708 1877 istum
1729 1838 1823 1876 mihi

345 1903 561 1950 semissem,
582 1903 682 1940 sicut
701 1903 807 1953 prius
832 1902 951 1941 etiam
975 1902 1023 1940 de
1049 1903 1153 1941 mille
1181 1901 1375 1940 drachmis
1399 1902 1561 1948 fecerat,
1580 1900 1823 1939 redditurum

344 1965 543 2015 putabam.
591 1965 647 2002 Ac
668 1964 857 2016 principio
877 1977 954 2002 non
974 1964 1088 2003 valde
1108 1977 1201 2002 sane
1223 1964 1257 2003 ei
1278 1963 1484 2010 instabam,
1499 1963 1724 2002 existimans
1741 1962 1823 2000 fore

345 2032 387 2064 ut
417 2026 500 2078 ipse
526 2026 575 2064 de
607 2040 646 2064 re
668 2033 853 2065 statueret
879 2040 924 2065 ac
952 2026 1023 2064 sibi
1057 2026 1226 2077 mihique
1252 2026 1307 2064 ita
1325 2027 1577 2078 prospiceret,
1596 2031 1642 2064 ut
1670 2024 1822 2075 utrique

345 2089 540 2138 suumjus
573 2087 804 2127 redderetur
830 2102 877 2126 ex
904 2089 1159 2140 jurejurando
1184 2097 1222 2127 et
1244 2088 1370 2140 pactis
1402 2089 1503 2126 inter
1533 2100 1606 2126 nos
1636 2086 1751 2125 factis
1772 2086 1822 2124 de

345 2150 487 2200 aequali
521 2149 791 2187 distributione
822 2163 955 2187 eorum
982 2150 1152 2187 omnium
1185 2164 1273 2200 quae
1299 2150 1437 2188 Conon
1462 2148 1704 2199 reliquisset:
1734 2161 1822 2185 cum

347 2225 434 2250 vero
450 2225 577 2250 moras
597 2212 857 2263 interponeret
878 2211 1055 2263 nihilque
1074 2210 1626 2264 p1·aestaret‚Olympiodorum
1646 2210 1822 2262 alloquor

346 2282 385 2312 et
403 2287 528 2312 meam
548 2274 639 2311 mihi
661 2273 769 2311 reddi
790 2282 938 2325 partem
955 2274 1126 2326 postulo,
1143 2275 1175 2313 is
1197 2282 1326 2313 autem
1347 2286 1498 2325 semper
1517 2279 1734 2324 praetexere
1753 2271 1822 2310 ali-

344 2335 438 2386 quid
455 2343 494 2372 et
514 2348 641 2373 moras
663 2342 834 2373 nectere.

399 2399 437 2433 5.
468 2396 625 2434 Interim
646 2404 685 2434 et
715 2396 777 2434 alii
799 2396 955 2447 quidam
977 2396 1015 2434 in
1036 2397 1208 2436 Cononis
1227 2396 1492 2436 haereditatem
1512 2402 1648 2448 agunt,
1670 2402 1710 2434 et
1729 2395 1820 2433 Cal-

345 2458 488 2509 lippus,
509 2459 625 2496 frater
647 2471 754 2496 meus
775 2472 996 2509 germanus,
1026 2472 1188 2510 peregre
1217 2459 1377 2497 domum
1408 2471 1582 2497 reversus
1610 2457 1740 2496 statim
1761 2471 1823 2495 se-

345 2520 503 2558 missem
529 2520 770 2559 haereditatis
798 2520 920 2572 petit:
951 2534 1040 2572 quae
1059 2527 1141 2558 tum
1163 2521 1444 2573 Olympiodoro
1465 2532 1589 2559 causa
1608 2519 1683 2558 fuit
1701 2531 1822 2571 pecu-

344 2582 419 2620 niae
438 2582 532 2620 mihi
550 2596 628 2620 non
647 2583 872 2629 reddendae,
893 2582 999 2634 quod
1019 2583 1130 2621 multi
1151 2591 1283 2622 essent
1297 2583 1363 2635 qui
1388 2583 1500 2622 nobis
1519 2580 1822 2620 controversiam

345 2644 533 2683 facerent.
591 2645 662 2683 Me
692 2645 810 2696 igitur
842 2652 1075 2696 exspectare
1107 2652 1285 2696 oportere
1320 2645 1493 2691 dicebat,
1519 2643 1644 2681 donec
1670 2642 1824 2692 judicia

346 2706 451 2744 facta
469 2713 626 2745 essent:
656 2706 748 2744 mihi
768 2720 860 2744 vero
880 2719 1042 2744 necesse
1062 2714 1144 2745 erat
1162 2720 1206 2745 ea
1226 2706 1456 2751 concedere,
1472 2705 1666 2744 concessi.
1725 2704 1824 2743 Post

345 2767 430 2806 haec
449 2769 540 2806 mihi
563 2776 602 2807 et
622 2769 904 2821 Olympiodoro
933 2769 1204 2815 communiter,
1224 2775 1267 2806 ut
1290 2768 1573 2820 juraveramus‚
1605 2767 1823 2806 deliberan-

345 2830 460 2876 tibus,
480 2845 557 2882 qua
587 2831 737 2870 ratione
770 2832 913 2882 optime
944 2831 1212 2882 tutissimeque
1241 2830 1472 2870 adversariis
1500 2830 1653 2869 occurri
1675 2840 1822 2883 posset,

345 2892 471 2930 visum
498 2902 571 2939 est,
591 2894 767 2940 Judices,
790 2893 1115 2946 Olympiodorum
1143 2901 1266 2932 totam
1293 2893 1365 2932 sibi
1394 2893 1664 2932 haereditatem
1686 2892 1820 2932 vendi-

347 2968 449 2999 care,
463 2969 523 2992 me
540 2969 630 2994 vero
653 2956 741 2993 mihi
763 2957 965 2995 semissem
983 2963 1160 3006 oportere
1180 2969 1189 2993 ε
1219 2955 1538 3006 quandoquidem
1558 2961 1596 2994 et
1617 2954 1820 3006 Callippus
