1948 3306
376 173 452 208 722
832 170 1061 211 CONTRA
1092 171 1381 210 CONONEM.

369 275 594 313 cederetur:
626 282 665 313 et
695 275 833 314 horum
860 276 1047 328 cujusque
1072 275 1224 327 legibus
1254 275 1413 315 definita
1438 283 1530 315 sunt
1555 277 1756 330 supplicia,
1775 292 1826 318 ne

369 350 416 375 ea
433 336 603 388 cujusvis
634 337 832 376 iracundia
850 344 917 377 aut
938 338 1123 377 arbitratu
1145 337 1425 390 judicarentur.
1483 339 1533 377 Et
1557 339 1643 379 haec
1669 339 1827 392 quidem

369 399 582 438 constituta
614 406 704 438 sunt
735 400 914 451 legibus:
951 407 992 438 at
1025 399 1057 438 si
1095 400 1232 439 Conon
1267 399 1417 447 dixerit,
1447 400 1569 452 priapi
1591 413 1722 440 sumus
1756 414 1827 441 nos

369 460 527 513 quidam
549 461 792 513 congregati,
821 467 860 500 ct
878 469 1084 510 amatores,
1109 469 1149 501 et
1168 475 1264 514 quos
1286 462 1397 501 nobis
1415 461 1540 501 visum
1566 469 1626 501 est
1649 464 1828 503 verbera-

368 536 455 562 mus
476 530 515 563 et
528 524 769 576 jugulamus,
791 537 859 562 vos
880 537 947 562 eos
970 537 1058 562 cum
1080 524 1157 562 risu
1176 523 1413 564 absolvetis?
1449 524 1545 564 Non
1564 537 1656 563 sane
1678 524 1829 576 opinor.

370 585 510 637 Neque
535 587 637 625 enim
660 593 827 625 vestrum
848 586 1029 637 cuiquam
1048 585 1170 625 ridere
1190 586 1382 634 libuisset,
1403 586 1435 625 si
1450 599 1622 638 praesens
1643 585 1830 634 affuisset,

368 660 456 686 cum
478 648 649 686 traherer
668 655 707 686 et
725 660 909 686 exsuerer
924 655 962 686 et
982 648 1228 687 contumeliis
1250 649 1438 696 afficerer,
1458 656 1498 687 et
1516 660 1633 687 sanus
1649 640 1838 700 egressus¹

368 708 525 748 domurn
559 716 798 762 reportarem
831 717 872 748 et
901 716 1025 749 mater
1050 723 1136 749 mea
1161 717 1250 762 post
1282 711 1466 759 exsiliret,
1487 717 1528 750 et
1558 716 1691 749 tantus
1726 718 1829 751 esset

367 772 471 823 apud
493 786 564 812 nos
588 773 734 812 clamor
759 780 798 811 et
822 773 951 811 luctus
977 773 1196 820 mulierum,
1218 773 1379 825 perinde
1411 787 1456 813 ac
1490 773 1522 812 si
1553 773 1640 825 quis
1659 773 1830 819 obiisset,

366 834 467 873 adeo
487 841 527 872 ut
546 842 586 873 et
604 836 816 874 vicinorum
837 835 995 888 quidam
1019 835 1069 874 ad
1098 849 1168 875 nos
1197 837 1407 881 mitterent,
1428 836 1494 888 qui
1511 842 1830 888 percontarentur

367 898 459 948 quid
478 899 587 937 nobis
609 899 830 938 accidisset.
1158 946 1173 955 ..

422 962 460 998 8.
491 961 611 999 Nullo
638 967 741 1000 certe
772 961 904 1007 modo,
923 960 1097 1007 Judioes,
1119 961 1231 1000 decet
1262 961 1443 1013 cuiquam
1469 961 1549 1001 ulla
1567 961 1616 1000 de
1633 973 1755 1000 causa
1773 961 1830 1000 fa-

367 1022 554 1061 cultatem
580 1031 618 1062 et
650 1024 843 1063 licentiam
876 1023 958 1063 dari
985 1037 1008 1063 a
1030 1024 1140 1062 vobis
1161 1024 1317 1075 impune
1337 1036 1407 1076 pro
1437 1023 1595 1063 libidine
1622 1036 1693 1062 sua
1721 1036 1830 1075 gras-

366 1084 504 1123 sandi:
536 1086 595 1124 sin
619 1086 688 1124 ulli
718 1087 831 1125 venia
850 1086 983 1125 danda
1002 1093 1077 1134 est,
1096 1086 1155 1133 iis,
1176 1086 1241 1138 qui
1259 1092 1414 1138 propter
1433 1092 1587 1125 aetatem
1607 1094 1675 1125 aut
1697 1085 1830 1124 adole-

366 1147 554 1185 scentiam
582 1148 661 1187 tale
695 1149 788 1200 quid
819 1156 955 1201 agunt,
974 1162 1022 1187 ea
1050 1148 1235 1200 confugia
1257 1148 1492 1188 reservanda
1510 1154 1615 1194 sunt,
1634 1155 1750 1199 atque
1769 1146 1830 1185 his

365 1208 458 1260 ipsis
487 1222 566 1248 non
595 1211 646 1249 ad
669 1211 952 1262 impunitatem,
980 1210 1049 1250 sed
1083 1210 1133 1250 ad
1160 1209 1346 1262 legitimae
1375 1224 1503 1262 poenae
1532 1209 1827 1262 mitigationem.

366 1271 442 1315 Qui
464 1280 593 1312 autem
609 1274 942 1325 quinquagenario
961 1273 1079 1326 major
1098 1273 1318 1311 hominibus
1329 1272 1547 1325 junioribus
1567 1272 1694 1318 adest,
1708 1270 1830 1322 iisque

364 1333 462 1380 filiis,
483 1348 551 1374 eos
583 1342 711 1387 autem
745 1336 845 1375 adeo
879 1349 958 1375 non
987 1335 1153 1375 deterret
1180 1342 1249 1374 aut
1280 1335 1470 1386 prohibet,
1498 1341 1544 1372 ut
1574 1334 1654 1386 ipse
1682 1333 1765 1371 dux
1791 1338 1831 1371 et

364 1402 500 1434 auctor
519 1404 558 1434 et
576 1398 749 1435 omnium
770 1396 1082 1436 vaecordissimus
1101 1397 1164 1441 sit,
1184 1409 1262 1445 quo
1276 1396 1349 1434 iste
1368 1396 1487 1448 digno
1505 1395 1619 1434 sactis
1640 1394 1720 1433 suis
1736 1407 1829 1445 sup·

364 1456 477 1508 plicio
496 1457 714 1496 afficietur?
759 1457 949 1508 Equidem
984 1457 1014 1494 si
1039 1456 1303 1503 interficiatur,
1322 1456 1498 1494 nondum
1521 1458 1647 1509 justas
1671 1456 1830 1496 dedisse

364 1532 502 1569 poenas
522 1519 716 1557 existimo.
774 1519 929 1557 Etenim
958 1517 989 1556 si
1019 1517 1114 1556 nihil
1135 1517 1216 1569 ipse
1235 1517 1506 1565 commisisset,
1529 1518 1598 1556 sed
1618 1517 1665 1566 si,
1694 1531 1740 1556 eo
1760 1519 1829 1557 ad—

365 1587 505 1626 stante,
527 1580 680 1619 Ctesias
699 1581 799 1618 filius
819 1580 901 1632 ejus
921 1593 981 1625 ea,
1003 1592 1091 1631 quae
1109 1592 1215 1618 nunc
1232 1579 1336 1626 fecit,
1351 1579 1602 1632 designasset,
1621 1593 1708 1619 eum
1717 1580 1829 1632 justo

364 1642 453 1680 odio
469 1642 812 1694 prosequeremini.
871 1641 913 1680 Si
932 1641 1035 1680 enim
1063 1641 1120 1680 sic
1138 1641 1348 1681 educasset
1366 1641 1466 1681 filios
1485 1655 1590 1688 suos,
1616 1649 1661 1680 ut
1678 1642 1719 1681 in
1736 1655 1829 1681 con«

362 1712 501 1757 spectu
533 1709 615 1755 ejus
657 1704 899 1744 committere
931 1717 978 1743 ea
1013 1703 1242 1756 praesertim,
1273 1717 1439 1756 quorum
1479 1704 1668 1744 nonnulla
1701 1704 1828 1757 capite

364 1769 515 1808 sancita
531 1774 635 1815 sunt,
651 1781 775 1819 neque
791 1767 971 1805 timerent
990 1779 1116 1818 neque
1136 1767 1422 1815 erubescerent,
1441 1779 1556 1818 quam
1575 1779 1732 1819 poenam
1752 1781 1830 1806 non

363 1831 549 1870 meruisse
588 1829 842 1869 existimatis?
904 1829 990 1880 Ego
1016 1828 1116 1867 enim
1147 1828 1237 1869 inde
1270 1829 1412 1880 colligo
1438 1842 1488 1867 ne
1520 1829 1634 1868 istum
1669 1829 1827 1880 quidem

365 1906 478 1932 suum
508 1893 673 1932 coluisse
693 1899 855 1944 patrem.
913 1892 1014 1930 Nam
1035 1891 1067 1930 si
1095 1904 1183 1930 eum
1215 1892 1297 1944 ipse
1323 1892 1507 1931 coluisset
1538 1905 1584 1931 ac
1609 1893 1825 1938 metuisset,

364 1954 465 1993 idem
485 1961 524 1994 et
542 1956 590 1994 ab
620 1955 704 1994 istis
724 1955 795 1993 sibi
813 1953 930 1992 tribui
949 1953 1176 2004 postularet.

418 2018 453 2055 9.
479 2018 586 2070 Cape
605 2018 731 2069 legem
753 2017 802 2055 de
819 2015 1066 2062 contumelia,
1087 2023 1125 2054 et
1145 2016 1305 2054 alteram
1324 2017 1374 2055 de
1394 2016 1674 2068 grassatoribus
1691 2031 1699 2056 :
1729 2017 1826 2057 istos

363 2080 465 2119 enim
486 2080 525 2118 in
545 2079 681 2118 harum
700 2085 905 2130 utramque
925 2077 1164 2117 commisisse
1184 2077 1376 2117 videbitis.

1038 2190 1161 2228 LEX.

363 2271 436 2310 His
462 2272 613 2323 legibus
633 2271 805 2323 utrisque
826 2270 965 2309 Conon
995 2268 1076 2307 suis
1099 2267 1184 2307 istis
1212 2267 1326 2307 factis
1346 2272 1517 2306 tenetur:
1548 2278 1638 2307 nam
1663 2275 1702 2308 et
1729 2281 1823 2308 con-

362 2333 557 2372 tumeliam
576 2334 684 2380 fecit,
717 2339 757 2372 et
774 2332 945 2372 vestibus
965 2330 1155 2383 spoliavit.
1212 2330 1321 2375 Quas
1344 2330 1377 2368 si
1406 2329 1446 2368 in
1475 2328 1710 2369 ulciscendis
1740 2332 1822 2372 istis

363 2407 547 2447 usurpare
565 2393 771 2440 noluimus,
790 2400 830 2432 et
859 2405 929 2431 nos
959 2392 1136 2431 homines
1163 2390 1283 2443 quieti
1302 2390 1547 2442 modestique
1566 2390 1688 2431 videri
1706 2392 1824 2432 debe-

361 2469 462 2503 mus,
483 2463 522 2496 et
539 2456 613 2495 iste
632 2469 744 2507 aeque
763 2455 977 2507 improbus.
1034 2454 1152 2497 Quod
1181 2453 1212 2492 si
1231 2453 1326 2504 quid
1344 2452 1436 2491 mihi
1461 2452 1681 2501 accidisset,
1702 2455 1822 2494 caedis

361 2527 400 2558 et
417 2518 730 2571 gravissimarum
749 2530 948 2570 poenarum
970 2522 1077 2555 esset
1095 2529 1194 2555 reus.
1243 2515 1467 2554 Brauroniae
1486 2522 1588 2555 certe
1610 2517 1823 2556 sacerdotis

360 2588 523 2634 patrem,
544 2582 610 2633 qui
636 2587 682 2619 ut
709 2580 748 2619 in
766 2580 949 2619 confesso
967 2579 1043 2618 fuit
1063 2579 1146 2630 ipse
1174 2578 1418 2618 interfectum
1437 2591 1516 2617 non
1536 2578 1730 2630 attigerat,
1752 2580 1822 2619 sed

359 2645 643 2684 interfectorem
658 2643 884 2682 cohortatus
902 2643 1029 2681 fuerat
1047 2648 1090 2681 ut
1108 2641 1288 2689 caederet,
1299 2641 1401 2694 ejicit
1418 2641 1458 2679 in
1477 2641 1657 2680 exsilium
1665 2649 1821 2682 senatus

359 2720 407 2746 ex
420 2707 640 2759 Areopago.
657 2705 813 2744 Merito.
836 2705 878 2743 Si
897 2705 999 2743 enim
1014 2704 1038 2742 ii
1058 2704 1124 2756 qui
1144 2703 1289 2743 adsunt
1302 2702 1401 2741 adeo
1413 2715 1491 2741 non
1509 2703 1717 2756 prohibent
1736 2718 1819 2755 eos,

359 2769 425 2821 qui
445 2769 506 2807 vel
524 2782 594 2820 per
613 2768 838 2807 ebrietatem
857 2767 918 2805 vel
944 2780 992 2806 ex
1020 2765 1220 2805 iracundia
1238 2764 1300 2803 vel
1320 2764 1395 2803 alia
1421 2765 1600 2817 quapiam
1626 2766 1677 2804 de
1698 2780 1822 2806 causa

358 2843 522 2881 peccare
542 2830 761 2877 instituunt,
780 2835 826 2867 ut
843 2828 912 2880 ipsi
930 2829 1047 2867 etiam
1064 2828 1238 2874 incitent,
1259 2827 1367 2865 nulla
1387 2840 1476 2878 spes
1492 2827 1626 2866 salutis
1643 2835 1820 2880 superest

357 2892 391 2930 ei
410 2893 474 2943 qui
499 2892 538 2931 in
563 2892 738 2931 homines
768 2891 990 2944 petulantes
1022 2889 1215 2935 inciderit,
1235 2888 1305 2928 sed
1333 2888 1479 2927 tamdiu
1506 2902 1638 2928 eorum
1658 2891 1819 2929 ferenda

357 2955 583 3005 protervitas
602 2953 685 3000 erit,
706 2952 799 2991 dum
819 2952 891 3005 ipsi
912 2952 1175 3004 defatigentur
1192 2964 1201 2989 :
1231 2950 1269 2990 id
1289 2950 1395 3002 quod
1418 2950 1510 2989 mihi
1530 2950 1682 2990 accidit.

1940 2969 1948 3075 .—-—
1943 2835 1948 2952 .--..-,-
1944 2795 1948 2804 -
