1965 3356
540 183 836 222 ADVERSUS
869 185 1181 223 POLYCLEM.
1520 187 1597 224 699

128 294 220 333 dere
238 297 418 343 sumptus
439 303 462 329 a
482 302 543 329 me
561 290 672 329 finito
688 291 931 342 praefecturae
950 294 1125 340 tempore
1146 290 1287 336 factos,
1296 290 1430 341 jubeo,
1447 302 1497 328 ne
1513 302 1601 340 spe-

125 354 226 393 ciem
245 353 484 392 defensionis
509 352 672 391 haberet
699 350 806 403 apud
825 363 907 397 VOS,
927 363 990 388 me
1008 356 1220 402 propterea
1248 364 1387 389 navem
1407 350 1481 390 sibi
1507 350 1602 389 dare

125 405 311 462 noluisse,
332 421 378 453 ut
407 429 477 467 per
504 414 753 453 ambitionem
778 426 876 451 nave
903 413 1005 451 bene
1031 413 1223 451 instructa
1243 412 1402 451 domum
1423 413 1605 459 redirem,

124 483 166 516 et
191 478 297 529 apud
314 491 384 517 vos
411 485 587 528 sumptus
613 482 867 515 ostentarem.
925 476 1054 517 Quam
1085 488 1174 513 cum
1207 488 1280 513 nec
1307 475 1391 526 ipse
1426 475 1605 527 accipere

123 539 256 587 vellet,
275 547 315 578 et
331 546 462 577 nautae
480 551 660 576 nummos
689 538 739 576 ad
759 537 927 575 emenda
947 538 1169 576 necessaria
1187 537 1446 588 postularent,
1467 550 1603 575 rursus

124 602 176 641 ad
207 615 295 641 eum
327 601 473 639 accedo
494 601 663 638 testibus
689 599 885 646 adhibitis,
906 613 1071 651 eumque
1103 613 1213 651 rogo,
1246 612 1339 637 num
1370 599 1503 652 navim
1534 600 1605 637 ab-

122 665 310 703 ducturus
330 670 445 709 esset,
466 669 505 701 et
524 676 616 700 num
642 662 852 713 pecuniam
873 662 1044 706 haberet,
1064 668 1104 700 et
1122 675 1145 699 a
1165 675 1227 700 me
1246 667 1480 712 accepturus
1499 667 1606 699 esset

122 739 274 773 navem,
300 725 454 764 necne?
501 725 788 776 Respondente
806 724 887 770 illo,
909 738 949 762 se
971 724 1177 762 advenisse
1197 737 1286 762 cum
1306 723 1489 774 pecunia,
1519 735 1605 760 rnu-

120 788 221 827 tuari
242 788 336 826 mihi
355 780 620 841 oppignerasss
639 788 888 826 armamentis
902 786 1017 839 jussi,
1037 794 1080 824 ut
1105 782 1377 824 distribuerem
1397 785 1606 836 pecuniam

119 850 224 889 inter
240 857 393 897 nautas,
415 857 633 901 navemque
653 850 812 889 domum
830 850 1074 894 reducerem,
1093 848 1253 900 quando
1274 862 1362 887 eam
1379 848 1462 899 ipse
1482 859 1611 898 quan—

120 924 237 964 quam
259 924 467 951 successor
495 913 620 950 nollet
639 912 827 962 accipere.
886 912 986 948 Haee
1006 923 1069 948 me
1087 917 1238 956 orante,
1258 911 1474 962 respondit,
1497 922 1540 947 se
1559 922 1606 947 ne

120 973 340 1012 teruncium
357 973 520 1024 quidem
549 979 826 1011 mutuaturum.
890 972 975 1024 Ego
1003 972 1120 1024 igitur
1149 974 1198 1011 ab
1224 972 1448 1024 hospitibus
1478 971 1609 1009 Tene-

121 1033 195 1074 diis
213 1036 337 1088 patris
357 1036 448 1081 mei,
470 1035 687 1074 Cleauacte
706 1042 747 1073 et
768 1035 953 1087 Eperato,
968 1041 1184 1081 mutuatus,
1207 1034 1336 1073 nautis
1369 1033 1607 1086 stipendium

122 1097 234 1137 solvi.
274 1097 378 1142 Quia
395 1098 498 1136 enim
519 1097 698 1136 Pasionis
719 1110 824 1136 eram
843 1097 961 1144 filius,
981 1097 1044 1135 cui
1073 1103 1113 1135 et
1131 1097 1343 1148 hospitium
1361 1110 1452 1136 cum
1472 1095 1605 1134 multis

120 1151 225 1198 esset
249 1152 290 1197 et
314 1159 413 1198 fides
442 1160 481 1197 in
508 1159 666 1198 Graecia
692 1160 916 1206 haberetur,
936 1172 1016 1198 non
1036 1159 1212 1205 deerant,
1233 1160 1299 1212 qui
1330 1159 1424 1197 mihi
1452 1157 1604 1209 petenti

118 1227 386 1261 mutuarent.›=
415 1222 580 1260 Haee-ut
598 1232 624 1260 a
640 1232 703 1267 me
730 1234 820 1260 vere
850 1221 928 1260 dici
955 1228 1124 1266 constet,
1147 1221 1371 1261 testimonia
1397 1220 1507 1259 vobis
1536 1232 1605 1258 cx-

120 1274 277 1323 hibebo'.

673 1419 1043 1460 TESTIMONIA.

176 1524 241 1574 16.Z
269 1536 447 1581 Quorum
475 1535 594 1588 igitur
616 1521 842 1573 testimonia
873 1533 984 1572 vobis
1018 1533 1202 1572 exhibere
1233 1533 1429 1586 potuimus
1451 1538 1518 1588 qui
1545 1537 1603 1575 af-

117 1598 288 1645 fuerunt,
306 1611 432 1655 quum·
452 1611 560 1650 saepe
579 1610 718 1636 navem
753 1596 904 1648 Polycli
930 1596 1086 1635 tradere
1116 1597 1234 1644 volui,
1252 1597 1284 1636 is
1316 1611 1405 1637 vero
1426 1599 1604 1651 accipere

120 1660 258 1714 noluit,
279 1674 326 1699 ea
345 1660 456 1699 vobis
476 1660 672 1712 legimus:
701 1665 895 1710 praeterea
927 1659 1022 1697 satis
1052 1659 1187 1697 multis
1218 1660 1333 1698 etiam
1363 1662 1602 1711 argumentis

118 1723 229 1761 vobis
249 1722 416 1768 ostendi,
438 1735 527 1761 eum
561 1721 600 1759 id
630 1733 848 1760 recusasse.
906 1720 1065 1760 Curabo
1086 1721 1202 1760 etiam
1223 1720 1351 1773 legem
1373 1722 1423 1760 de
1447 1736 1605 1762 succes-

120 1784 272 1823 soribus
300 1784 411 1823 vobis
443 1783 668 1835 legendam,
689 1789 735 1820 ut
763 1781 911 1829 sciatis,
944 1783 1100 1833 quantis
1126 1783 1282 1822 mulctis
1312 1784 1538 1835 propositis,
1572 1785 1605 1823 si

118 1846 205 1898 quis
237 1846 365 1885 navim
395 1846 590 1899 praefinito
617 1851 791 1896 tempore
823 1857 902 1882 non
926 1846 1136 1896 acceperit,
1158 1845 1232 1883 iste
1261 1858 1341 1883 non
1369 1859 1431 1884 me
1460 1847 1601 1892 solum,

68 1953 71 1956 Α
119 1907 192 1946 s‘ed
220 1913 260 1946 et
277 1921 350 1947 vos
369 1915 410 1946 et
431 1908 553 1958 leges,
577 1905 818 1958 despexerit,
839 1918 885 1944 ac
905 1911 1096 1956 quantum
1125 1907 1166 1945 in
1185 1907 1273 1957 ipso
1293 1907 1450 1958 quidem
1472 1908 1546 1946 fuit
1565 1916 1604 1947 et

118 1970 342 2021 reipublicae
374 1976 414 2009 et
444 1966 639 2008 sociorum
674 1974 839 2007 conatus
870 1980 1007 2006 omnes
1038 1969 1160 2008 fuisse
1193 1969 1321 2007 irritos
1359 1968 1603 2020 intelligatis.

120 2030 265 2083 Neque
285 2031 388 2070 enim
407 2031 463 2070 ad
488 2032 617 2070 navim
644 2030 752 2069 venit
775 2037 819 2068 ut
846 2030 935 2081 lege
957 2029 1182 2082 jubebatur,
1199 2043 1341 2082 neque,
1358 2043 1446 2068 curn
1474 2031 1603 2070 venis-

121 2099 197 2140 set,
221 2106 309 2132 eam
339 2093 518 2145 accipere
553 2093 688 2132 voluit.
757 2092 844 2143 Ego
880 2105 971 2131 vero
1003 2099 1044 2130 et
1079 2106 1209 2130 meum
1248 2100 1288 2130 et
1325 2093 1493 2144 collegae
1527 2094 1604 2132 mei

122 2161 278 2207 tempus
309 2156 421 2194 vobis
459 2155 560 2194 obii:
605 2163 657 2202 et,
693 2168 783 2193 cum
819 2154 1062 2206 praefecturae
1103 2168 1200 2193 meae
1235 2161 1391 2207 tempus
1427 2155 1603 2203 exiisset,

120 2217 333 2256 mandante
360 2216 455 2255 mihi
484 2217 588 2256 duce
612 2222 659 2255 ut
687 2216 738 2255 ad
763 2216 970 2268 Templum
1004 2217 1245 2268 navigarem,
1264 2217 1429 2269 perduxi
1459 2219 1603 2270 populo

119 2279 374 2326 frumentum,
411 2285 457 2317 ut
494 2280 649 2331 copiam
684 2278 879 2318 vaenalem
916 2278 1126 2326 haberetis,
1159 2288 1199 2318 et
1231 2286 1422 2331 quantum
1463 2280 1501 2318 in
1540 2294 1601 2320 me

119 2347 228 2381 esset
258 2341 354 2380 nihil
385 2341 686 2380 desideraretis:
729 2348 782 2389 et,
809 2354 1066 2394 quascunque
1103 2341 1199 2381 alias
1235 2342 1285 2381 ad
1314 2356 1375 2381 res
1416 2343 1498 2381 dux
1538 2344 1602 2382 vel

120 2415 184 2442 me
203 2403 263 2443 vel
282 2416 370 2442 mea
392 2403 539 2442 triremi
556 2403 614 2442 uti
633 2403 767 2450 voluit,
788 2410 934 2456 praesto
956 2404 1026 2450 fui,
1047 2417 1124 2442 non
1153 2404 1374 2456 sumptibus
1407 2405 1523 2443 modo
1541 2404 1601 2443 fa-

119 2466 286 2513 ciendis,
307 2466 378 2505 sed
397 2473 438 2504 et
456 2479 622 2518 corpore
641 2466 856 2519 periculum
876 2466 1059 2505 adeundo
1080 2480 1237 2518 unaque
1257 2466 1492 2518 navigando,
1511 2479 1600 2504 cum

119 2529 160 2567 in
194 2541 242 2567 eo
269 2536 354 2567 tum
388 2535 494 2568 statu
520 2542 583 2568 res
617 2541 716 2568 meae
743 2529 968 2568 domesticae
995 2535 1141 2575 essent,
1161 2542 1240 2580 quo
1262 2542 1329 2568 vos
1361 2528 1494 2567 audito
1520 2528 1601 2567 fore

119 2596 256 2642 putem
274 2597 320 2629 ut
339 2591 462 2629 nostri
482 2581 746 2634 misericordia
763 2590 1012 2630 moveamini.
1069 2590 1199 2629 Mater
1227 2590 1329 2629 enim
1359 2604 1448 2629 mea
1476 2603 1602 2641 aegro-

121 2653 230 2691 tabat
247 2659 286 2691 et
304 2652 538 2692 moribunda
555 2660 652 2700 erat,
671 2666 732 2692 me
752 2654 928 2698 absente,
949 2659 993 2691 ut
1019 2667 1100 2692 rem
1130 2666 1257 2692 meam
1285 2652 1512 2691 familiarem
1534 2665 1601 2690 ex-

122 2714 303 2754 haustam
322 2729 398 2754 non
419 2716 493 2755 nisi
512 2729 648 2768 parum
668 2717 850 2769 adjuvare
877 2723 1024 2768 posset.
1083 2716 1136 2753 Ut
1162 2716 1265 2754 enim
1290 2723 1401 2754 sexto
1428 2714 1490 2752 die
1510 2721 1602 2765 post

122 2783 328 2828 acceptum
360 2779 546 2818 nuncium
577 2792 777 2826 veneram,
806 2779 885 2826 illa,
907 2792 970 2817 me
997 2779 1139 2817 intuita
1168 2786 1209 2817 et
1243 2777 1427 2824 allocuta,
1458 2776 1602 2815 efflavit

126 2839 308 2887 animam,
323 2853 409 2879 cum
429 2842 536 2881 bona
555 2855 627 2881 sua
641 2842 723 2894 jam
743 2842 782 2880 in
796 2848 991 2894 potestate
1011 2855 1091 2880 non
1110 2841 1284 2887 haberet,
1306 2847 1349 2878 ut
1365 2840 1456 2878 mihi
1477 2853 1602 2891 quan-

126 2908 208 2940 tum
223 2901 341 2941 vellet
357 2902 576 2956 largiretur.
634 2903 736 2944 Nam
757 2917 862 2956 saepe
882 2904 988 2957 prius
1008 2904 1125 2943 etiam
1153 2916 1216 2942 mc
1240 2903 1488 2950 accersierat,
1509 2915 1599 2954 pre-
