1915 3356
620 196 844 236 CONTRA
875 193 1132 233 NEAERAM.
1524 191 1597 229 781

152 297 323 345 lieribus,
342 312 430 350 quae
451 312 562 338 sacra
580 299 664 338 haec
684 299 895 345 intuentur,
909 296 1016 335 effari
1034 296 1151 334 licere
1169 295 1275 346 apud
1301 295 1412 341 alios,
1430 293 1603 333 testimo-

152 362 259 401 nium
290 360 405 402 etiam
434 362 542 400 vobis
570 361 851 407 exhibebimus,
872 365 1021 397 secreto
1048 357 1145 395 illud
1165 357 1321 407 quidem
1343 357 1502 402 factum,
1534 355 1604 395 sed

151 423 259 475 quod
277 424 391 462 rebus
410 423 501 476 ipsis
519 431 648 462 tamen
665 431 705 462 et
729 422 975 475 perspicuum
996 428 1035 459 et
1060 433 1192 458 verum
1212 432 1298 458 esse
1318 419 1606 458 demonstrabo.

154 486 256 524 Cum
285 485 370 524 haec
400 499 510 525 sacra
538 487 686 532 fierent,
706 492 742 524 et
771 483 980 523 novemviri
1009 483 1049 521 in
1067 483 1195 521 vicum
1217 481 1400 520 Martium
1427 482 1609 533 legitimis

153 546 294 586 diebus
305 547 601 594 adscenderent,
610 548 737 586 statim
749 553 908 585 senatus
918 545 1230 598 Areopagiticus‚
1240 543 1306 596 qui
1315 543 1354 581 in
1363 543 1447 582 aliis
1457 557 1611 595 quoque

153 608 401 660 religionibus
422 609 573 648 tuendis
593 609 756 647 multum
775 608 996 660 reipublicae
1016 607 1251 652 commodat,
1266 605 1420 657 inquirit
1437 606 1475 643 in
1494 605 1609 645 istam

157 670 380 722 Theogenis
398 683 568 717 uxorem,
591 684 770 722 quaenam
800 677 918 718 esset,
945 682 1110 721 eamque
1132 667 1319 719 coarguit,
1343 674 1381 705 et
1413 679 1611 706 sacrorum

153 745 286 771 curam
316 731 488 783 suscipit,
517 739 557 770 et
584 732 833 784 Theogenem
862 745 931 783 pro
957 745 1029 770 sua
1046 738 1238 784 potestate
1266 729 1442 776 mulctat,
1462 737 1613 768 secreto

156 800 297 839 tamen,
318 800 359 832 et
378 806 466 832 cum
486 794 700 839 modestia;
729 808 802 833 nec
823 794 925 833 enim
952 808 998 833 ea
1017 800 1109 832 sunt
1133 791 1286 845 praediti
1307 790 1552 838 auctoritate,
1571 798 1616 831 ut

155 868 387 907 quemquam
404 855 695 895 Atheniensium
722 869 792 909 pro
820 870 892 896 sua
918 855 1076 895 libidine
1099 855 1276 907 puniant.
1335 853 1465 893 Factis
1484 861 1615 892 autem

154 917 293 965 verbis,
325 924 364 957 et
395 924 534 957 senatu
567 920 732 970 graviter
768 920 930 965 ferente,
959 918 1291 969 Theogenemque
1321 915 1521 968 puniente,
1550 916 1617 968 qui

155 980 275 1018 talem
294 993 453 1020 uxorem
474 980 662 1029 duxisset,
683 976 848 1033 eamque
867 994 1011 1020 arcana
1035 994 1106 1033 pro
1135 979 1335 1032 republica
1353 992 1462 1018 sacre
1489 979 1619 1018 facere

156 1042 407 1093 permisisset,
426 1044 657 1094 precabatur
683 1043 928 1095 Theogenes,
961 1042 1216 1095 supplicabat,
1245 1041 1528 1088 obtestabatur,
1560 1041 1620 1079 di-

157 1116 264 1150 cens,
283 1105 455 1143 nescisse
471 1118 512 1143 se
533 1104 685 1145 Neaerae
708 1118 795 1144 esse
815 1105 950 1150 filiam,
971 1096 1041 1143 sed
1057 1104 1265 1155 deceptum
1282 1115 1307 1141 a
1321 1102 1535 1154 Stephano,
1548 1116 1621 1155 pro

157 1161 342 1217 germana
361 1156 443 1218 ejus
464 1166 624 1206 duxisse
656 1167 749 1214 filia,
771 1180 820 1206 ex
852 1166 952 1219 lege,
973 1173 1012 1205 et
1041 1173 1198 1218 propter
1226 1165 1454 1216 imperitiam
1480 1178 1622 1213 rerum,

156 1238 347 1279 suamque
360 1228 658 1280 simplicitatem,
671 1229 788 1268 istum
808 1241 1042 1268 assessorem
1063 1227 1136 1267 sibi
1150 1226 1378 1273 adscivisse,
1394 1233 1437 1264 ut
1448 1227 1480 1265 is
1495 1227 1622 1278 magi-

158 1295 284 1328 stratu
311 1290 552 1341 fungeretur,
583 1298 770 1342 tanquam
797 1290 1042 1338 benevolum,
1068 1296 1351 1342 proptereaque
1383 1288 1623 1328 contraxisse

157 1364 247 1392 cum
267 1365 314 1391 eo
332 1352 574 1392 affinitatem.
613 1353 682 1391 Me
696 1366 802 1399 vero,
822 1353 961 1405 inquit,
980 1366 1060 1392 non
1079 1351 1244 1399 mentiri,
1267 1363 1408 1402 magno
1426 1358 1466 1389 et
1482 1350 1623 1390 illustri

158 1414 267 1453 vobis
286 1414 515 1467 argumento
533 1415 720 1468 probabo.
777 1416 982 1456 Mulierem
1001 1415 1104 1454 enim
1120 1414 1272 1466 ejiciam
1291 1412 1422 1459 domo,
1440 1413 1623 1465 quoniam

159 1489 239 1515 non
270 1477 472 1529 Stephani,
491 1478 561 1516 sed
584 1477 737 1517 Neaerae
765 1486 825 1517 est
843 1478 935 1517 filia.
991 1477 1110 1521 Quod
1129 1477 1196 1515 ubi
1222 1476 1364 1522 fecero,
1393 1482 1478 1513 tum
1496 1476 1625 1514 verbis

160 1539 256 1579 meis
283 1540 462 1579 adhibete
499 1540 631 1589 fidem,
657 1554 746 1579 cum
775 1540 865 1580 dico
886 1554 947 1580 me
977 1540 1210 1592 deceptum:
1243 1538 1300 1576 sin
1327 1537 1454 1576 minus
1481 1538 1626 1585 fecero,

160 1607 244 1641 tum
261 1615 353 1641 vero
372 1616 433 1641 me
458 1603 647 1655 punitote‚
667 1609 709 1642 ut
727 1603 957 1656 improbum,
978 1603 1073 1641 etin
1101 1601 1196 1640 deos
1214 1600 1387 1652 impium.
1445 1599 1626 1638 Pollicito

160 1665 277 1717 igitur
293 1664 380 1703 haec
399 1664 621 1717 Tbeogene,
640 1672 680 1704 et
704 1665 962 1718 supplicante,
984 1663 1123 1717 partim
1145 1663 1326 1702 misertus
1355 1662 1438 1714 ejus
1465 1668 1627 1700 senatus

163 1727 471 1779 Areopagiticus,
489 1734 645 1780 propter
676 1727 818 1779 ingenii
849 1727 1148 1780 simplicitatem,
1174 1725 1312 1778 partim
1341 1724 1458 1763 etiam
1478 1724 1584 1775 quod
1606 1737 1630 1763 a

163 1789 362 1841 Stephano
394 1789 600 1842 deceptum
627 1802 714 1828 esse
746 1802 880 1829 revera
908 1796 1075 1840 putaret,
1096 1801 1245 1827 moram
1272 1786 1516 1838 interposuit.
1576 1787 1631 1824 Ut

161 1864 253 1890 vero
271 1865 293 1890 e
311 1851 396 1890 vico
417 1851 564 1890 Martio
593 1852 800 1890 descendit
824 1852 1071 1903 Theogenes,
1094 1851 1225 1890 statim
1251 1856 1292 1888 et
1323 1849 1524 1888 mulierem
1550 1849 1630 1888 Ne-

117 1966 123 1977 ·
162 1927 253 1952 aerae
286 1914 403 1954 filiam
435 1913 552 1953 domo
581 1914 755 1967 expellit,
787 1923 827 1953 et
860 1914 1103 1966 Stephanum
1131 1926 1154 1951 a
1184 1925 1261 1964 quo
1291 1911 1478 1963 deceptus
1504 1912 1632 1950 fuerat

163 1976 328 2016 concilio
366 1983 507 2016 movet.
577 1977 641 2016 Sic
680 1977 928 2029 Areopagitae
961 1976 1212 2028 Theogenem
1248 1975 1409 2013 missum
1439 1974 1631 2021 fecerunt,

164 2038 276 2090 eique
307 2039 420 2078 irasci
442 2039 689 2092 destiterunt,
708 2040 938 2092 veniamque
968 2039 1136 2090 decepto
1161 2044 1454 2078 concesserunt.
1513 2037 1564 2074 Et
1588 2043 1632 2075 ut

163 2101 249 2139 haec
265 2114 288 2139 a
308 2115 368 2140 me
387 2115 478 2141 vere
497 2102 575 2141 dici
594 2108 761 2149 constet,
780 2103 918 2140 horum
936 2102 1045 2139 vobis
1073 2106 1213 2139 testem
1230 2099 1358 2150 ipsum
1378 2098 1629 2150 Theogenem

165 2176 277 2212 voco,
297 2171 337 2202 et
354 2164 486 2204 testari
505 2177 657 2216 cogam.
713 2164 822 2204 Voca
842 2164 935 2203 mihi
961 2163 1211 2215 Theogenem
1232 2161 1497 2200 Erchiensem.

703 2267 1108 2306 TESTIMONIUM.

223 2357 406 2396 Theogenes
429 2356 606 2387 Ercbiensis
623 2360 753 2387 testatur
780 2366 826 2391 se,
843 2365 911 2385 cum
938 2363 1040 2392 regem
1065 2356 1184 2393 ageret,
1215 2350 1345 2381 duxisse
1370 2350 1547 2381 Phanonem
1579 2359 1634 2388 pro

167 2408 314 2448 Stephani
330 2408 411 2439 filia:
437 2408 490 2439 ubi
517 2418 592 2438 vero
615 2418 647 2437 se
672 2408 838 2447 deceptum
863 2416 932 2436 esse
956 2404 1236 2439 animadvertisset,
1255 2408 1316 2432 lum
1333 2400 1490 2431 mulierem
1508 2400 1638 2440 ejecisse

168 2470 204 2491 ac
219 2461 414 2502 repudiasse,
431 2466 493 2491 tum
509 2461 698 2502 Stephanum
714 2461 751 2490 ab
768 2470 890 2490 assessu
904 2459 1056 2500 repulisse
1074 2468 1131 2488 nec
1144 2466 1270 2497 passum
1288 2455 1348 2485 sibi
1363 2455 1479 2485 diutius
1492 2454 1638 2484 assidere.

223 2538 289 2575 22.
318 2537 403 2590 Age
423 2551 518 2590 cape
539 2537 632 2577 mihi
651 2537 778 2588 legem
798 2537 858 2575 his
877 2536 927 2574 de
944 2536 1058 2574 rebus
1077 2535 1211 2581 latam,
1227 2540 1267 2571 et
1284 2533 1396 2583 lege:
1427 2539 1469 2569 ut
1491 2530 1637 2577 sciatis,

171 2611 249 2637 non
265 2599 448 2639 decuisse
464 2606 617 2639 tantum
636 2612 722 2638 eam
738 2599 934 2638 abstinere
956 2597 1074 2637 sacris
1095 2597 1168 2643 his,
1185 2609 1273 2648 quee
1287 2595 1374 2633 talis
1393 2602 1509 2639 esset,
1526 2593 1637 2631 talia-

171 2673 247 2712 que
276 2668 484 2714 patrasset‚
504 2676 575 2702 nec
595 2661 657 2701 vel
676 2661 820 2709 videre,
848 2661 907 2699 vel
941 2660 1154 2706 immolare,
1181 2658 1243 2697 vel
1272 2658 1399 2696 facere
1428 2656 1636 2708 quicquam

171 2735 240 2774 pro
257 2723 384 2775 patrio
402 2725 507 2764 urbis
528 2724 617 2772 ritu,
639 2724 709 2764 sed
738 2724 878 2763 ceteris
909 2723 1024 2761 etiam
1051 2721 1169 2760 sacris
1189 2721 1431 2759 Athenarum
1461 2718 1638 2757 omnibus

172 2784 207 2823 ei
234 2798 319 2826 esse
346 2787 608 2827 interdictum.
666 2787 767 2825 Cum
800 2799 878 2838 qua
909 2785 1008 2824 enim
1041 2784 1201 2822 muliere
1231 2783 1497 2834 deprehensus
1526 2780 1642 2818 fuerit

173 2846 338 2895 adulter,
357 2849 392 2887 ei
412 2849 452 2888 in
472 2849 622 2889 nullum
642 2850 829 2902 templum
850 2848 1038 2900 populare
1059 2847 1151 2886 licet
1172 2845 1335 2897 ingredi,
1363 2858 1451 2883 cum
1472 2844 1510 2881 in
1531 2857 1578 2881 ea
1601 2851 1642 2881 et

174 2910 384 2962 peregrinis
403 2911 644 2959 mulieribus,
666 2920 706 2952 et
726 2912 876 2951 ancillis
901 2911 1065 2949 liberum
1091 2909 1239 2948 aditum
1261 2908 1495 2959 praebuerint
1515 2907 1637 2957 leges,

175 2978 264 3013 tumv
276 2974 494 3026 spectandi,
505 2981 587 3015 tum
605 2974 848 3027 supplicandi
869 2974 994 3025 gratia
1012 2973 1133 3022 <solas
1150 2972 1245 3011 istas
1260 2971 1442 3010 mulieres
1462 2971 1641 3021 ingressu
