1948 3306
336 191 413 228 756
738 188 968 226 CONTRA
1000 183 1388 224 THEOCRINEM.

872 344 1212 386 TESTlMoNIU
1222 343 1281 381 M.

335 448 472 486 Recita
503 446 617 486 etiam
649 459 794 489 eorum,
814 443 877 495 qui
913 442 1150 495 propositam
1179 452 1263 478 eam
1295 436 1488 483 viderunt,
1516 433 1789 473 testimonium.

335 509 485 548 Recita.

868 605 1269 646 TESTIMONIUM.

334 710 444 748 Voca
463 708 576 748 etiam
593 714 786 746 mercatus
806 712 1016 750 curatores,
1034 704 1237 754 ipsumque
1253 700 1464 744 Miconem,
1481 696 1593 748 cujus
1612 693 1794 733 indicavit

334 772 544 824 navigium,
564 778 603 809 et
622 769 856 809 testimonia.
916 768 1030 818 Lege.

883 894 1243 935 TESTIMONIA.

389 997 427 1033 3.
459 995 715 1034 Theocrinem
747 994 863 1045 igitur
892 992 1090 1030 indicasse
1119 989 1287 1028 Miconis
1321 985 1531 1037 navigium,
1560 982 1737 1028 Judices,
1757 988 1796 1020 et

334 1057 611 1096 indicationem
639 1056 703 1094 diu
735 1056 858 1094 fuisse
889 1053 1139 1107 propositam,
1162 1059 1202 1090 et
1226 1049 1450 1089 accersitum
1471 1047 1521 1086 ad
1541 1043 1796 1098 quaestionem

334 1133 411 1158 non
440 1120 630 1172 paruisse,
656 1132 783 1169 neque
814 1117 1042 1163 accessisse,
1063 1128 1130 1154 eos
1154 1113 1289 1153 testari
1320 1109 1535 1155 audivistis,
1560 1121 1660 1160 quos
1685 1106 1725 1145 id
1755 1105 1794 1144 in

333 1183 468 1234 primis
501 1174 642 1221 habere
676 1187 915 1233 compertum
949 1178 1141 1218 convenit.
1198 1177 1297 1214 Eum
1327 1186 1418 1212 vero
1445 1185 1524 1210 non
1543 1170 1660 1209 modo
1690 1168 1796 1207 mille

334 1244 540 1283 drachmas
562 1245 719 1290 debere,
738 1243 808 1282 sed
829 1250 868 1280 et
896 1242 934 1280 in
954 1253 1150 1280 carcerem
1171 1236 1460 1280 abducendum,
1481 1241 1522 1272 et
1539 1232 1696 1284 reliquis
1713 1244 1795 1283 poe-

335 1308 395 1345 nis
415 1308 660 1346 afficiendum
691 1320 793 1352 esse,
813 1318 911 1357 quas
943 1305 1026 1343 haec
1053 1304 1117 1341 lex
1145 1302 1190 1340 iis
1220 1301 1398 1344 minatur,
1418 1297 1484 1349 qui
1504 1302 1738 1335 mercatores
1759 1301 1800 1331 et

335 1370 594 1408 navicularios
616 1362 915 1413 calumniantur,
939 1381 985 1406 ex
1012 1367 1097 1418 ipsa
1122 1365 1207 1415 lege
1234 1362 1351 1401 facile
1379 1357 1638 1411 cognoscetis.
1697 1357 1797 1394 Cum

334 1434 436 1472 enim
453 1434 569 1472 vellet
582 1433 797 1484 legislator,
810 1444 936 1483 neque
950 1429 1222 1480 delinquentes
1236 1431 1470 1463 mercatores
1482 1421 1684 1460 indemnes
1698 1432 1799 1466 esse,

335 1509 464 1547 neque
484 1497 659 1535 insontes
681 1494 825 1540 vexari,
844 1493 1000 1532 omnino
1027 1488 1234 1541 vetuit'ghoc
1251 1487 1453 1526 hominum
1479 1496 1601 1536 genus
1629 1481 1800 1528 indicari,

336 1558 481 1609 niquis
510 1558 592 1609 ipse
624 1557 697 1595 sibi
727 1555 915 1602 confidat,
936 1567 977 1592 se
1005 1560 1250 1592 ostensurum
1281 1547 1387 1600 apud
1407 1552 1488 1592 vo's,
1507 1538 1723 1583 facta'esse
1752 1554 1800 1581 ea

336 1633 425 1671 quae
457 1619 616 1666 indicat,
634 1618 740 1671 quod
771 1617 802 1656 si
827 1617 912 1668 quis
941 1614 1264 1654 calumniatorum
1293 1622 1406 1648 secus
1431 1606 1580 1654 fecerit,
1598 1605 1713 1644 licere
1732 1617 1799 1644 eos

336 1682 474 1721 deferri
494 1689 534 1721 et
562 1682 600 1720 in
621 1695 818 1721 carcerem
841 1679 995 1718 abduci.
1036 1676 1112 1715 Sed
1132 1675 1256 1727 ipsam
1277 1672 1405 1725 potius
1420 1670 1545 1722 legem
1566 1668 1698 1716 recita,
1712 1680 1800 1720 quae

337 1743 375 1782 id
396 1745 519 1783 multo
539 1744 757 1784 evidentius
776 1756 891 1795 quam
913 1754 1000 1793 ego,
1018 1739 1188 1779 docebit.

1007 1869 1127 1907 LEX.

337 1971 506 2018 Auditis,
524 1971 699 2018 Judices,
718 1971 826 2021 leges
859 1967 952 2019 quid
976 1964 1295 2005 calumniatorem
1324 1961 1430 1998 luere
1445 1956 1638 2012 jubeant?
1668 1957 1801 2001 Quare

337 2034 369 2072 si
389 2033 483 2085 quid
503 2047 636 2072 eorum
662 2047 750 2084 quae
780 2032 818 2070 in
846 2029 1081 2069 indicatione
1101 2026 1304 2064 Miconem
1327 2022 1467 2061 fecisse
1492 2019 1646 2072 scripsit
1675 2017 1802 2056 Theo-

339 2096 479 2142 criues,
499 2096 603 2142 fecit,
622 2095 896 2147 praevaricatus
917 2097 989 2138 est,
1009 2101 1167 2141 remque
1187 2100 1276 2125 cum
1297 2099 1343 2125 eo
1367 2083 1570 2135 transegit,
1590 2081 1698 2120 vobis
1719 2093 1801 2118 om-

339 2157 452 2196 nibus
473 2158 566 2197 facit
584 2158 760 2211 injuriam
782 2155 993 2206 meritoque
1018 2152 1123 2190 mille
1155 2148 1350 2188 drachmis
1372 2147 1594 2186 mulctatur.
1652 2143 1720 2182 Sin
1741 2155 1801 2188 eo,

339 2232 417 2270 quo
436 2220 614 2267 decebat,
632 2219 1028 2270 navigante—utrum
1054 2212 1156 2252 enim
1175 2211 1246 2250 iste
1265 2210 1385 2256 volet,
1404 2206 1746 2259 largiar—indicat
1765 2212 1804 2244 et

340 2282 515 2329 arcessit,
543 2288 582 2320 et
609 2281 866 2321 calumniatur
891 2275 1163 2321 navicularios,
1183 2274 1311 2326 legem
1342 2285 1420 2311 non
1451 2283 1534 2310 eam
1565 2268 1688 2307 solum
1714 2280 1803 2319 quae

341 2345 460 2397 prius,
483 2347 551 2384 sed
570 2346 673 2384 hanc
693 2345 809 2384 etiam
838 2357 926 2395 quae
946 2341 1063 2380 modo
1087 2339 1247 2379 recitata
1274 2343 1347 2384 est,
1377 2333 1548 2379 violavit,
1567 2340 1607 2371 et
1625 2345 1695 2371 suo
1721 2331 1802 2383 ipse

340 2407 562 2446 testimonio
594 2406 847 2451 confirmavit,
878 2418 918 2443 se
951 2403 1032 2441 sani
1063 2401 1270 2453 quicquam
1301 2412 1374 2437 nec
1406 2409 1536 2449 agere,
1556 2408 1630 2433 nec
1660 2394 1801 2432 dicere.

343 2470 441 2514 Quis
461 2470 563 2508 enim
583 2483 713 2508 causae
732 2468 905 2506 bonitate
933 2466 1057 2503 fretus
1085 2463 1261 2515 pecuniae
1280 2467 1430 2513 partem
1457 2472 1504 2498 ex
1522 2458 1610 2508 lege
1629 2455 1803 2508 accipere

341 2532 451 2578 nolit,
478 2540 559 2578 aut,
586 2545 628 2569 re
659 2537 859 2569 transacta
886 2540 1044 2579 parvum
1074 2524 1259 2564 lucellum
1283 2522 1404 2568 malit,
1422 2520 1632 2573 praesertim
1651 2517 1802 2570 legibus

340 2607 425 2633 eam
446 2595 495 2632 ob
515 2607 596 2632 rem
616 2605 750 2645 poenas
776 2591 951 2635 daturus,
972 2602 1061 2627 cum
1079 2588 1226 2633 liceret,
1248 2584 1353 2637 quod
1385 2583 1501 2622 modo
1531 2581 1723 2626 dicebam,
1744 2591 1804 2617 se-

341 2657 496 2695 missem
525 2655 778 2695 iudicatarum
809 2666 936 2691 rerum
968 2650 1174 2702 accipere?
1204 2649 1344 2693 Nemo,
1376 2657 1504 2690 nemo,
1534 2643 1705 2694 inquam,
1729 2641 1803 2680 Ju-

341 2719 464 2765 dices,
485 2719 551 2771 qui
571 2731 613 2758 se
632 2716 951 2757 calumniatorem
971 2726 1086 2766 agere
1105 2725 1184 2750 non
1202 2716 1442 2761 compertum
1458 2707 1632 2745 haberet.

394 2784 433 2820 4.
464 2781 566 2820 Duae
585 2781 703 2833 igitur
721 2780 781 2817 hae
800 2779 907 2829 leges
934 2783 1039 2822 sunt,
1059 2788 1156 2827 quas
1190 2773 1276 2819 iste,
1305 2770 1535 2810 violatarum
1555 2768 1687 2819 legum
1706 2766 1802 2806 alios

343 2856 428 2882 reos
450 2856 563 2895 agere
583 2842 735 2889 solitus,
753 2840 924 2879 violavit.
980 2839 1121 2877 Restat
1151 2843 1192 2874 et
1222 2834 1347 2879 tertia,
1373 2845 1460 2884 quae
1484 2843 1597 2882 aeque
1617 2830 1744 2882 jubet,
1764 2834 1805 2866 et

343 2905 499 2943 aerarios
532 2918 556 2944 a
585 2903 720 2957 quovis
743 2902 884 2943 civium
913 2899 1068 2946 deferri,
1087 2905 1129 2938 et
1153 2898 1185 2937 si
1217 2896 1303 2948 quis
1334 2893 1524 2941 Minervae
1554 2892 1711 2938 debeat,
1737 2896 1805 2929 aut

343 2974 555 3006 ceterorum
577 2967 736 3006 deorum
759 2972 824 3004 aut
852 2965 1014 3003 heroum
1038 2961 1165 3001 alicui.
1223 2959 1379 2998 Debere
1410 2963 1540 2996 autem
1558 2955 1631 2994 iste
1650 2965 1802 3004 compe-
