1981 3356
613 222 898 260 ADVERSUS
928 220 1224 259 LACRITUM.
1571 219 1650 256 545

178 334 255 360 non
276 322 413 361 decere
426 337 569 363 censeo
590 333 633 362 ut
653 325 826 362 homines
844 323 1011 375 superbi,
1029 329 1068 360 et
1085 322 1285 374 sapientiae
1298 321 1476 372 opinione
1496 320 1647 367 tumidi,

175 383 345 421 alienum
377 394 578 437 appetant,
598 394 665 424 aut
694 386 872 436 eripiant,
903 385 1130 435 eloquentia
1159 383 1273 421 freti:
1303 383 1389 421 haec
1421 382 1523 421 enim
1553 390 1648 420 sunt

174 443 337 495 improbi
358 447 543 498 sophistae
563 453 602 484 et
618 447 718 485 male
738 446 965 484 mulctandi.
1025 444 1202 483 Lacritus
1223 450 1350 482 autem
1360 444 1548 494 judicium
1569 443 1644 482 hoc

176 505 305 553 subiit,
327 507 501 553 Judices,
529 521 605 545 non
633 508 720 559 jure
741 507 876 554 fretus,
904 519 992 545 cum
1014 506 1108 544 satis
1130 505 1229 543 sciat
1247 504 1575 556 quemadmodum
1603 504 1644 542 in

173 566 247 604 hoc
267 574 402 606 mutuo
434 582 476 607 se
502 569 712 620 gesserint,
731 569 801 607 sed
834 582 876 607 se
905 581 974 620 pro
1006 566 1230 618 eloquentia
1251 578 1321 604 sua
1342 566 1380 603 in
1400 565 1505 603 mala
1525 579 1646 605 causa

173 628 290 667 facile
307 630 519 669 orationem
551 631 812 678 inventurum,
833 637 872 669 et
903 643 949 668 eo
970 642 1037 668 vos
1057 642 1135 680 quo
1155 629 1238 680 ipse
1258 627 1425 665 voluerit
1443 626 1644 666 traductu-

171 703 257 728 rum
272 691 464 742 opinatur.
521 693 619 731 Haec
641 693 742 731 enim
764 693 969 744 pollicetur
984 699 1023 730 et
1049 705 1090 730 se
1106 692 1354 743 eloquentem
1375 703 1462 728 esse
1477 690 1645 741 jactitat,

173 758 219 807 et¹
245 759 451 803 argentum
483 754 658 806 postulat
687 762 727 793 et
755 754 968 806 discipulos
1001 753 1164 805 colligit,
1183 751 1243 791 his
1274 752 1367 804 ipsis
1400 751 1545 793 artibus
1576 764 1644 790 eos

171 814 413 854 eruditurum
436 829 478 855 se
507 816 713 867 pollicens.
770 817 832 854 Ac
868 816 1031 868 primum
1064 816 1203 853 fratres
1236 827 1329 853 suos
1345 813 1435 852 hoc
1456 812 1644 852 doctrinae

171 889 316 929 genere
334 878 518 925 instituit,
541 892 658 930 quam
676 892 745 917 vos
769 879 921 917 sentitis
945 878 1162 930 improbam
1183 889 1269 915 esse
1296 882 1337 914 et
1355 875 1554 927 injustam,
1571 875 1644 912 Ju-

170 937 289 986 dices‚
309 946 352 978 ut
379 940 417 978 in
443 947 572 979 vestro
602 947 775 979 mercatu
804 940 1011 992 pecuniam
1038 939 1235 978 nauticam
1264 943 1505 984 mutuentur,
1523 948 1646 987 eaque

171 999 419 1050 defraudent,
439 1002 714 1042 nec-reddant.
773 1003 850 1046 Qui
876 1003 1029 1054 possint
1061 1014 1148 1041 esse
1174 1000 1351 1039 homines
1377 998 1645 1050 improbiores,

170 1062 232 1100 vel
262 1064 446 1115 magistro
466 1065 548 1113 tali,
567 1065 628 1103 vel
648 1065 791 1103 talibus
812 1064 1037 1116 discipulis?

229 1125 290 1163 11.
321 1125 516 1170 Quoniam
548 1127 665 1177 igitur
692 1126 859 1166 disertus
891 1132 963 1172 est,
985 1133 1024 1165 et
1051 1125 1277 1177 eloquentia
1309 1124 1430 1164 fretus
1463 1136 1509 1162 ac
1540 1123 1645 1162 mille

171 1186 381 1236 drachmis,
398 1201 494 1239 quas
513 1189 702 1240 magistro
723 1189 844 1235 dedit,
869 1189 1004 1240 jubete
1025 1202 1115 1226 eum
1132 1188 1272 1226 docere
1293 1200 1376 1234 vos,
1397 1193 1465 1225 aut
1484 1198 1551 1224 eos
1577 1199 1645 1237 pe-

169 1249 326 1288 cuniam
345 1263 423 1289 non
446 1251 646 1302 accepisse
667 1264 691 1288 a
711 1250 840 1297 nobis,
860 1257 927 1288 aut
946 1256 1149 1301 acceptam
1168 1248 1402 1295 reddidisse,
1426 1255 1494 1286 aut
1518 1247 1643 1285 nauti-

171 1324 238 1350 cas
259 1312 502 1364 syngraphas
521 1319 626 1351 ratas
647 1326 732 1351 esse
753 1326 831 1351 non
850 1318 1041 1364 oportere,
1059 1319 1127 1350 aut
1147 1311 1186 1348 in
1208 1311 1325 1349 alium
1351 1323 1467 1348 usum
1483 1321 1646 1347 conver-

170 1373 307 1411 tendas
321 1386 415 1412 esse
434 1375 622 1425 pecunias
643 1388 758 1426 quam
779 1375 818 1412 in
840 1387 927 1412 eum
948 1374 998 1412 ad
1019 1387 1134 1425 quem
1161 1386 1209 1411 ex
1230 1371 1454 1425 syngrapha
1484 1382 1646 1421 accepe-

170 1441 275 1473 runt.
314 1435 464 1474 Horum
495 1436 761 1488 quodcunque
780 1436 948 1475 voluerit
977 1435 1212 1488 persuadeat
1235 1434 1463 1481 vobis,·tum
1494 1438 1651 1484 egomet

170 1509 326 1548 quoque
345 1498 533 1536 assentiar
548 1498 878 1550 sapientissimum
899 1512 986 1536 esse
1003 1511 1108 1545 eum,
1128 1498 1159 1536 si
1178 1497 1288 1536 vobis
1308 1497 1424 1535 fidem
1447 1496 1582 1534 fecerit
1598 1494 1647 1533 de

170 1560 438 1598 contractibus
470 1560 709 1599 mercatoriis
737 1561 1032 1612 judicantibus:
1083 1560 1154 1598 sed
1185 1559 1280 1598 satis
1315 1558 1396 1597 scio
1424 1571 1504 1596 non
1532 1569 1648 1609 posse

170 1619 268 1666 fieri,
289 1627 334 1659 ut
351 1622 559 1673 quicquam
579 1623 718 1661 horum
738 1622 799 1660 vel
820 1624 958 1674 probet
977 1622 1036 1660 vel
1056 1620 1307 1674 persuadeat.
1636 1631 1641 1634 ’

231 1683 292 1721 12.
324 1683 403 1722 Sed
418 1684 476 1722 his
497 1684 660 1728 omissis,
682 1685 786 1735 agite
811 1697 881 1735 per
901 1684 1012 1728 deos,
1032 1683 1209 1726 Judices,
1228 1683 1260 1720 si
1280 1681 1516 1720 contrarium
1544 1682 1646 1720 acci-

172 1744 309 1792 disset,
328 1752 368 1783 et
385 1759 463 1783 non
493 1746 604 1783 istius
624 1746 743 1783 frater
760 1745 970 1783 defunctus
992 1746 1198 1796 pecuniam
1226 1743 1313 1781 mihi
1344 1743 1556 1790 debuisset,
1577 1744 1647 1782 sed

172 1819 246 1858 ego
278 1807 385 1845 fratri
411 1808 494 1859 ejus
520 1808 727 1853 talentum,
748 1815 816 1845 aut
841 1807 1044 1857 octoginta
1064 1807 1203 1852 minas,
1224 1812 1293 1844 aut
1323 1805 1412 1857 plus
1442 1806 1646 1844 minusve:

172 1881 266 1906 num
296 1869 440 1920 putatis
468 1868 663 1907 Lacritum
696 1868 834 1906 eadem
859 1868 975 1905 verba
995 1867 1117 1905 fuisse
1137 1867 1359 1913 allaturum,
1379 1866 1518 1917 quibus
1543 1879 1649 1904 nunc

172 1931 317 1969 abusus
333 1936 406 1976 est,
427 1937 495 1968 aut
513 1944 555 1968 se
574 1929 768 1968 haeredem
789 1942 876 1967 esse
896 1935 1130 1980 negaturum
1152 1928 1356 1967 cedentem
1370 1927 1499 1966 fratris
1517 1929 1647 1974 bonis,

173 1999 214 2031 et
241 2005 320 2031 non
350 1992 598 2031 acerbissime
626 2004 650 2030 a
676 2003 738 2028 me
763 1997 1004 2035 exacturum,
1027 1991 1130 2029 sicut
1154 1991 1286 2041 exegit
1307 1991 1356 2028 ab
1378 1989 1479 2035 aliis,
1501 1989 1533 2028 si
1561 1990 1648 2041 quis

172 2053 228 2092 illi
247 2054 435 2093 defuncto
457 2053 604 2103 debuit,
624 2053 685 2091 vel
707 2052 931 2098 Phaselide,
950 2052 1010 2089 vel
1040 2052 1129 2090 alibi
1152 2052 1301 2103 uspiam
1319 2050 1335 2088 2
1383 2051 1501 2094 Quod
1526 2051 1558 2089 si
1579 2064 1649 2090 no-

170 2122 294 2154 ,strum
309 2115 463 2167 aliquis,
484 2117 532 2154 ab
552 2116 626 2153 isto
647 2120 870 2160 accusatus,
886 2115 1156 2165 exceptionem
1173 2125 1371 2165 opponere
1393 2119 1499 2151 esset
1514 2126 1648 2159 ausus,

174 2176 225 2215 de
256 2190 335 2216 non
365 2177 497 2216 danda
525 2177 560 2214 ei
588 2177 755 2223 actione,
782 2176 875 2213 satis
909 2176 1005 2222 scio,
1026 2175 1147 2213 fuisse
1180 2188 1268 2213 eum
1302 2174 1593 2225 indignaturum
1613 2182 1652 2213 et

174 2246 479 2289 conquestururn
509 2238 614 2289 apud
641 2251 724 2284 vos,
745 2237 990 2275 dictitantem
1024 2237 1155 2287 inique
1186 2249 1319 2274 secum
1347 2237 1424 2286 agi,
1445 2243 1485 2274 et
1516 2236 1651 2274 violari

174 2301 297 2352 leges,
318 2301 349 2339 si
384 2300 470 2352 quis
504 2300 538 2337 ei
575 2312 654 2337 non
684 2298 857 2337 dandam
889 2299 1083 2336 actionem
1111 2298 1146 2336 in
1183 2305 1387 2337 contractu
1416 2298 1650 2336 mercatorio

175 2363 483 2414 pronunciasset.
540 2361 629 2399 Tibi
648 2361 782 2413 igitur,
796 2362 961 2407 Lacrite,
974 2365 1127 2410 justum
1143 2361 1249 2399 istud
1271 2374 1356 2399 esse
1375 2360 1540 2407 videtur,
1559 2360 1651 2397 mihi

175 2437 269 2464 vero
297 2426 547 2477 quamobrem
577 2437 654 2462 non
686 2423 787 2462 erit?
818 2425 884 2461 An
914 2437 991 2461 non
1023 2423 1212 2461 universis
1242 2423 1353 2460 nobis
1374 2423 1520 2461 eaedem
1543 2423 1650 2474 leges

177 2487 331 2539 scriptae
351 2493 453 2533 sunt,
475 2493 516 2524 et
535 2485 714 2537 idemjus
731 2485 778 2523 de
797 2485 1037 2523 mercatoriis
1057 2484 1304 2523 actionibus?
1349 2485 1649 2535 Quemquamne

175 2549 230 2588 ita
247 2548 465 2587 vaecordem
485 2561 572 2586 esse
603 2554 642 2586 et
661 2560 798 2585 omnes
827 2547 1011 2585 mortales
1039 2546 1194 2584 vincere
1221 2546 1480 2598 improbitate,
1502 2553 1545 2584 ut
1566 2559 1652 2596 per-

178 2610 344 2649 suadere
363 2610 472 2648 vobis
493 2600 672 2647 instituat
691 2616 735 2646 ut
762 2608 996 2654 decernatis,
1028 2620 1107 2646 non
1140 2607 1310 2645 dandam
1340 2620 1425 2646 esse
1458 2608 1651 2644 actionem

178 2672 218 2710 in
252 2685 374 2711 causa
405 2672 479 2710 hac
513 2670 755 2718 mercatoria,
775 2683 864 2708 cum
895 2682 963 2707 vos
997 2682 1103 2707 nunc
1131 2669 1380 2707 mercatorias
1410 2680 1548 2706 causas
1571 2667 1650 2706 dis-

181 2735 346 2787 ceptetis
359 2734 377 2773 ’ζ

239 2798 299 2835 13.
330 2796 408 2835 Sed
428 2786 521 2848 quid
536 2797 665 2848 jubes,
685 2809 709 2834 ο
731 2795 913 2835 Lacritc?
957 2795 1049 2835 Non
1070 2795 1163 2834 satis
1192 2808 1279 2833 csse
1300 2807 1437 2832 censes
1457 2807 1528 2832 nos
1547 2793 1650 2832 frau-

183 2857 265 2896 dari
283 2859 463 2909 pecunia,
483 2872 601 2910 quam
630 2859 892 2896 mutuavimus
919 2857 1041 2904 vobis,
1063 2858 1132 2896 sed
1153 2871 1176 2895 a
1201 2857 1309 2895 vobis
1332 2856 1370 2893 in
1385 2855 1539 2894 vincula
1558 2868 1651 2894 con-

176 2919 262 2969 jici,
284 2921 429 2959 mulcta
459 2921 617 2973 insuper
644 2921 832 2972 irrogata,
852 2920 891 2957 ni
926 2920 1186 2958 solverimus?
1217 2918 1322 2962 Quid
1358 2918 1539 2969 iniquius,
1561 2918 1653 2969 quid

184 2981 394 3032 indignius,
414 2981 506 3033 quid
525 2983 635 3021 vobis
656 2983 801 3034 turpius
821 2981 901 3020 fieri
934 2988 1065 3033 queat,
1087 2981 1262 3027 Judicoe,
1283 2991 1398 3033 quam
1428 2994 1508 3024 eos,
1531 2981 1592 3032 qui
1614 2981 1651 3018 in

885 3046 907 3079 4
936 3059 958 3080 Λ
