<?xml version="1.0" encoding="UTF-8"?>
<!DOCTYPE html PUBLIC "-//W3C//DTD XHTML 1.0 Transitional//EN"
    "http://www.w3.org/TR/xhtml1/DTD/xhtml1-transitional.dtd">
<html xmlns="http://www.w3.org/1999/xhtml" xml:lang="en" lang="en">
 <head>
  <title>
</title>
<meta http-equiv="Content-Type" content="text/html;charset=utf-8" />
  <meta name='ocr-system' content='tesseract 3.04.00' />
  <meta name='ocr-capabilities' content='ocr_page ocr_carea ocr_par ocr_line ocrx_word'/>
</head>
<body>
  <div class='ocr_page' id='page_1' title='image "./oratoresatticie16dobs_0026.png"; bbox 0 0 1998 3306; ppageno 0'>
   <div class='ocr_carea' id='block_1_1' title="bbox 328 233 1399 280">
    <p class='ocr_par' dir='ltr' id='par_1_1' title="bbox 328 233 1399 280">
     <span class='ocr_line' id='line_1_1' title="bbox 328 233 1399 280; baseline -0.008 0"><span class='ocrx_word' id='word_1_1' title='bbox 328 243 404 280; x_wconf 76' lang='lat'><strong>526</strong></span> <span class='ocrx_word' id='word_1_2' title='bbox 721 237 1012 277; x_wconf 89' lang='lat' dir='ltr'>ADVERSUS</span> <span class='ocrx_word' id='word_1_3' title='bbox 1054 233 1399 274; x_wconf 86' lang='lat' dir='ltr'><strong>APATURIUM.</strong></span> 
     </span>
    </p>
   </div>
   <div class='ocr_carea' id='block_1_2' title="bbox 325 335 1792 455">
    <p class='ocr_par' dir='ltr' id='par_1_2' title="bbox 325 335 1792 455">
     <span class='ocr_line' id='line_1_2' title="bbox 325 335 1792 394; baseline -0.006 -13"><span class='ocrx_word' id='word_1_4' title='bbox 325 344 383 382; x_wconf 88' lang='lat' dir='ltr'><strong>his</strong></span> <span class='ocrx_word' id='word_1_5' title='bbox 405 344 452 381; x_wconf 86' lang='lat' dir='ltr'><strong>de</strong></span> <span class='ocrx_word' id='word_1_6' title='bbox 474 344 588 380; x_wconf 86' lang='lat' dir='ltr'><strong>rebus</strong></span> <span class='ocrx_word' id='word_1_7' title='bbox 609 342 657 381; x_wconf 92' lang='lat' dir='ltr'><strong>de</strong></span> <span class='ocrx_word' id='word_1_8' title='bbox 678 343 816 394; x_wconf 84' lang='lat' dir='ltr'><strong>quibus</strong></span> <span class='ocrx_word' id='word_1_9' title='bbox 836 355 938 380; x_wconf 88' lang='lat' dir='ltr'><strong>nunc</strong></span> <span class='ocrx_word' id='word_1_10' title='bbox 967 340 1104 392; x_wconf 80' lang='lat' dir='ltr'><strong>litigat.</strong></span> <span class='ocrx_word' id='word_1_11' title='bbox 1163 338 1299 377; x_wconf 83' lang='lat' dir='ltr'>Fuisse</span> <span class='ocrx_word' id='word_1_12' title='bbox 1330 344 1459 375; x_wconf 87' lang='lat' dir='ltr'><strong>autem</strong></span> <span class='ocrx_word' id='word_1_13' title='bbox 1489 349 1579 374; x_wconf 88' lang='lat' dir='ltr'><strong>eum</strong></span> <span class='ocrx_word' id='word_1_14' title='bbox 1604 335 1667 374; x_wconf 90' lang='lat' dir='ltr'><strong>hic</strong></span> <span class='ocrx_word' id='word_1_15' title='bbox 1688 347 1792 373; x_wconf 84' lang='lat' dir='ltr'><strong>anno</strong></span> 
     </span>
     <span class='ocr_line' id='line_1_3' title="bbox 327 395 1790 455; baseline -0.006 -13"><span class='ocrx_word' id='word_1_16' title='bbox 327 404 537 455; x_wconf 62' lang='lat' dir='ltr'><strong>praeterito,</strong></span> <span class='ocrx_word' id='word_1_17' title='bbox 553 416 639 441; x_wconf 90' lang='lat' dir='ltr'><strong>cum</strong></span> <span class='ocrx_word' id='word_1_18' title='bbox 654 403 804 452; x_wconf 87' lang='lat' dir='ltr'><strong>judicia</strong></span> <span class='ocrx_word' id='word_1_19' title='bbox 819 408 1104 448; x_wconf 82' lang='lat' dir='ltr'><strong>exercerentur,</strong></span> <span class='ocrx_word' id='word_1_20' title='bbox 1115 401 1279 439; x_wconf 87' lang='lat' dir='ltr'><strong>recitato</strong></span> <span class='ocrx_word' id='word_1_21' title='bbox 1293 397 1515 437; x_wconf 86' lang='lat' dir='ltr'><strong>testimonio</strong></span> <span class='ocrx_word' id='word_1_22' title='bbox 1531 395 1790 449; x_wconf 83' lang='lat' dir='ltr'><strong>cognoscetis.</strong></span> 
     </span>
    </p>
   </div>
   <div class='ocr_carea' id='block_1_3' title="bbox 856 547 1264 586">
    <p class='ocr_par' dir='ltr' id='par_1_3' title="bbox 856 547 1264 586">
     <span class='ocr_line' id='line_1_4' title="bbox 856 547 1264 586; baseline 0.002 -1"><span class='ocrx_word' id='word_1_23' title='bbox 856 547 1264 586; x_wconf 86' lang='lat' dir='ltr'><strong>TESTIMONIUM.</strong></span> 
     </span>
    </p>
   </div>
   <div class='ocr_carea' id='block_1_4' title="bbox 329 638 1795 939">
    <p class='ocr_par' dir='ltr' id='par_1_4' title="bbox 329 638 1795 939">
     <span class='ocr_line' id='line_1_5' title="bbox 329 638 1792 694; baseline -0.003 -14"><span class='ocrx_word' id='word_1_24' title='bbox 329 642 412 693; x_wconf 76' lang='lat' dir='ltr'><strong>Age</strong></span> <span class='ocrx_word' id='word_1_25' title='bbox 433 642 558 693; x_wconf 86' lang='lat' dir='ltr'><strong>legem</strong></span> <span class='ocrx_word' id='word_1_26' title='bbox 578 643 709 688; x_wconf 87' lang='lat' dir='ltr'><strong>etiam,</strong></span> <span class='ocrx_word' id='word_1_27' title='bbox 745 655 833 694; x_wconf 86' lang='lat' dir='ltr'><strong>quae</strong></span> <span class='ocrx_word' id='word_1_28' title='bbox 867 642 1096 693; x_wconf 89' lang='lat' dir='ltr'><strong>sponsiones</strong></span> <span class='ocrx_word' id='word_1_29' title='bbox 1126 656 1278 681; x_wconf 84' lang='lat' dir='ltr'><strong>annuas</strong></span> <span class='ocrx_word' id='word_1_30' title='bbox 1299 655 1388 681; x_wconf 88' lang='lat' dir='ltr'><strong>esse</strong></span> <span class='ocrx_word' id='word_1_31' title='bbox 1402 642 1528 694; x_wconf 88' lang='lat' dir='ltr'><strong>jubet,</strong></span> <span class='ocrx_word' id='word_1_32' title='bbox 1549 638 1640 678; x_wconf 92' lang='lat' dir='ltr'><strong>mihi</strong></span> <span class='ocrx_word' id='word_1_33' title='bbox 1661 638 1792 676; x_wconf 87' lang='lat' dir='ltr'><strong>recita.</strong></span> 
     </span>
     <span class='ocr_line' id='line_1_6' title="bbox 331 701 1794 757; baseline -0.003 -16"><span class='ocrx_word' id='word_1_34' title='bbox 331 702 469 754; x_wconf 86' lang='lat' dir='ltr'><strong>Neque</strong></span> <span class='ocrx_word' id='word_1_35' title='bbox 491 717 580 747; x_wconf 84' lang='lat' dir='ltr'><strong>vero</strong></span> <span class='ocrx_word' id='word_1_36' title='bbox 599 717 646 742; x_wconf 86' lang='lat' dir='ltr'><strong>ea</strong></span> <span class='ocrx_word' id='word_1_37' title='bbox 664 705 750 756; x_wconf 83' lang='lat' dir='ltr'><strong>lege</strong></span> <span class='ocrx_word' id='word_1_38' title='bbox 770 705 824 742; x_wconf 86' lang='lat' dir='ltr'><strong>ita</strong></span> <span class='ocrx_word' id='word_1_39' title='bbox 849 704 962 748; x_wconf 90' lang='lat' dir='ltr'><strong>nitor,</strong></span> <span class='ocrx_word' id='word_1_40' title='bbox 994 711 1050 751; x_wconf 88' lang='lat' dir='ltr'><strong>ut,</strong></span> <span class='ocrx_word' id='word_1_41' title='bbox 1079 704 1110 743; x_wconf 92' lang='lat' dir='ltr'><strong>si</strong></span> <span class='ocrx_word' id='word_1_42' title='bbox 1140 704 1429 757; x_wconf 87' lang='lat' dir='ltr'><strong>spoponderim,</strong></span> <span class='ocrx_word' id='word_1_43' title='bbox 1457 715 1596 756; x_wconf 85' lang='lat' dir='ltr'><strong>poenas</strong></span> <span class='ocrx_word' id='word_1_44' title='bbox 1622 701 1714 739; x_wconf 87' lang='lat' dir='ltr'><strong>dare</strong></span> <span class='ocrx_word' id='word_1_45' title='bbox 1734 712 1794 737; x_wconf 88' lang='lat' dir='ltr'><strong>me</strong></span> 
     </span>
     <span class='ocr_line' id='line_1_7' title="bbox 329 761 1795 818; baseline -0.003 -16"><span class='ocrx_word' id='word_1_46' title='bbox 329 777 406 802; x_wconf 91' lang='lat' dir='ltr'><strong>non</strong></span> <span class='ocrx_word' id='word_1_47' title='bbox 426 773 616 816; x_wconf 84' lang='lat' dir='ltr'><strong>oporteat,</strong></span> <span class='ocrx_word' id='word_1_48' title='bbox 633 766 701 804; x_wconf 90' lang='lat' dir='ltr'><strong>sed</strong></span> <span class='ocrx_word' id='word_1_49' title='bbox 717 779 802 804; x_wconf 87' lang='lat' dir='ltr'><strong>eam</strong></span> <span class='ocrx_word' id='word_1_50' title='bbox 825 766 947 817; x_wconf 84' lang='lat' dir='ltr'><strong>ipsam</strong></span> <span class='ocrx_word' id='word_1_51' title='bbox 966 765 1095 817; x_wconf 80' lang='lat' dir='ltr'><strong>legem</strong></span> <span class='ocrx_word' id='word_1_52' title='bbox 1114 779 1193 804; x_wconf 90' lang='lat' dir='ltr'><strong>non</strong></span> <span class='ocrx_word' id='word_1_53' title='bbox 1215 766 1472 818; x_wconf 84' lang='lat' dir='ltr'><strong>spopondisse</strong></span> <span class='ocrx_word' id='word_1_54' title='bbox 1492 777 1555 803; x_wconf 90' lang='lat' dir='ltr'><strong>me</strong></span> <span class='ocrx_word' id='word_1_55' title='bbox 1575 761 1795 802; x_wconf 88' lang='lat' dir='ltr'><strong>testimonio</strong></span> 
     </span>
     <span class='ocr_line' id='line_1_8' title="bbox 330 823 1795 879; baseline -0.003 -16"><span class='ocrx_word' id='word_1_56' title='bbox 330 826 420 864; x_wconf 88' lang='lat' dir='ltr'><strong>mihi</strong></span> <span class='ocrx_word' id='word_1_57' title='bbox 450 840 538 865; x_wconf 88' lang='lat' dir='ltr'><strong>esse</strong></span> <span class='ocrx_word' id='word_1_58' title='bbox 567 827 740 866; x_wconf 82' lang='lat' dir='ltr'><strong>affirmo:</strong></span> <span class='ocrx_word' id='word_1_59' title='bbox 770 841 858 866; x_wconf 83' lang='lat' dir='ltr'><strong>nam</strong></span> <span class='ocrx_word' id='word_1_60' title='bbox 888 841 935 865; x_wconf 88' lang='lat' dir='ltr'><strong>ex</strong></span> <span class='ocrx_word' id='word_1_61' title='bbox 967 840 1114 879; x_wconf 89' lang='lat' dir='ltr'><strong>sponsu</strong></span> <span class='ocrx_word' id='word_1_62' title='bbox 1144 828 1290 879; x_wconf 84' lang='lat' dir='ltr'><strong>egisset</strong></span> <span class='ocrx_word' id='word_1_63' title='bbox 1325 841 1480 867; x_wconf 90' lang='lat' dir='ltr'><strong>mecum</strong></span> <span class='ocrx_word' id='word_1_64' title='bbox 1513 834 1703 877; x_wconf 87' lang='lat' dir='ltr'><strong>tempore</strong></span> <span class='ocrx_word' id='word_1_65' title='bbox 1721 823 1795 860; x_wconf 86' lang='lat' dir='ltr'><strong>hac</strong></span> 
     </span>
     <span class='ocr_line' id='line_1_9' title="bbox 330 887 638 939; baseline 0.01 -15"><span class='ocrx_word' id='word_1_66' title='bbox 330 887 415 938; x_wconf 83' lang='lat' dir='ltr'><strong>lege</strong></span> <span class='ocrx_word' id='word_1_67' title='bbox 436 889 638 939; x_wconf 82' lang='lat' dir='ltr'><strong>praefinito.</strong></span> 
     </span>
    </p>
   </div>
   <div class='ocr_carea' id='block_1_5' title="bbox 999 991 1117 1030">
    <p class='ocr_par' dir='ltr' id='par_1_5' title="bbox 999 991 1117 1030">
     <span class='ocr_line' id='line_1_10' title="bbox 999 991 1117 1030; baseline 0.008 -1"><span class='ocrx_word' id='word_1_68' title='bbox 999 991 1117 1030; x_wconf 87' lang='lat' dir='ltr'><strong>LEX.</strong></span> 
     </span>
    </p>
   </div>
   <div class='ocr_carea' id='block_1_6' title="bbox 280 1075 1805 2982">
    <p class='ocr_par' dir='ltr' id='par_1_6' title="bbox 330 1075 1801 1314">
     <span class='ocr_line' id='line_1_11' title="bbox 385 1075 1796 1129; baseline -0.001 -14"><span class='ocrx_word' id='word_1_69' title='bbox 385 1079 421 1116; x_wconf 82' lang='lat'><strong>8.</strong></span> <span class='ocrx_word' id='word_1_70' title='bbox 454 1077 512 1114; x_wconf 84' lang='lat' dir='ltr'><strong>Sit</strong></span> <span class='ocrx_word' id='word_1_71' title='bbox 544 1076 660 1127; x_wconf 82' lang='lat' dir='ltr'><strong>igitur</strong></span> <span class='ocrx_word' id='word_1_72' title='bbox 699 1076 773 1114; x_wconf 86' lang='lat' dir='ltr'><strong>hoc</strong></span> <span class='ocrx_word' id='word_1_73' title='bbox 805 1078 917 1114; x_wconf 84' lang='lat' dir='ltr'><strong>etiam</strong></span> <span class='ocrx_word' id='word_1_74' title='bbox 951 1078 1061 1115; x_wconf 89' lang='lat' dir='ltr'><strong>vobis</strong></span> <span class='ocrx_word' id='word_1_75' title='bbox 1099 1084 1330 1129; x_wconf 82' lang='lat' dir='ltr'><strong>argumento</strong></span> <span class='ocrx_word' id='word_1_76' title='bbox 1368 1077 1521 1115; x_wconf 88' lang='lat' dir='ltr'><strong>mentiri</strong></span> <span class='ocrx_word' id='word_1_77' title='bbox 1551 1075 1796 1128; x_wconf 88' lang='lat' dir='ltr'><strong>Apaturium.</strong></span> 
     </span>
     <span class='ocr_line' id='line_1_12' title="bbox 332 1138 1800 1190; baseline 0 -15"><span class='ocrx_word' id='word_1_78' title='bbox 332 1139 433 1175; x_wconf 83' lang='lat' dir='ltr'><strong>Nam</strong></span> <span class='ocrx_word' id='word_1_79' title='bbox 454 1138 484 1176; x_wconf 93' lang='lat' dir='ltr'><strong>si</strong></span> <span class='ocrx_word' id='word_1_80' title='bbox 505 1139 538 1176; x_wconf 89' lang='lat' dir='ltr'><strong>ei</strong></span> <span class='ocrx_word' id='word_1_81' title='bbox 558 1151 626 1190; x_wconf 81' lang='lat' dir='ltr'><strong>pro</strong></span> <span class='ocrx_word' id='word_1_82' title='bbox 646 1138 904 1176; x_wconf 84' lang='lat' dir='ltr'><strong>Parmenonte</strong></span> <span class='ocrx_word' id='word_1_83' title='bbox 933 1139 1243 1190; x_wconf 85' lang='lat' dir='ltr'><strong>spopondissem,</strong></span> <span class='ocrx_word' id='word_1_84' title='bbox 1276 1152 1354 1176; x_wconf 90' lang='lat' dir='ltr'><strong>non</strong></span> <span class='ocrx_word' id='word_1_85' title='bbox 1385 1139 1517 1189; x_wconf 90' lang='lat' dir='ltr'><strong>utique</strong></span> <span class='ocrx_word' id='word_1_86' title='bbox 1543 1138 1654 1176; x_wconf 91' lang='lat' dir='ltr'><strong>istius</strong></span> <span class='ocrx_word' id='word_1_87' title='bbox 1675 1138 1800 1176; x_wconf 88' lang='lat' dir='ltr'><strong>inimi—</strong></span> 
     </span>
     <span class='ocr_line' id='line_1_13' title="bbox 330 1198 1800 1251; baseline 0 -15"><span class='ocrx_word' id='word_1_88' title='bbox 330 1199 440 1237; x_wconf 84' lang='lat' dir='ltr'><strong>citias</strong></span> <span class='ocrx_word' id='word_1_89' title='bbox 461 1206 616 1250; x_wconf 87' lang='lat' dir='ltr'><strong>propter</strong></span> <span class='ocrx_word' id='word_1_90' title='bbox 635 1198 744 1236; x_wconf 85' lang='lat' dir='ltr'><strong>illum</strong></span> <span class='ocrx_word' id='word_1_91' title='bbox 766 1199 1039 1250; x_wconf 86' lang='lat' dir='ltr'><strong>suscepissem,</strong></span> <span class='ocrx_word' id='word_1_92' title='bbox 1060 1201 1152 1238; x_wconf 89' lang='lat' dir='ltr'><strong>dum</strong></span> <span class='ocrx_word' id='word_1_93' title='bbox 1173 1199 1438 1251; x_wconf 86' lang='lat' dir='ltr'><strong>providebam,</strong></span> <span class='ocrx_word' id='word_1_94' title='bbox 1469 1212 1519 1237; x_wconf 90' lang='lat' dir='ltr'><strong>ne</strong></span> <span class='ocrx_word' id='word_1_95' title='bbox 1540 1199 1735 1237; x_wconf 87' lang='lat' dir='ltr'><strong>amitteret</strong></span> <span class='ocrx_word' id='word_1_96' title='bbox 1754 1212 1800 1237; x_wconf 83' lang='lat' dir='ltr'><strong>ea</strong></span> 
     </span>
     <span class='ocr_line' id='line_1_14' title="bbox 332 1260 1801 1314; baseline 0.001 -17"><span class='ocrx_word' id='word_1_97' title='bbox 332 1274 417 1311; x_wconf 86' lang='lat' dir='ltr'><strong>quae</strong></span> <span class='ocrx_word' id='word_1_98' title='bbox 440 1274 506 1311; x_wconf 84' lang='lat' dir='ltr'><strong>per</strong></span> <span class='ocrx_word' id='word_1_99' title='bbox 526 1274 587 1298; x_wconf 89' lang='lat' dir='ltr'><strong>me</strong></span> <span class='ocrx_word' id='word_1_100' title='bbox 609 1260 671 1298; x_wconf 88' lang='lat' dir='ltr'><strong>isti</strong></span> <span class='ocrx_word' id='word_1_101' title='bbox 692 1268 910 1299; x_wconf 80' lang='lat' dir='ltr'><strong>mutuarat:</strong></span> <span class='ocrx_word' id='word_1_102' title='bbox 942 1261 1022 1313; x_wconf 89' lang='lat' dir='ltr'><strong>ipse</strong></span> <span class='ocrx_word' id='word_1_103' title='bbox 1043 1275 1133 1300; x_wconf 86' lang='lat' dir='ltr'><strong>vero</strong></span> <span class='ocrx_word' id='word_1_104' title='bbox 1154 1262 1246 1300; x_wconf 87' lang='lat' dir='ltr'><strong>mihi</strong></span> <span class='ocrx_word' id='word_1_105' title='bbox 1260 1269 1415 1314; x_wconf 91' lang='lat' dir='ltr'><strong>propter</strong></span> <span class='ocrx_word' id='word_1_106' title='bbox 1430 1261 1538 1299; x_wconf 92' lang='lat' dir='ltr'><strong>illum</strong></span> <span class='ocrx_word' id='word_1_107' title='bbox 1559 1261 1664 1313; x_wconf 88' lang='lat' dir='ltr'><strong>apud</strong></span> <span class='ocrx_word' id='word_1_108' title='bbox 1685 1261 1801 1299; x_wconf 86' lang='lat' dir='ltr'><strong>istum</strong></span> 
     </span>
    </p>

    <p class='ocr_par' dir='ltr' id='par_1_7' title="bbox 280 1322 1802 1551">
     <span class='ocr_line' id='line_1_15' title="bbox 331 1322 1799 1375; baseline 0 -16"><span class='ocrx_word' id='word_1_109' title='bbox 331 1322 541 1372; x_wconf 86' lang='lat' dir='ltr'><strong>sponsione</strong></span> <span class='ocrx_word' id='word_1_110' title='bbox 561 1322 736 1373; x_wconf 75' lang='lat' dir='ltr'><strong>obligato,</strong></span> <span class='ocrx_word' id='word_1_111' title='bbox 753 1336 830 1360; x_wconf 92' lang='lat' dir='ltr'><strong>non</strong></span> <span class='ocrx_word' id='word_1_112' title='bbox 851 1323 1055 1362; x_wconf 82' lang='lat' dir='ltr'><strong>cavissem.</strong></span> <span class='ocrx_word' id='word_1_113' title='bbox 1112 1324 1217 1366; x_wconf 81' lang='lat' dir='ltr'><strong>Quid</strong></span> <span class='ocrx_word' id='word_1_114' title='bbox 1237 1323 1341 1362; x_wconf 89' lang='lat' dir='ltr'><strong>enim</strong></span> <span class='ocrx_word' id='word_1_115' title='bbox 1360 1323 1442 1375; x_wconf 87' lang='lat' dir='ltr'><strong>spei</strong></span> <span class='ocrx_word' id='word_1_116' title='bbox 1460 1323 1604 1362; x_wconf 82' lang='lat' dir='ltr'><strong>habere</strong></span> <span class='ocrx_word' id='word_1_117' title='bbox 1625 1330 1799 1375; x_wconf 87' lang='lat' dir='ltr'><strong>poteram</strong></span> 
     </span>
     <span class='ocr_line' id='line_1_16' title="bbox 280 1374 1801 1440; baseline 0 -19"><span class='ocrx_word' id='word_1_118' title='bbox 280 1374 289 1380; x_wconf 51' lang='lat'><strong>,</strong></span> <span class='ocrx_word' id='word_1_119' title='bbox 331 1385 446 1422; x_wconf 89' lang='lat' dir='ltr'><strong>istum</strong></span> <span class='ocrx_word' id='word_1_120' title='bbox 469 1384 560 1422; x_wconf 88' lang='lat' dir='ltr'><strong>mihi</strong></span> <span class='ocrx_word' id='word_1_121' title='bbox 580 1397 798 1436; x_wconf 79' lang='lat' dir='ltr'><strong>parsurum,</strong></span> <span class='ocrx_word' id='word_1_122' title='bbox 820 1398 934 1436; x_wconf 88' lang='lat' dir='ltr'><strong>quem</strong></span> <span class='ocrx_word' id='word_1_123' title='bbox 965 1386 1044 1437; x_wconf 90' lang='lat' dir='ltr'><strong>ipse</strong></span> <span class='ocrx_word' id='word_1_124' title='bbox 1070 1399 1276 1437; x_wconf 83' lang='lat' dir='ltr'><strong>coegeram</strong></span> <span class='ocrx_word' id='word_1_125' title='bbox 1304 1385 1360 1424; x_wconf 80' lang='lat' dir='ltr'><strong>illi</strong></span> <span class='ocrx_word' id='word_1_126' title='bbox 1388 1384 1639 1424; x_wconf 73' lang='lat' dir='ltr'><strong>satisfacere?</strong></span> <span class='ocrx_word' id='word_1_127' title='bbox 1682 1397 1801 1440; x_wconf 70' lang='lat' dir='ltr'><strong>aquo</strong></span> 
     </span>
     <span class='ocr_line' id='line_1_17' title="bbox 331 1438 1802 1499; baseline 0.001 -16"><span class='ocrx_word' id='word_1_128' title='bbox 331 1441 563 1484; x_wconf 81' lang='lat' dir='ltr'><strong>mensariam</strong></span> <span class='ocrx_word' id='word_1_129' title='bbox 585 1447 834 1496; x_wconf 87' lang='lat' dir='ltr'><strong>sponsionem</strong></span> <span class='ocrx_word' id='word_1_130' title='bbox 855 1438 988 1485; x_wconf 85' lang='lat' dir='ltr'><strong>odiose</strong></span> <span class='ocrx_word' id='word_1_131' title='bbox 1006 1448 1243 1499; x_wconf 76' lang='lat' dir='ltr'><strong>exegeram?</strong></span> <span class='ocrx_word' id='word_1_132' title='bbox 1289 1447 1395 1490; x_wconf 81' lang='lat' dir='ltr'><strong>Quid</strong></span> <span class='ocrx_word' id='word_1_133' title='bbox 1415 1448 1463 1486; x_wconf 87' lang='lat' dir='ltr'><strong>ab</strong></span> <span class='ocrx_word' id='word_1_134' title='bbox 1483 1459 1530 1486; x_wconf 91' lang='lat' dir='ltr'><strong>eo</strong></span> <span class='ocrx_word' id='word_1_135' title='bbox 1550 1446 1643 1484; x_wconf 89' lang='lat' dir='ltr'><strong>mihi</strong></span> <span class='ocrx_word' id='word_1_136' title='bbox 1663 1459 1802 1498; x_wconf 84' lang='lat' dir='ltr'><strong>exspe-</strong></span> 
     </span>
     <span class='ocr_line' id='line_1_18' title="bbox 331 1509 1525 1551; baseline -0.004 -4"><span class='ocrx_word' id='word_1_137' title='bbox 331 1509 515 1547; x_wconf 85' lang='lat' dir='ltr'><strong>ctandum</strong></span> <span class='ocrx_word' id='word_1_138' title='bbox 537 1509 750 1546; x_wconf 71' lang='lat' dir='ltr'><strong>abitrarer?</strong></span> <span class='ocrx_word' id='word_1_139' title='bbox 1522 1548 1525 1551; x_wconf 31' lang='lat'>¹</span> 
     </span>
    </p>

    <p class='ocr_par' dir='ltr' id='par_1_8' title="bbox 331 1570 1805 2982">
     <span class='ocr_line' id='line_1_19' title="bbox 386 1570 1802 1624; baseline -0.001 -15"><span class='ocrx_word' id='word_1_140' title='bbox 386 1573 424 1609; x_wconf 82' lang='lat'><strong>9.</strong></span> <span class='ocrx_word' id='word_1_141' title='bbox 448 1571 552 1614; x_wconf 85' lang='lat' dir='ltr'><strong>Quin</strong></span> <span class='ocrx_word' id='word_1_142' title='bbox 571 1570 668 1607; x_wconf 86' lang='lat' dir='ltr'><strong>illud</strong></span> <span class='ocrx_word' id='word_1_143' title='bbox 689 1571 804 1608; x_wconf 86' lang='lat' dir='ltr'><strong>etiam</strong></span> <span class='ocrx_word' id='word_1_144' title='bbox 826 1571 1087 1618; x_wconf 86' lang='lat' dir='ltr'><strong>considerare,</strong></span> <span class='ocrx_word' id='word_1_145' title='bbox 1107 1571 1382 1619; x_wconf 87' lang='lat' dir='ltr'><strong>Athenienses,</strong></span> <span class='ocrx_word' id='word_1_146' title='bbox 1398 1578 1458 1610; x_wconf 86' lang='lat' dir='ltr'><strong>est</strong></span> <span class='ocrx_word' id='word_1_147' title='bbox 1472 1585 1600 1624; x_wconf 80' lang='lat' dir='ltr'><strong>operae</strong></span> <span class='ocrx_word' id='word_1_148' title='bbox 1618 1570 1802 1622; x_wconf 85' lang='lat' dir='ltr'><strong>pretium,</strong></span> 
     </span>
     <span class='ocr_line' id='line_1_20' title="bbox 331 1632 1802 1684; baseline -0.001 -13"><span class='ocrx_word' id='word_1_149' title='bbox 331 1634 365 1672; x_wconf 87' lang='lat' dir='ltr'><strong>si</strong></span> <span class='ocrx_word' id='word_1_150' title='bbox 385 1632 695 1684; x_wconf 85' lang='lat' dir='ltr'><strong>spopondissem,</strong></span> <span class='ocrx_word' id='word_1_151' title='bbox 716 1645 777 1670; x_wconf 89' lang='lat' dir='ltr'><strong>me</strong></span> <span class='ocrx_word' id='word_1_152' title='bbox 797 1646 996 1683; x_wconf 89' lang='lat' dir='ltr'><strong>nunquam</strong></span> <span class='ocrx_word' id='word_1_153' title='bbox 1017 1633 1138 1671; x_wconf 83' lang='lat' dir='ltr'><strong>fuisse</strong></span> <span class='ocrx_word' id='word_1_154' title='bbox 1159 1633 1300 1671; x_wconf 90' lang='lat' dir='ltr'><strong>iturum</strong></span> <span class='ocrx_word' id='word_1_155' title='bbox 1325 1633 1488 1672; x_wconf 84' lang='lat' dir='ltr'><strong>inficias.</strong></span> <span class='ocrx_word' id='word_1_156' title='bbox 1552 1632 1680 1671; x_wconf 83' lang='lat' dir='ltr'><strong>Multo</strong></span> <span class='ocrx_word' id='word_1_157' title='bbox 1700 1633 1802 1670; x_wconf 90' lang='lat' dir='ltr'><strong>enim</strong></span> 
     </span>
     <span class='ocr_line' id='line_1_21' title="bbox 333 1694 1803 1747; baseline -0.001 -14"><span class='ocrx_word' id='word_1_158' title='bbox 333 1694 533 1733; x_wconf 86' lang='lat' dir='ltr'><strong>confitenti</strong></span> <span class='ocrx_word' id='word_1_159' title='bbox 553 1694 645 1731; x_wconf 89' lang='lat' dir='ltr'><strong>mibi</strong></span> <span class='ocrx_word' id='word_1_160' title='bbox 665 1700 705 1732; x_wconf 88' lang='lat' dir='ltr'><strong>et</strong></span> <span class='ocrx_word' id='word_1_161' title='bbox 725 1694 774 1731; x_wconf 87' lang='lat' dir='ltr'><strong>ad</strong></span> <span class='ocrx_word' id='word_1_162' title='bbox 802 1694 1022 1746; x_wconf 78' lang='lat' dir='ltr'><strong>pactionem</strong></span> <span class='ocrx_word' id='word_1_163' title='bbox 1045 1695 1167 1742; x_wconf 88' lang='lat' dir='ltr'><strong>eunti,</strong></span> <span class='ocrx_word' id='word_1_164' title='bbox 1188 1708 1235 1733; x_wconf 85' lang='lat' dir='ltr'><strong>ex</strong></span> <span class='ocrx_word' id='word_1_165' title='bbox 1256 1708 1336 1746; x_wconf 86' lang='lat' dir='ltr'><strong>qua</strong></span> <span class='ocrx_word' id='word_1_166' title='bbox 1354 1696 1500 1734; x_wconf 85' lang='lat' dir='ltr'><strong>factum</strong></span> <span class='ocrx_word' id='word_1_167' title='bbox 1523 1695 1599 1734; x_wconf 85' lang='lat' dir='ltr'><strong>fuit</strong></span> <span class='ocrx_word' id='word_1_168' title='bbox 1625 1707 1803 1747; x_wconf 84' lang='lat' dir='ltr'><strong>compro-</strong></span> 
     </span>
     <span class='ocr_line' id='line_1_22' title="bbox 333 1755 1804 1803; baseline -0.001 -8"><span class='ocrx_word' id='word_1_169' title='bbox 333 1757 508 1803; x_wconf 87' lang='lat' dir='ltr'><strong>missum,</strong></span> <span class='ocrx_word' id='word_1_170' title='bbox 540 1755 685 1794; x_wconf 85' lang='lat' dir='ltr'><strong>firmior</strong></span> <span class='ocrx_word' id='word_1_171' title='bbox 712 1762 816 1794; x_wconf 89' lang='lat' dir='ltr'><strong>esset</strong></span> <span class='ocrx_word' id='word_1_172' title='bbox 835 1756 1023 1794; x_wconf 86' lang='lat' dir='ltr'><strong>defensio.</strong></span> <span class='ocrx_word' id='word_1_173' title='bbox 1079 1755 1218 1794; x_wconf 89' lang='lat' dir='ltr'><strong>Tribus</strong></span> <span class='ocrx_word' id='word_1_174' title='bbox 1250 1756 1353 1794; x_wconf 90' lang='lat' dir='ltr'><strong>enim</strong></span> <span class='ocrx_word' id='word_1_175' title='bbox 1386 1756 1539 1795; x_wconf 83' lang='lat' dir='ltr'><strong>arbitris</strong></span> <span class='ocrx_word' id='word_1_176' title='bbox 1569 1769 1654 1795; x_wconf 90' lang='lat' dir='ltr'><strong>rem</strong></span> <span class='ocrx_word' id='word_1_177' title='bbox 1683 1756 1804 1794; x_wconf 81' lang='lat' dir='ltr'><strong>fuisse</strong></span> 
     </span>
     <span class='ocr_line' id='line_1_23' title="bbox 333 1817 1804 1870; baseline -0.001 -14"><span class='ocrx_word' id='word_1_178' title='bbox 333 1819 572 1870; x_wconf 83' lang='lat' dir='ltr'><strong>permissam,</strong></span> <span class='ocrx_word' id='word_1_179' title='bbox 600 1825 785 1856; x_wconf 82' lang='lat' dir='ltr'><strong>testatum</strong></span> <span class='ocrx_word' id='word_1_180' title='bbox 811 1819 922 1855; x_wconf 88' lang='lat' dir='ltr'><strong>vobis</strong></span> <span class='ocrx_word' id='word_1_181' title='bbox 952 1824 1036 1855; x_wconf 86' lang='lat' dir='ltr'><strong>est:</strong></span> <span class='ocrx_word' id='word_1_182' title='bbox 1069 1831 1157 1856; x_wconf 88' lang='lat' dir='ltr'><strong>cum</strong></span> <span class='ocrx_word' id='word_1_183' title='bbox 1182 1831 1274 1857; x_wconf 86' lang='lat' dir='ltr'><strong>vero</strong></span> <span class='ocrx_word' id='word_1_184' title='bbox 1303 1831 1326 1856; x_wconf 81' lang='lat' dir='ltr'><strong>a</strong></span> <span class='ocrx_word' id='word_1_185' title='bbox 1350 1819 1475 1857; x_wconf 88' lang='lat' dir='ltr'><strong>tribus</strong></span> <span class='ocrx_word' id='word_1_186' title='bbox 1501 1819 1582 1858; x_wconf 86' lang='lat' dir='ltr'><strong>lata</strong></span> <span class='ocrx_word' id='word_1_187' title='bbox 1607 1817 1804 1856; x_wconf 87' lang='lat' dir='ltr'><strong>sententia</strong></span> 
     </span>
     <span class='ocr_line' id='line_1_24' title="bbox 334 1878 1803 1931; baseline 0 -15"><span class='ocrx_word' id='word_1_188' title='bbox 334 1892 411 1917; x_wconf 88' lang='lat' dir='ltr'><strong>non</strong></span> <span class='ocrx_word' id='word_1_189' title='bbox 441 1879 503 1925; x_wconf 86' lang='lat' dir='ltr'><strong>sit,</strong></span> <span class='ocrx_word' id='word_1_190' title='bbox 524 1879 616 1929; x_wconf 89' lang='lat' dir='ltr'><strong>quid</strong></span> <span class='ocrx_word' id='word_1_191' title='bbox 637 1878 819 1929; x_wconf 83' lang='lat' dir='ltr'><strong>neganda</strong></span> <span class='ocrx_word' id='word_1_192' title='bbox 839 1878 1049 1929; x_wconf 88' lang='lat' dir='ltr'><strong>sponsione</strong></span> <span class='ocrx_word' id='word_1_193' title='bbox 1070 1879 1162 1916; x_wconf 90' lang='lat' dir='ltr'><strong>mihi</strong></span> <span class='ocrx_word' id='word_1_194' title='bbox 1181 1879 1418 1918; x_wconf 71' lang='lat' dir='ltr'><strong>voluissem?</strong></span> <span class='ocrx_word' id='word_1_195' title='bbox 1449 1879 1685 1931; x_wconf 85' lang='lat' dir='ltr'><strong>Cognitione</strong></span> <span class='ocrx_word' id='word_1_196' title='bbox 1700 1878 1803 1917; x_wconf 88' lang='lat' dir='ltr'><strong>enim</strong></span> 
     </span>
     <span class='ocr_line' id='line_1_25' title="bbox 334 1939 1802 1992; baseline -0.001 -13"><span class='ocrx_word' id='word_1_197' title='bbox 334 1940 553 1979; x_wconf 87' lang='lat' dir='ltr'><strong>secundum</strong></span> <span class='ocrx_word' id='word_1_198' title='bbox 581 1939 800 1990; x_wconf 84' lang='lat' dir='ltr'><strong>pactionem</strong></span> <span class='ocrx_word' id='word_1_199' title='bbox 826 1952 903 1976; x_wconf 90' lang='lat' dir='ltr'><strong>non</strong></span> <span class='ocrx_word' id='word_1_200' title='bbox 934 1940 1053 1986; x_wconf 87' lang='lat' dir='ltr'><strong>facta,</strong></span> <span class='ocrx_word' id='word_1_201' title='bbox 1082 1953 1155 1978; x_wconf 91' lang='lat' dir='ltr'><strong>nec</strong></span> <span class='ocrx_word' id='word_1_202' title='bbox 1181 1952 1254 1991; x_wconf 87' lang='lat' dir='ltr'><strong>ego</strong></span> <span class='ocrx_word' id='word_1_203' title='bbox 1274 1941 1357 1992; x_wconf 85' lang='lat' dir='ltr'><strong>jam</strong></span> <span class='ocrx_word' id='word_1_204' title='bbox 1387 1941 1598 1992; x_wconf 87' lang='lat' dir='ltr'><strong>sponsione</strong></span> <span class='ocrx_word' id='word_1_205' title='bbox 1626 1940 1802 1978; x_wconf 88' lang='lat' dir='ltr'><strong>tenebar.</strong></span> 
     </span>
     <span class='ocr_line' id='line_1_26' title="bbox 336 2001 1802 2054; baseline 0 -15"><span class='ocrx_word' id='word_1_206' title='bbox 336 2004 466 2044; x_wconf 81' lang='lat' dir='ltr'><strong>Quare</strong></span> <span class='ocrx_word' id='word_1_207' title='bbox 484 2013 743 2052; x_wconf 83' lang='lat' dir='ltr'><strong>nequaquam,</strong></span> <span class='ocrx_word' id='word_1_208' title='bbox 764 2001 940 2047; x_wconf 83' lang='lat' dir='ltr'><strong>Judices,</strong></span> <span class='ocrx_word' id='word_1_209' title='bbox 956 2001 1218 2052; x_wconf 82' lang='lat' dir='ltr'><strong>praetermissa</strong></span> <span class='ocrx_word' id='word_1_210' title='bbox 1236 2016 1328 2040; x_wconf 87' lang='lat' dir='ltr'><strong>vera</strong></span> <span class='ocrx_word' id='word_1_211' title='bbox 1344 2002 1572 2041; x_wconf 87' lang='lat' dir='ltr'><strong>defensione</strong></span> <span class='ocrx_word' id='word_1_212' title='bbox 1588 2002 1620 2041; x_wconf 91' lang='lat' dir='ltr'><strong>si</strong></span> <span class='ocrx_word' id='word_1_213' title='bbox 1634 2015 1802 2054; x_wconf 89' lang='lat' dir='ltr'><strong>spopon-</strong></span> 
     </span>
     <span class='ocr_line' id='line_1_27' title="bbox 336 2063 1803 2110; baseline 0 -8"><span class='ocrx_word' id='word_1_214' title='bbox 336 2064 554 2110; x_wconf 79' lang='lat' dir='ltr'><strong>dissem,ad</strong></span> <span class='ocrx_word' id='word_1_215' title='bbox 571 2063 821 2102; x_wconf 81' lang='lat' dir='ltr'><strong>inficiandum</strong></span> <span class='ocrx_word' id='word_1_216' title='bbox 835 2064 1043 2102; x_wconf 87' lang='lat' dir='ltr'><strong>venissem.</strong></span> <span class='ocrx_word' id='word_1_217' title='bbox 1064 2065 1152 2103; x_wconf 82' lang='lat' dir='ltr'><strong>Jam</strong></span> <span class='ocrx_word' id='word_1_218' title='bbox 1170 2064 1266 2102; x_wconf 88' lang='lat' dir='ltr'><strong>illud</strong></span> <span class='ocrx_word' id='word_1_219' title='bbox 1283 2065 1396 2103; x_wconf 88' lang='lat' dir='ltr'><strong>etiam</strong></span> <span class='ocrx_word' id='word_1_220' title='bbox 1411 2071 1596 2103; x_wconf 85' lang='lat' dir='ltr'><strong>testatum</strong></span> <span class='ocrx_word' id='word_1_221' title='bbox 1611 2064 1719 2102; x_wconf 88' lang='lat' dir='ltr'><strong>vobis</strong></span> <span class='ocrx_word' id='word_1_222' title='bbox 1731 2072 1803 2110; x_wconf 85' lang='lat' dir='ltr'><strong>est,</strong></span> 
     </span>
     <span class='ocr_line' id='line_1_28' title="bbox 335 2124 1804 2177; baseline 0.002 -14"><span class='ocrx_word' id='word_1_223' title='bbox 335 2126 514 2177; x_wconf 77' lang='lat' dir='ltr'><strong>pactione</strong></span> <span class='ocrx_word' id='word_1_224' title='bbox 538 2126 586 2163; x_wconf 87' lang='lat' dir='ltr'><strong>ab</strong></span> <span class='ocrx_word' id='word_1_225' title='bbox 615 2125 697 2163; x_wconf 87' lang='lat' dir='ltr'><strong>istis</strong></span> <span class='ocrx_word' id='word_1_226' title='bbox 726 2124 883 2172; x_wconf 83' lang='lat' dir='ltr'><strong>abolita,</strong></span> <span class='ocrx_word' id='word_1_227' title='bbox 899 2126 1014 2164; x_wconf 88' lang='lat' dir='ltr'><strong>aliam</strong></span> <span class='ocrx_word' id='word_1_228' title='bbox 1043 2127 1159 2165; x_wconf 90' lang='lat' dir='ltr'><strong>istum</strong></span> <span class='ocrx_word' id='word_1_229' title='bbox 1188 2134 1227 2165; x_wconf 92' lang='lat' dir='ltr'><strong>et</strong></span> <span class='ocrx_word' id='word_1_230' title='bbox 1241 2127 1541 2166; x_wconf 86' lang='lat' dir='ltr'><strong>Parmenontem</strong></span> <span class='ocrx_word' id='word_1_231' title='bbox 1557 2128 1804 2167; x_wconf 89' lang='lat' dir='ltr'><strong>conscribere</strong></span> 
     </span>
     <span class='ocr_line' id='line_1_29' title="bbox 336 2187 1802 2240; baseline 0.001 -14"><span class='ocrx_word' id='word_1_232' title='bbox 336 2188 520 2234; x_wconf 85' lang='lat' dir='ltr'><strong>voluisse,</strong></span> <span class='ocrx_word' id='word_1_233' title='bbox 550 2187 661 2239; x_wconf 88' lang='lat' dir='ltr'><strong>quasi</strong></span> <span class='ocrx_word' id='word_1_234' title='bbox 687 2187 791 2226; x_wconf 88' lang='lat' dir='ltr'><strong>irrita</strong></span> <span class='ocrx_word' id='word_1_235' title='bbox 817 2195 948 2226; x_wconf 89' lang='lat' dir='ltr'><strong>essent</strong></span> <span class='ocrx_word' id='word_1_236' title='bbox 974 2201 1020 2226; x_wconf 88' lang='lat' dir='ltr'><strong>ea</strong></span> <span class='ocrx_word' id='word_1_237' title='bbox 1041 2201 1128 2239; x_wconf 89' lang='lat' dir='ltr'><strong>quae</strong></span> <span class='ocrx_word' id='word_1_238' title='bbox 1153 2188 1260 2240; x_wconf 91' lang='lat' dir='ltr'><strong>prius</strong></span> <span class='ocrx_word' id='word_1_239' title='bbox 1297 2189 1397 2228; x_wconf 90' lang='lat' dir='ltr'><strong>inter</strong></span> <span class='ocrx_word' id='word_1_240' title='bbox 1422 2202 1488 2227; x_wconf 88' lang='lat' dir='ltr'><strong>eos</strong></span> <span class='ocrx_word' id='word_1_241' title='bbox 1524 2196 1802 2228; x_wconf 83' lang='lat' dir='ltr'><strong>convenerant.</strong></span> 
     </span>
     <span class='ocr_line' id='line_1_30' title="bbox 338 2249 1802 2303; baseline 0.003 -18"><span class='ocrx_word' id='word_1_242' title='bbox 338 2249 472 2299; x_wconf 82' lang='lat' dir='ltr'><strong>Atqui,</strong></span> <span class='ocrx_word' id='word_1_243' title='bbox 487 2262 576 2287; x_wconf 90' lang='lat' dir='ltr'><strong>cum</strong></span> <span class='ocrx_word' id='word_1_244' title='bbox 593 2249 640 2287; x_wconf 90' lang='lat' dir='ltr'><strong>de</strong></span> <span class='ocrx_word' id='word_1_245' title='bbox 655 2249 785 2287; x_wconf 82' lang='lat' dir='ltr'><strong>futura</strong></span> <span class='ocrx_word' id='word_1_246' title='bbox 800 2249 1022 2301; x_wconf 81' lang='lat' dir='ltr'><strong>cognitione</strong></span> <span class='ocrx_word' id='word_1_247' title='bbox 1035 2250 1149 2289; x_wconf 87' lang='lat' dir='ltr'><strong>aliam</strong></span> <span class='ocrx_word' id='word_1_248' title='bbox 1168 2251 1388 2303; x_wconf 87' lang='lat' dir='ltr'><strong>pactionem</strong></span> <span class='ocrx_word' id='word_1_249' title='bbox 1404 2252 1649 2291; x_wconf 87' lang='lat' dir='ltr'><strong>conscribere</strong></span> <span class='ocrx_word' id='word_1_250' title='bbox 1669 2252 1802 2291; x_wconf 90' lang='lat' dir='ltr'><strong>volue-</strong></span> 
     </span>
     <span class='ocr_line' id='line_1_31' title="bbox 336 2312 1802 2365; baseline 0 -16"><span class='ocrx_word' id='word_1_251' title='bbox 336 2312 410 2350; x_wconf 90' lang='lat' dir='ltr'><strong>rint</strong></span> <span class='ocrx_word' id='word_1_252' title='bbox 439 2312 564 2364; x_wconf 88' lang='lat' dir='ltr'><strong>priore</strong></span> <span class='ocrx_word' id='word_1_253' title='bbox 584 2313 748 2364; x_wconf 85' lang='lat' dir='ltr'><strong>perdita,</strong></span> <span class='ocrx_word' id='word_1_254' title='bbox 766 2325 841 2363; x_wconf 87' lang='lat' dir='ltr'><strong>quo</strong></span> <span class='ocrx_word' id='word_1_255' title='bbox 865 2319 995 2363; x_wconf 87' lang='lat' dir='ltr'><strong>pacto,</strong></span> <span class='ocrx_word' id='word_1_256' title='bbox 1022 2312 1098 2351; x_wconf 86' lang='lat' dir='ltr'><strong>alia</strong></span> <span class='ocrx_word' id='word_1_257' title='bbox 1125 2313 1307 2365; x_wconf 84' lang='lat' dir='ltr'><strong>pactione</strong></span> <span class='ocrx_word' id='word_1_258' title='bbox 1326 2326 1405 2351; x_wconf 92' lang='lat' dir='ltr'><strong>non</strong></span> <span class='ocrx_word' id='word_1_259' title='bbox 1434 2314 1591 2365; x_wconf 86' lang='lat' dir='ltr'><strong>scripta,</strong></span> <span class='ocrx_word' id='word_1_260' title='bbox 1611 2313 1671 2352; x_wconf 92' lang='lat' dir='ltr'><strong>vel</strong></span> <span class='ocrx_word' id='word_1_261' title='bbox 1702 2312 1802 2351; x_wconf 85' lang='lat' dir='ltr'><strong>arbi-</strong></span> 
     </span>
     <span class='ocr_line' id='line_1_32' title="bbox 338 2374 1805 2427; baseline 0.001 -16"><span class='ocrx_word' id='word_1_262' title='bbox 338 2376 453 2413; x_wconf 81' lang='lat' dir='ltr'><strong>trium</strong></span> <span class='ocrx_word' id='word_1_263' title='bbox 473 2374 553 2414; x_wconf 86' lang='lat' dir='ltr'><strong>fieri</strong></span> <span class='ocrx_word' id='word_1_264' title='bbox 573 2375 633 2413; x_wconf 89' lang='lat' dir='ltr'><strong>vel</strong></span> <span class='ocrx_word' id='word_1_265' title='bbox 655 2375 814 2426; x_wconf 90' lang='lat' dir='ltr'><strong>sponsio</strong></span> <span class='ocrx_word' id='word_1_266' title='bbox 835 2374 991 2426; x_wconf 78' lang='lat' dir='ltr'><strong>potuit?</strong></span> <span class='ocrx_word' id='word_1_267' title='bbox 1020 2375 1084 2413; x_wconf 92' lang='lat' dir='ltr'><strong>De</strong></span> <span class='ocrx_word' id='word_1_268' title='bbox 1101 2375 1175 2414; x_wconf 92' lang='lat' dir='ltr'><strong>hoc</strong></span> <span class='ocrx_word' id='word_1_269' title='bbox 1196 2375 1281 2427; x_wconf 90' lang='lat' dir='ltr'><strong>ipso</strong></span> <span class='ocrx_word' id='word_1_270' title='bbox 1302 2376 1405 2413; x_wconf 90' lang='lat' dir='ltr'><strong>enim</strong></span> <span class='ocrx_word' id='word_1_271' title='bbox 1424 2382 1509 2414; x_wconf 85' lang='lat' dir='ltr'><strong>orta</strong></span> <span class='ocrx_word' id='word_1_272' title='bbox 1527 2375 1805 2421; x_wconf 83' lang='lat' dir='ltr'><strong>controversia,</strong></span> 
     </span>
     <span class='ocr_line' id='line_1_33' title="bbox 336 2436 1803 2489; baseline -0.001 -15"><span class='ocrx_word' id='word_1_273' title='bbox 336 2437 490 2475; x_wconf 82' lang='lat' dir='ltr'><strong>tabulas</strong></span> <span class='ocrx_word' id='word_1_274' title='bbox 511 2437 605 2475; x_wconf 87' lang='lat' dir='ltr'><strong>alias</strong></span> <span class='ocrx_word' id='word_1_275' title='bbox 626 2450 705 2474; x_wconf 90' lang='lat' dir='ltr'><strong>non</strong></span> <span class='ocrx_word' id='word_1_276' title='bbox 727 2437 913 2482; x_wconf 88' lang='lat' dir='ltr'><strong>fecerunt,</strong></span> <span class='ocrx_word' id='word_1_277' title='bbox 942 2438 1016 2475; x_wconf 90' lang='lat' dir='ltr'><strong>isto</strong></span> <span class='ocrx_word' id='word_1_278' title='bbox 1036 2451 1170 2483; x_wconf 85' lang='lat' dir='ltr'><strong>unum,</strong></span> <span class='ocrx_word' id='word_1_279' title='bbox 1198 2437 1263 2476; x_wconf 87' lang='lat' dir='ltr'><strong>illo</strong></span> <span class='ocrx_word' id='word_1_280' title='bbox 1284 2444 1360 2476; x_wconf 87' lang='lat' dir='ltr'><strong>tres</strong></span> <span class='ocrx_word' id='word_1_281' title='bbox 1381 2437 1544 2476; x_wconf 90' lang='lat' dir='ltr'><strong>arbitros</strong></span> <span class='ocrx_word' id='word_1_282' title='bbox 1563 2436 1803 2489; x_wconf 85' lang='lat' dir='ltr'><strong>postulante.</strong></span> 
     </span>
     <span class='ocr_line' id='line_1_34' title="bbox 339 2498 1804 2551; baseline 0 -16"><span class='ocrx_word' id='word_1_283' title='bbox 339 2498 552 2550; x_wconf 85' lang='lat' dir='ltr'><strong>Postquam</strong></span> <span class='ocrx_word' id='word_1_284' title='bbox 575 2506 705 2537; x_wconf 86' lang='lat' dir='ltr'><strong>autem</strong></span> <span class='ocrx_word' id='word_1_285' title='bbox 727 2499 850 2550; x_wconf 81' lang='lat' dir='ltr'><strong>prima</strong></span> <span class='ocrx_word' id='word_1_286' title='bbox 868 2499 1013 2550; x_wconf 83' lang='lat' dir='ltr'><strong>pactio,</strong></span> <span class='ocrx_word' id='word_1_287' title='bbox 1033 2513 1112 2550; x_wconf 89' lang='lat' dir='ltr'><strong>qua</strong></span> <span class='ocrx_word' id='word_1_288' title='bbox 1130 2512 1192 2537; x_wconf 88' lang='lat' dir='ltr'><strong>me</strong></span> <span class='ocrx_word' id='word_1_289' title='bbox 1213 2512 1442 2551; x_wconf 87' lang='lat' dir='ltr'><strong>sponsorem</strong></span> <span class='ocrx_word' id='word_1_290' title='bbox 1463 2512 1549 2537; x_wconf 91' lang='lat' dir='ltr'><strong>esse</strong></span> <span class='ocrx_word' id='word_1_291' title='bbox 1568 2499 1714 2537; x_wconf 80' lang='lat' dir='ltr'><strong>factum</strong></span> <span class='ocrx_word' id='word_1_292' title='bbox 1737 2498 1804 2544; x_wconf 84' lang='lat' dir='ltr'><strong>ait,</strong></span> 
     </span>
     <span class='ocr_line' id='line_1_35' title="bbox 337 2561 1803 2612; baseline -0.001 -14"><span class='ocrx_word' id='word_1_293' title='bbox 337 2561 464 2612; x_wconf 89' lang='lat' dir='ltr'><strong>periit,</strong></span> <span class='ocrx_word' id='word_1_294' title='bbox 484 2561 559 2599; x_wconf 86' lang='lat' dir='ltr'><strong>alia</strong></span> <span class='ocrx_word' id='word_1_295' title='bbox 578 2574 669 2599; x_wconf 91' lang='lat' dir='ltr'><strong>vero</strong></span> <span class='ocrx_word' id='word_1_296' title='bbox 690 2561 832 2612; x_wconf 88' lang='lat' dir='ltr'><strong>scripta</strong></span> <span class='ocrx_word' id='word_1_297' title='bbox 852 2574 930 2599; x_wconf 92' lang='lat' dir='ltr'><strong>non</strong></span> <span class='ocrx_word' id='word_1_298' title='bbox 952 2568 1022 2608; x_wconf 87' lang='lat' dir='ltr'><strong>est,</strong></span> <span class='ocrx_word' id='word_1_299' title='bbox 1039 2575 1116 2612; x_wconf 91' lang='lat' dir='ltr'><strong>quo</strong></span> <span class='ocrx_word' id='word_1_300' title='bbox 1131 2561 1220 2612; x_wconf 88' lang='lat' dir='ltr'><strong>jure</strong></span> <span class='ocrx_word' id='word_1_301' title='bbox 1236 2574 1390 2600; x_wconf 91' lang='lat' dir='ltr'><strong>mecum</strong></span> <span class='ocrx_word' id='word_1_302' title='bbox 1409 2574 1527 2612; x_wconf 85' lang='lat' dir='ltr'><strong>agere</strong></span> <span class='ocrx_word' id='word_1_303' title='bbox 1545 2566 1688 2611; x_wconf 90' lang='lat' dir='ltr'><strong>potest,</strong></span> <span class='ocrx_word' id='word_1_304' title='bbox 1708 2572 1803 2597; x_wconf 88' lang='lat' dir='ltr'><strong>con-</strong></span> 
     </span>
     <span class='ocr_line' id='line_1_36' title="bbox 338 2622 1802 2675; baseline -0.003 -14"><span class='ocrx_word' id='word_1_305' title='bbox 338 2632 397 2662; x_wconf 80' lang='lat' dir='ltr'><strong>tra</strong></span> <span class='ocrx_word' id='word_1_306' title='bbox 410 2637 523 2675; x_wconf 90' lang='lat' dir='ltr'><strong>quem</strong></span> <span class='ocrx_word' id='word_1_307' title='bbox 543 2625 678 2675; x_wconf 89' lang='lat' dir='ltr'><strong>nequit</strong></span> <span class='ocrx_word' id='word_1_308' title='bbox 692 2623 862 2675; x_wconf 84' lang='lat' dir='ltr'><strong>proferre</strong></span> <span class='ocrx_word' id='word_1_309' title='bbox 883 2622 1133 2675; x_wconf 77' lang='lat' dir='ltr'><strong>pactionem?</strong></span> <span class='ocrx_word' id='word_1_310' title='bbox 1164 2623 1215 2660; x_wconf 86' lang='lat' dir='ltr'><strong>At</strong></span> <span class='ocrx_word' id='word_1_311' title='bbox 1234 2622 1480 2661; x_wconf 87' lang='lat' dir='ltr'><strong>interdixisse</strong></span> <span class='ocrx_word' id='word_1_312' title='bbox 1499 2622 1802 2659; x_wconf 88' lang='lat' dir='ltr'><strong>Parmenontem</strong></span> 
     </span>
     <span class='ocr_line' id='line_1_37' title="bbox 338 2684 1804 2737; baseline -0.002 -14"><span class='ocrx_word' id='word_1_313' title='bbox 338 2687 519 2725; x_wconf 85' lang='lat' dir='ltr'><strong>Aristocli</strong></span> <span class='ocrx_word' id='word_1_314' title='bbox 539 2700 586 2724; x_wconf 89' lang='lat' dir='ltr'><strong>ne</strong></span> <span class='ocrx_word' id='word_1_315' title='bbox 607 2694 743 2725; x_wconf 88' lang='lat' dir='ltr'><strong>contra</strong></span> <span class='ocrx_word' id='word_1_316' title='bbox 769 2700 809 2724; x_wconf 90' lang='lat' dir='ltr'><strong>se</strong></span> <span class='ocrx_word' id='word_1_317' title='bbox 836 2687 980 2737; x_wconf 85' lang='lat' dir='ltr'><strong>absque</strong></span> <span class='ocrx_word' id='word_1_318' title='bbox 1001 2686 1202 2724; x_wconf 85' lang='lat' dir='ltr'><strong>coarbitris</strong></span> <span class='ocrx_word' id='word_1_319' title='bbox 1224 2684 1511 2736; x_wconf 88' lang='lat' dir='ltr'><strong>pronunciaret,</strong></span> <span class='ocrx_word' id='word_1_320' title='bbox 1531 2689 1717 2722; x_wconf 82' lang='lat' dir='ltr'><strong>testatum</strong></span> <span class='ocrx_word' id='word_1_321' title='bbox 1737 2695 1804 2720; x_wconf 92' lang='lat' dir='ltr'><strong>vo-</strong></span> 
     </span>
     <span class='ocr_line' id='line_1_38' title="bbox 337 2744 1804 2798; baseline -0.001 -14"><span class='ocrx_word' id='word_1_322' title='bbox 337 2748 395 2785; x_wconf 88' lang='lat' dir='ltr'><strong>bis</strong></span> <span class='ocrx_word' id='word_1_323' title='bbox 416 2755 486 2787; x_wconf 88' lang='lat' dir='ltr'><strong>est.</strong></span> <span class='ocrx_word' id='word_1_324' title='bbox 544 2748 662 2791; x_wconf 84' lang='lat' dir='ltr'><strong>Quod</strong></span> <span class='ocrx_word' id='word_1_325' title='bbox 683 2748 713 2785; x_wconf 84' lang='lat' dir='ltr'><strong>si</strong></span> <span class='ocrx_word' id='word_1_326' title='bbox 735 2755 891 2786; x_wconf 87' lang='lat' dir='ltr'><strong>constat</strong></span> <span class='ocrx_word' id='word_1_327' title='bbox 910 2748 1077 2786; x_wconf 89' lang='lat' dir='ltr'><strong>eundem</strong></span> <span class='ocrx_word' id='word_1_328' title='bbox 1097 2747 1294 2785; x_wconf 86' lang='lat' dir='ltr'><strong>hominem</strong></span> <span class='ocrx_word' id='word_1_329' title='bbox 1312 2753 1351 2786; x_wconf 88' lang='lat' dir='ltr'><strong>et</strong></span> <span class='ocrx_word' id='word_1_330' title='bbox 1371 2746 1590 2798; x_wconf 85' lang='lat' dir='ltr'><strong>pactionem</strong></span> <span class='ocrx_word' id='word_1_331' title='bbox 1611 2744 1804 2790; x_wconf 85' lang='lat' dir='ltr'><strong>abolesse,</strong></span> 
     </span>
     <span class='ocr_line' id='line_1_39' title="bbox 338 2807 1803 2861; baseline 0 -16"><span class='ocrx_word' id='word_1_332' title='bbox 338 2821 385 2846; x_wconf 82' lang='lat' dir='ltr'><strong>ex</strong></span> <span class='ocrx_word' id='word_1_333' title='bbox 410 2822 488 2859; x_wconf 82' lang='lat' dir='ltr'><strong>qua</strong></span> <span class='ocrx_word' id='word_1_334' title='bbox 510 2810 705 2848; x_wconf 86' lang='lat' dir='ltr'><strong>arbitrium</strong></span> <span class='ocrx_word' id='word_1_335' title='bbox 725 2809 804 2847; x_wconf 88' lang='lat' dir='ltr'><strong>fieri</strong></span> <span class='ocrx_word' id='word_1_336' title='bbox 824 2810 1092 2855; x_wconf 85' lang='lat' dir='ltr'><strong>conveniebat,</strong></span> <span class='ocrx_word' id='word_1_337' title='bbox 1119 2816 1158 2847; x_wconf 90' lang='lat' dir='ltr'><strong>et</strong></span> <span class='ocrx_word' id='word_1_338' title='bbox 1185 2809 1267 2848; x_wconf 89' lang='lat' dir='ltr'><strong>sine</strong></span> <span class='ocrx_word' id='word_1_339' title='bbox 1289 2808 1441 2861; x_wconf 79' lang='lat' dir='ltr'><strong>arbitris</strong></span> <span class='ocrx_word' id='word_1_340' title='bbox 1466 2807 1617 2846; x_wconf 85' lang='lat' dir='ltr'><strong>caeteris</strong></span> <span class='ocrx_word' id='word_1_341' title='bbox 1647 2812 1803 2846; x_wconf 90' lang='lat' dir='ltr'><strong>senten-</strong></span> 
     </span>
     <span class='ocr_line' id='line_1_40' title="bbox 338 2869 1803 2923; baseline 0 -16"><span class='ocrx_word' id='word_1_342' title='bbox 338 2870 431 2907; x_wconf 85' lang='lat' dir='ltr'><strong>tiam</strong></span> <span class='ocrx_word' id='word_1_343' title='bbox 461 2883 501 2908; x_wconf 89' lang='lat' dir='ltr'><strong>se</strong></span> <span class='ocrx_word' id='word_1_344' title='bbox 535 2872 670 2911; x_wconf 88' lang='lat' dir='ltr'><strong>tulisse</strong></span> <span class='ocrx_word' id='word_1_345' title='bbox 699 2871 782 2923; x_wconf 88' lang='lat' dir='ltr'><strong>ipse</strong></span> <span class='ocrx_word' id='word_1_346' title='bbox 811 2871 968 2919; x_wconf 86' lang='lat' dir='ltr'><strong>fatetur,</strong></span> <span class='ocrx_word' id='word_1_347' title='bbox 1001 2873 1066 2923; x_wconf 90' lang='lat' dir='ltr'><strong>qui</strong></span> <span class='ocrx_word' id='word_1_348' title='bbox 1094 2871 1290 2920; x_wconf 87' lang='lat' dir='ltr'><strong>convenit,</strong></span> <span class='ocrx_word' id='word_1_349' title='bbox 1316 2878 1361 2909; x_wconf 89' lang='lat' dir='ltr'><strong>ut</strong></span> <span class='ocrx_word' id='word_1_350' title='bbox 1394 2870 1448 2908; x_wconf 85' lang='lat' dir='ltr'><strong>illi</strong></span> <span class='ocrx_word' id='word_1_351' title='bbox 1477 2869 1553 2908; x_wconf 84' lang='lat' dir='ltr'><strong>fide</strong></span> <span class='ocrx_word' id='word_1_352' title='bbox 1581 2869 1715 2908; x_wconf 84' lang='lat' dir='ltr'><strong>habita</strong></span> <span class='ocrx_word' id='word_1_353' title='bbox 1743 2881 1803 2906; x_wconf 87' lang='lat' dir='ltr'><strong>me</strong></span> 
     </span>
     <span class='ocr_line' id='line_1_41' title="bbox 342 2932 539 2982; baseline 0.005 -14"><span class='ocrx_word' id='word_1_354' title='bbox 342 2932 511 2982; x_wconf 83' lang='lat' dir='ltr'><strong>perdatis</strong></span> <span class='ocrx_word' id='word_1_355' title='bbox 525 2933 539 2969; x_wconf 68' lang='lat'><strong>2</strong></span> 
     </span>
    </p>
   </div>
  </div>
 </body>
</html>
