1998 3306
293 212 367 249 522
687 210 978 251 ADVERSUS
1022 213 1361 253 APATURIUM.

294 328 340 353 eo
361 313 632 365 commercium
654 315 869 355 intercedat
888 317 946 355 vel
970 318 1170 356 nauticum
1190 318 1250 356 vel
1271 323 1466 363 terrestre,
1486 317 1755 369 exceptionem

296 376 458 427 opposui
480 388 557 414 non
577 375 691 415 licere
713 376 747 415 ei
767 391 884 430 agere
899 378 958 418 his
973 379 1138 430 legibus.
1580 388 1585 390 ’

934 530 1120 569 LEGES.

346 625 384 661 2.
407 625 469 663 Ac
485 626 713 677 Apaturium
735 634 872 665 contra
889 626 960 664 has
980 627 1087 678 leges
1109 626 1211 664 diem
1241 625 1332 664 mihi
1359 625 1502 663 dixisse
1521 631 1560 663 et
1579 623 1678 662 falso
1698 636 1760 662 me

295 698 517 733 accusasse,
546 687 584 725 id
613 701 687 739 ego
708 688 815 726 vobis
839 687 1086 726 multifariam
1104 688 1322 726 ostendam.
1381 687 1480 739 Ego,
1499 687 1675 732 Judices,
1696 685 1764 737 qui

296 748 415 800 longo
428 749 508 801 jam
537 748 710 802 tempore
737 764 783 788 ex
817 757 1036 789 mercatura
1054 756 1246 801 quaestum
1266 750 1380 795 facio,
1402 750 1659 802 aliquousque
1677 749 1762 800 ipse

297 811 391 848 mari
412 824 472 848 me
492 811 801 851 committebam:
832 813 1005 851 nondum
1028 819 1155 851 autem
1176 811 1364 864 septimus
1384 825 1510 851 annus
1538 812 1632 850 abiit
1659 823 1763 859 cum,

297 874 542 924 navigatione
574 875 733 920 omissa,
763 875 979 913 mediocres
1007 887 1101 926 opes
1131 887 1226 925 quas
1255 873 1381 913 habeo
1411 874 1539 912 nautis
1567 872 1764 912 credendo

298 947 378 972 rem
398 934 527 974 facere
549 948 683 974 conor.
742 937 860 979 Quod
879 949 970 975 vero
997 942 1035 975 et
1057 935 1163 975 varia
1192 936 1339 974 accessi
1362 936 1449 974 loca
1469 942 1508 974 et
1527 935 1708 986 frequens
1726 933 1766 972 in

298 1003 469 1035 mercatu
490 1011 634 1044 versor,
656 1012 744 1037 cum
765 998 938 1050 plurimis
959 1011 1092 1036 eorum
1113 998 1177 1049 qui
1200 997 1385 1048 navigant
1408 1003 1522 1036 notus
1544 1009 1648 1040 sum;
1681 1001 1766 1033 tum

297 1057 497 1109 Byzantiis
516 1059 630 1097 valde
650 1059 766 1097 etiam
786 1059 1020 1098 familiariter
1041 1066 1143 1110 utor,
1169 1066 1210 1097 ut
1235 1058 1273 1096 in
1300 1072 1346 1096 ea
1367 1058 1463 1096 urbe
1490 1058 1638 1096 diutius
1657 1069 1765 1096 com-

298 1126 484 1158 moratus.
543 1120 644 1158 Cum
664 1127 794 1159 autem
814 1122 868 1160 ita
888 1135 929 1160 se
950 1134 1011 1160 res
1032 1134 1143 1167 meae,
1166 1128 1207 1159 ut
1232 1120 1334 1167 dico,
1358 1121 1563 1168 haberent,
1581 1119 1661 1158 huc
1679 1131 1769 1171 pro-

298 1181 424 1221 fectus
446 1189 506 1221 est
519 1175 661 1221 abhinc
681 1183 889 1223 triennium
908 1184 981 1222 iste
996 1197 1084 1222 cum
1100 1183 1183 1222 cive
1201 1196 1272 1222 suo
1292 1184 1563 1230 Parmenonte,
1581 1181 1770 1234 Byzantio

300 1255 454 1293 genere,
485 1244 555 1282 sed
583 1245 739 1284 exsule:
771 1259 998 1297 mecumque
1028 1245 1068 1284 in
1098 1252 1270 1284 mercatu
1299 1246 1500 1297 congressi
1531 1245 1769 1284 mentionem

296 1306 473 1355 pecuniae
501 1305 693 1344 fecerunt.
751 1307 934 1346 Debebat
964 1308 1065 1346 enim
1098 1307 1174 1346 iste
1207 1321 1275 1360 pro
1303 1320 1402 1347 nave
1421 1320 1494 1346 sua
1511 1307 1772 1359 quadraginta

285 1367 440 1415 “minas,
461 1374 500 1406 et
527 1382 548 1407 a
580 1364 836 1409 creditoribus
869 1384 936 1422 per
968 1371 1146 1423 injuriam
1179 1370 1234 1409 ita
1262 1372 1489 1422 urgebatur,
1512 1377 1556 1409 ut
1574 1376 1615 1408 et
1631 1381 1770 1408 navem

299 1428 383 1479 ejus
403 1429 712 1481 pignerarentur,
732 1433 838 1483 quod
860 1433 910 1470 ad
937 1433 1040 1471 diem
1068 1446 1147 1471 non
1174 1432 1366 1471 solvisset.
1425 1432 1621 1471 AEstuanti
1640 1437 1771 1471 autem

299 1491 333 1528 ei
363 1498 401 1528 et
428 1492 634 1541 pecuniam
662 1506 740 1531 non
771 1494 930 1532 habenti
964 1507 1004 1533 se
1035 1494 1158 1532 minas
1186 1494 1321 1532 decem
1353 1494 1559 1545 pollicetur
1588 1493 1771 1532 daturum

301 1551 510 1596 Parmen0;
544 1555 614 1592 iste
636 1569 726 1593 vero
747 1568 807 1594 me
828 1563 913 1594 orat
932 1564 975 1594 ut
996 1556 1067 1594 sibi
1082 1555 1241 1607 triginta
1258 1556 1381 1595 minas
1398 1554 1657 1609 suppeditem,
1677 1568 1771 1595 con-

300 1626 467 1663 querens
489 1628 532 1653 se
552 1629 574 1653 a
594 1616 848 1654 creditoribus
870 1619 934 1669 qui
955 1630 1093 1656 navem
1113 1624 1342 1669 appeterent
1370 1618 1409 1655 in
1442 1624 1616 1657 mercatu
1637 1618 1772 1657 tradu-

302 1682 422 1722 ctum,
444 1685 500 1723 ut,
521 1691 561 1715 se
582 1691 628 1715 eo
648 1678 722 1716 loci
746 1678 905 1717 redacto
927 1693 976 1717 ne
999 1679 1203 1730 pecuniam
1224 1678 1386 1718 reddere
1409 1687 1558 1731 posset,
1579 1680 1652 1731 ipsi
1672 1692 1771 1718 nave

301 1738 530 1787 potirentur.
588 1739 645 1776 Ac
667 1739 757 1777 mihi
785 1740 943 1791 quidem
974 1754 1145 1792 praesens
1175 1741 1341 1792 pecunia
1366 1754 1444 1778 non
1464 1748 1560 1787 erat,
1580 1741 1663 1787 sed,
1681 1754 1770 1780 cum

302 1799 350 1835 ab
367 1799 576 1837 Heraclide
592 1801 787 1838 mensario
803 1814 880 1851 quo
903 1803 1040 1839 utebar
1060 1802 1325 1852 impetrassem
1345 1809 1388 1839 ut
1408 1802 1444 1840 ei
1464 1808 1673 1850 mutuaret,
1688 1803 1770 1855 ipse

303 1872 371 1909 pro
400 1873 445 1898 eo
471 1861 676 1912 spopondi.
733 1863 909 1913 Triginta
939 1876 1052 1914 porro
1078 1863 1191 1901 minis
1215 1863 1298 1915 jam
1327 1864 1552 1911 numeratis,
1581 1864 1769 1903 alienatus

304 1928 387 1958 erat
413 1921 461 1958 ab
488 1921 564 1959 isto
589 1921 795 1960 Parmeno.
853 1923 932 1961 Sed
960 1924 1051 1975 quia
1075 1923 1200 1962 minas
1225 1926 1259 1962 ei
1289 1925 1423 1965 decem
1443 1926 1685 1976 promiserat,
1703 1926 1772 1965 ha-

305 1994 464 2032 rumque
484 1989 561 2021 tres
582 1983 759 2028 dederat,
784 1985 832 2022 ob
852 1985 954 2022 hanc
975 1999 1092 2036 quam
1120 1986 1236 2024 modo
1256 1987 1334 2025 dixi
1356 1987 1561 2039 pecuniam
1580 1988 1772 2039 reliquum

304 2042 419 2080 etiam
437 2043 528 2081 dare
545 2045 770 2095 cogebatur.
819 2046 874 2084 Ac
892 2047 973 2097 ipse
995 2047 1069 2086 hac
1087 2047 1134 2086 de
1151 2061 1270 2086 causa
1282 2049 1410 2088 facere
1421 2050 1576 2089 tabulas
1592 2050 1770 2089 nolebat:

305 2116 366 2140 me
386 2116 476 2142 vero
497 2104 550 2142 ita
571 2117 635 2143 eas
655 2106 845 2145 conficere
871 2108 1048 2159 jubebat,
1075 2117 1117 2146 ut
1148 2109 1218 2147 sibi
1251 2112 1395 2161 optime
1415 2119 1628 2150 caveretur.
1687 2112 1772 2164 Ego

305 2165 476 2216 acceptis
498 2172 646 2217 septem
668 2180 690 2205 a
709 2167 971 2208 Parmenonte
992 2171 1120 2218 minis,
1141 2178 1180 2209 et
1208 2171 1296 2219 isto,
1311 2179 1389 2211 tres
1410 2173 1496 2212 illas
1515 2187 1611 2225 quas
1631 2175 1680 2213 ab
1700 2174 1769 2213 illo

304 2234 509 2278 acceperat
537 2234 667 2275 antea,
696 2242 827 2268 coram
856 2231 1053 2280 confesso,
1085 2246 1172 2271 emo
1203 2246 1342 2272 navem
1374 2236 1422 2272 ab
1443 2248 1490 2273 eo
1509 2242 1550 2274 et
1567 2235 1771 2287 mancipia,

305 2287 430 2326 donec
459 2289 594 2328 decem
623 2291 747 2329 minas
776 2292 956 2332 redderet
983 2308 1081 2345 quas
1113 2309 1181 2347 per
1212 2309 1273 2334 me
1300 2304 1520 2348 acceperat,
1549 2298 1773 2349 ettriginta

305 2361 470 2399 quarum
505 2364 565 2389 me
598 2364 826 2403 sponsorem
856 2357 1050 2395 mensario
1081 2357 1352 2399 constituerat.
1417 2360 1476 2398 Ac
1508 2368 1552 2398 ut
1585 2373 1646 2398 me
1680 2373 1771 2400 vera

306 2410 433 2449 dicere
454 2420 622 2461 constet,
643 2414 772 2453 audite
793 2416 1025 2456 testimonia.

858 2569 1219 2610 TESTIMONIA.

360 2660 397 2696 3.
425 2659 484 2697 Ad
513 2658 618 2698 hunc
648 2661 806 2700 modum
841 2664 1051 2703 creditores
1080 2666 1248 2705 absolvit
1274 2667 1509 2719 Apaturius:
1544 2681 1621 2707 non
1649 2669 1770 2709 multo

305 2726 395 2770 post
419 2733 552 2760 mensa
581 2735 730 2769 eversa,
757 2731 797 2762 et
829 2724 1034 2764 Heraclide
1067 2727 1174 2766 initio
1194 2728 1384 2776 latitante,
1406 2728 1481 2767 iste
1512 2742 1581 2782 per
1609 2730 1769 2770 insidias

304 2779 466 2820 Athenis
485 2783 664 2834 ablegare
687 2785 882 2837 mancipia
901 2794 939 2825 et
957 2794 1071 2838 portu
1087 2802 1226 2829 navem
1248 2790 1417 2829 educere
1432 2791 1610 2831 instituit.
1655 2793 1769 2833 Unde

305 2841 427 2891 prima
456 2856 544 2882 cum
576 2858 623 2885 eo
657 2846 748 2885 mibi
779 2850 1044 2889 controversia
1068 2852 1227 2890 exstitit.
1284 2852 1566 2893 Animadversa
1597 2854 1700 2896 enim
1729 2868 1770 2898 re

305 2901 496 2943 Parmeno
527 2913 566 2944 et
597 2908 790 2960 mancipia
818 2923 906 2960 quae
935 2911 1232 2952 abducebantur
1260 2914 1408 2966 arripit,
1439 2921 1479 2954 et
1509 2929 1648 2956 navem
1680 2930 1770 2957 eum

304 2976 546 3005 commovere
566 2976 679 3018 portu
700 2971 893 3022 prohibet,
913 2979 953 3011 et
971 2973 1065 3012 mihi
1083 2975 1273 3015 accersito
1294 2977 1374 3015 rein
1388 2984 1531 3017 narrat.
1589 2980 1680 3022 Qua
1693 2991 1767 3030 ego
