1965 3356
217 460 621 501 ARGUMENTUM
655 460 952 498 ORATIONIS
983 459 1275 499 ADVERSUS
1315 459 1568 499 SPUDIAM

732 521 841 560 PRO
881 521 1043 559 DOTE.

210 634 305 666 Pon·
313 644 440 666 socrus
456 633 505 665 vir
521 631 733 668 Atheniensis,
748 632 876 662 duarum
900 632 1027 662 filiarum
1045 630 1309 671 pater,juniorem
1330 630 1469 660 Leocrati
1493 629 1625 670 primum

164 685 230 720 dat,
244 685 354 716 deinde
372 684 520 725 spudiae:
543 685 688 723 majorem
714 684 744 713 ei
770 684 822 723 qui
848 694 916 714 cum
942 683 1061 722 Spudia
1082 683 1194 722 litigat.
1238 682 1284 712 At
1302 682 1486 722 Polyeuctus
1502 681 1626 720 quidem

167 735 306 771 moritur,
323 737 443 766 filiabus
459 735 567 765 relicta
583 735 761 764 haereditale
778 745 816 764 ex
830 745 929 774 aequo.
966 734 1096 774 Majoris
1113 739 1215 764 antem
1232 733 1356 762 maritus
1371 733 1415 762 ait
1430 733 1630 772 quadraginta

166 786 226 817 sibi
241 786 337 816 minas
353 786 418 816 doti
435 796 503 815 esse
520 785 632 821 dictas,
648 796 707 815 non
724 794 823 815 tamen
840 790 933 815 totam
951 785 1053 815 statim
1069 795 1137 815 esse
1150 784 1358 821 numeratam,
1373 783 1426 813 sed
1443 783 1549 812 decem
1573 782 1630 812 rni-

165 837 212 867 nis
225 837 337 874 minus,
353 837 570 875 viventemque
585 837 701 866 fassum
723 846 791 866 esse
814 837 1013 874 Polyeuctum
1030 846 1064 865 se
1080 836 1192 865 debere
1209 845 1270 871 eas,
1290 840 1330 868 et,
1344 834 1534 869 moriturum,
1546 835 1630 864 aedes

166 888 296 927 reliquis
310 887 399 917 bonis
416 886 580 922 exemisse,
596 897 708 926 easque
724 887 762 917 ad
780 887 915 916 debitum
932 886 1162 917 dissolvendum
1176 886 1300 915 dedisse
1315 895 1322 914 :
1347 886 1512 915 Leocrates
1528 891 1629 915 autem

166 939 313 978 postulat,
329 944 363 968 ut
379 939 425 968 hae
441 938 500 968 sint
516 948 707 975 communes,
724 944 756 968 ut
775 942 886 968 caetera
902 937 1012 968 omnia.
1068 938 1147 967 Haec
1175 937 1336 976 potissima
1352 941 1400 967 est
1420 936 1628 967 controversia

168 991 265 1022 totius
283 990 438 1021 orationis.
463 989 650 1020 criminatur
665 990 756 1020 etiam
772 990 842 1020 aliis
858 990 897 1019 de
911 991 1004 1019 rebus
1021 990 1170 1029 Spudiam
1186 1000 1192 1018 ε
1216 989 1260 1019 ait
1275 989 1356 1019 enim
1372 999 1440 1018 eum
1457 987 1630 1027 pecuniam.

169 1052 259 1080 quam
274 1046 306 1072 et
320 1048 449 1083 propter
464 1041 670 1081 Polyeuetum
687 1047 719 1071 et
742 1041 833 1071 filiam
856 1046 929 1070 natu
954 1042 1098 1083 majorem
1124 1041 1247 1077 debeat,
1262 1051 1321 1070 non
1343 1039 1509 1079 protulisse
1523 1039 1552 1068 in
1568 1049 1631 1068 me-

169 1093 265 1130 dium,
281 1095 362 1133 quod
379 1095 490 1124 sactum
507 1094 708 1134 oportuisset.
753 1095 829 1123 Cum
856 1104 928 1123 vero
951 1093 1084 1134 Spudias
1106 1093 1181 1123 illud
1203 1104 1324 1134 quoque
1343 1093 1440 1128 dicat,
1458 1103 1490 1122 se
1506 1091 1633 1131 triginta

169 1145 265 1175 minas
281 1146 346 1174 doti
370 1145 540 1184 accepisse,
555 1145 687 1175 maxime
703 1145 827 1184 quidem
845 1146 1016 1184 Polyeuoto
1036 1144 1067 1174 id
1090 1146 1190 1175 facere
1205 1145 1330 1175 licuisse
1347 1144 1437 1180 dicit,
1451 1144 1476 1173 si
1493 1142 1581 1173 alteri
1599 1143 1632 1172 fi-

168 1195 279 1225 liarum
292 1193 438 1233 majorem
452 1195 555 1224 dotem
572 1196 645 1224 dare
661 1194 806 1230 voluerit,
821 1199 851 1224 et
872 1205 931 1224 non
947 1205 1051 1234 parem
1067 1195 1199 1233 utrique.
1243 1195 1365 1225 Deinde
1381 1194 1526 1229 ostendit,
1542 1193 1632 1222 etiam

168 1245 247 1275 illud
261 1245 337 1275 falso
352 1255 489 1275 asserere
507 1244 655 1284 Spudiam
669 1256 675 1274 :
702 1246 753 1284 qui
770 1245 893 1284 triginta
910 1245 1009 1275 minas
1022 1245 1053 1274 in
1067 1250 1194 1287 argento
1211 1246 1380 1285 acceperit,
1395 1245 1502 1275 decem
1517 1255 1590 1274 vero
1604 1244 1633 1274 in

170 1301 257 1328 veste
272 1301 304 1328 et
318 1307 405 1334 auro,
418 1307 485 1337 quae
501 1296 600 1337 pluris
616 1296 707 1327 etiam
721 1297 781 1327 sint
797 1307 885 1337 quam
900 1298 1007 1327 decem
1020 1296 1181 1328 minarum.

534 1618 1271 1674 DEMOSTHENIS

587 1775 867 1824 CONTRA
915 1777 990 1825 SP
1000 1777 1223 1826 UDIAM

516 1925 669 1968 PRO
732 1926 938 1968 DOTE
989 1927 1291 1971 ORATIO.

229 2036 264 2072 1.
299 2035 496 2072 SORORES
526 2033 715 2073 habemus
747 2048 892 2074 uxores
926 2049 1000 2086 ego
1032 2044 1071 2075 et
1103 2037 1285 2088 Spudias,
1315 2038 1491 2085 Judices,
1522 2039 1637 2091 Poly-

172 2095 275 2134 eueti
295 2095 394 2135 filias
407 2109 418 2140 ;
454 2096 520 2148 qui
545 2109 633 2135 cum
651 2097 770 2136 virilis
799 2110 915 2136 sexus
940 2098 1070 2137 liberis
1091 2100 1209 2138 orbus
1238 2100 1388 2147 obierit,
1409 2114 1529 2153 cogor
1547 2114 1634 2139 cum

171 2157 248 2195 isto
268 2157 317 2195 de
344 2157 487 2197 relictis
511 2158 626 2197 bonis
655 2157 819 2210 litigare.
878 2159 995 2203 Quod
1025 2159 1112 2207 nisi,
1132 2161 1307 2208 Judices,
1328 2174 1440 2200 omne
1465 2162 1637 2201 studium

173 2227 216 2257 et
242 2218 483 2269 diligentiam
518 2219 783 2259 adhibuissem
807 2227 851 2259 ut
878 2234 941 2259 res
976 2221 1265 2273 transigeretur,
1293 2235 1365 2262 nec
1394 2224 1526 2262 amicis
1557 2237 1636 2262 rem

173 2280 395 2332 permittere
422 2280 643 2329 voluissem,
671 2283 753 2333 ipse
785 2296 847 2321 me
875 2296 1115 2331 accusarem,
1136 2284 1168 2322 si
1193 2285 1417 2324 maluissem
1444 2285 1572 2324 litibus
1601 2294 1640 2324 et

172 2342 358 2381 molestiis
385 2342 614 2390 conflictari,
642 2357 758 2395 quam
792 2358 949 2395 parvam
970 2346 1163 2397 jacturam
1191 2346 1312 2386 ferre:
1343 2361 1448 2386 nunc
1468 2361 1546 2399 quo
1565 2361 1639 2399 ego

175 2404 306 2444 mitius
326 2411 371 2445 et
383 2405 592 2444 humanius
612 2419 702 2444 cum
730 2407 802 2446 isto
827 2409 1007 2459 agebam,
1026 2421 1073 2447 oo
1093 2410 1217 2460 magis
1242 2411 1291 2448 ab
1312 2424 1357 2449 eo
1378 2411 1637 2449 cotemnebar.

177 2466 315 2516 Neque
333 2479 408 2518 ego
427 2467 605 2518 profecto
635 2482 740 2507 nunc
773 2469 827 2508 ita
859 2476 902 2508 ut
932 2470 1003 2509 iste
1033 2484 1125 2521 erga
1153 2472 1228 2510 hoc
1255 2473 1446 2523 judicium
1476 2473 1638 2511 affectus

175 2540 282 2566 sum:
311 2528 376 2578 qui
406 2528 564 2580 quidem
585 2542 669 2568 eam
695 2544 774 2569 rem
795 2532 899 2582 parvi
919 2532 1025 2579 facit,
1046 2546 1148 2585 saepe
1169 2534 1307 2572 solitus
1329 2534 1365 2572 in
1385 2541 1636 2586 conspectum

175 2595 346 2627 vestrum
376 2591 526 2635 venire;
558 2604 632 2643 ego
656 2605 749 2631 vero
779 2593 946 2644 idipsum
975 2602 1119 2640 metuo,
1149 2607 1197 2632 ne
1230 2603 1387 2647 propter
1410 2596 1638 2648 imperitiam

174 2651 282 2690 vobis
294 2665 373 2690 rem
389 2653 581 2703 esplicare
596 2667 802 2705 nequeam.
833 2655 911 2694 Sed
927 2663 1071 2703 tamen,
1084 2657 1110 2695 J
1114 2656 1260 2703 udices,
1280 2657 1583 2696 animadvertite.

229 2714 268 2750 2.
297 2712 537 2765 Polyeuctus
557 2715 715 2766 quidam
735 2717 934 2756 Thriasius
954 2718 1039 2765 fuit,
1056 2732 1174 2770 quem
1192 2719 1358 2757 fortasse
1383 2732 1452 2757 nec
1472 2726 1639 2756 vestrum

177 2773 294 2825 aliqui
323 2775 516 2827 ignorant.
572 2778 613 2816 Is
649 2778 903 2831 Polyeuctus‚
929 2794 1016 2819 cum
1045 2795 1123 2819 non
1153 2782 1312 2819 haberet
1334 2794 1459 2819 mares
1484 2781 1640 2825 liberos,

179 2834 339 2886 adoptat
356 2838 579 2878 Leocratem
599 2840 755 2878 fratrem
778 2842 911 2880 uxoris
932 2856 1025 2881 suae.
1062 2843 1162 2882 Cum
1184 2857 1272 2880 vero
1291 2842 1388 2881 duas
1406 2843 1641 2894 suscepisset

178 2895 275 2935 filias
297 2911 318 2936 e
338 2912 464 2940 sorore
487 2901 699 2951 Leocratis,
720 2910 813 2943 natu
834 2905 1016 2956 majorem
1038 2905 1128 2944 mihi
1147 2905 1328 2949 collocat,
1345 2905 1459 2945 dictis
1476 2905 1641 2956 quadra-
