1915 3356
630 184 687 223 IN
724 186 1162 227 CTESIPHONTEM.
1566 190 1616 229 85

144 285 258 337 jubet
278 284 536 325 Macedonas.
567 287 834 326 Veruntamen
860 290 899 326 in
918 289 1120 334 concione,
1147 304 1234 341 quae
1267 304 1365 330 xxv.
1393 292 1454 331 die
1482 291 1614 332 habita

151 353 224 393 est,
245 353 400 384 senator
429 360 518 385 cum
545 355 664 393 esset,
684 349 789 387 facta
809 349 978 387 coitione
1007 349 1046 386 in
1078 363 1166 387 eum
1196 353 1369 391 ordinem
1394 361 1615 405 cooptatus,

152 407 450 458 Cersobleptem
487 410 592 447 socio
622 417 662 448 et
695 410 870 460 adjutore
902 409 1122 447 Philocrate
1151 411 1254 450 hosti
1287 415 1450 453 dedidit.
1502 417 1615 454 Clam

149 468 254 506 enim
279 469 353 508 hoc
374 484 527 521 quoque
548 471 647 508 inter
667 471 742 509 alia
761 471 917 508 decreto
940 484 1009 508 suo
1030 472 1228 523 inscripsit
1256 475 1513 523 Philocrates,
1545 491 1615 529 po-

130 532 232 586 ¹'puli
252 545 340 570 vero
359 532 549 583 suffragiis
569 532 744 583 permisit
765 533 1065 578 Demosthenes,
1091 540 1135 572 ut
1162 547 1208 572 eo
1239 535 1324 585 ipso
1357 538 1417 575 die
1448 538 1616 591 Philippi

149 593 291 643 legatis
304 593 587 644 jusjurandum
612 593 749 631 darent
777 594 967 632 sociorum
995 608 1260 634 consessores.
1304 598 1341 633 A
1363 599 1616 651 Cersoblepte

150 667 265 705 porro
284 655 350 705 qui
382 656 420 692 in
442 655 608 693 concilio
629 655 786 694 sederet
805 657 940 694 aderat
970 671 1108 696 nemo:
1139 671 1228 696 cum
1260 658 1377 709 igitur
1401 661 1618 711 scripsisset

149 724 195 754 ut
222 717 247 755 ii
277 718 343 768 qui
371 716 596 756 assidebant
616 718 807 769 jurarent,
839 719 1134 771 Cersobleptem
1165 734 1189 758 a
1216 734 1293 772 quo
1322 721 1452 760 nullus
1482 723 1617 761 aderat

149 791 356 817 consessor
369 779 626 831 jurejurando
646 781 823 818 exclusit.
869 781 926 820 Ut
947 789 1076 820 autem
1096 796 1187 833 vera
1206 797 1268 820 me
1290 783 1433 822 dixisse
1454 791 1618 831 constet,

148 839 272 879 recita
291 841 397 888 mihi,
417 842 504 892 quis
523 843 609 880 haec
629 843 838 893 scripserit,
868 843 957 894 quis
976 844 1066 882 item
1087 845 1276 896 proedrus
1303 846 1442 885 eadem
1466 846 1506 884 in
1536 847 1618 886 suf-

147 901 275 954 fragia
295 904 453 941 miserit.

574 1009 896 1048 DECRETUM.
928 1009 1244 1050 PROEDRUS.

203 1097 269 1134 28.
299 1095 509 1142 Praeclara,
542 1094 819 1140 Athenienses,
843 1095 1032 1146 praeclara
1060 1097 1237 1146 profecto
1264 1111 1325 1136 res
1355 1106 1417 1137 est
1444 1107 1618 1138 actorum

149 1157 393 1208 publicorum
414 1156 606 1194 custodia.
656 1156 823 1193 Immota
841 1156 940 1193 enim
970 1164 1115 1202 manet,
1139 1172 1263 1209 neque
1283 1172 1361 1197 una
1380 1174 1468 1199 cum
1488 1163 1534 1200 iis
1555 1163 1620 1213 qui

149 1218 190 1256 in
216 1231 296 1268 rep.
327 1216 638 1256 administranda
672 1218 900 1267 transfugas
932 1225 1057 1268 agunt
1086 1219 1325 1267 immutatur,
1357 1223 1423 1260 sed
1458 1224 1619 1275 populo,

150 1280 373 1331 ubicunque
388 1280 563 1324 voluerit,
583 1286 815 1330 potestatem
836 1280 930 1318 facit
949 1293 1016 1318 eos
1036 1283 1311 1332 perspiciendi,
1332 1285 1398 1334 qui
1418 1299 1506 1323 cum
1528 1287 1620 1324 olim

147 1341 327 1380 scelerati
356 1341 446 1387 sint,
465 1354 572 1378 nunc
591 1340 673 1378 vice
692 1354 802 1379 versa
831 1341 982 1379 virtutis
1003 1343 1171 1393 speciem
1190 1358 1269 1395 prae
1293 1358 1333 1382 se
1355 1346 1498 1383 ferunt.
1544 1348 1621 1385 Re-

147 1405 299 1455 liquum
319 1413 390 1450 est,
417 1410 461 1441 ut
488 1403 610 1454 ipsius
641 1403 905 1441 adulationem
940 1417 1252 1444 commemorem.
1303 1407 1406 1445 Nam
1433 1421 1522 1446 cum
1552 1423 1621 1460 per

148 1478 309 1513 annum,
329 1465 605 1511 Athenienses,
626 1471 781 1503 senator
800 1465 936 1503 fuisset
955 1466 1258 1513 Demosthenes,
1278 1468 1405 1506 nullos
1433 1483 1522 1507 eum
1548 1484 1621 1509 un-

151 1543 270 1582 quam
288 1529 438 1581 legatos
459 1529 509 1567 ad
528 1529 740 1581 principem
761 1529 890 1578 locum
910 1542 1073 1568 vocasse
1093 1538 1331 1581 compertum
1354 1533 1438 1579 erit,
1466 1533 1535 1571 sed
1556 1534 1621 1573 illo

151 1593 345 1631 duntaxat
363 1598 536 1643 tempore
564 1598 604 1630 et
620 1598 714 1629 tunc
734 1591 900 1642 primum
921 1592 1081 1641 Philippi
1099 1592 1251 1643 legatos
1280 1594 1319 1631 in
1340 1594 1453 1632 sedes
1474 1595 1620 1646 prImas

149 1654 318 1699 vocavit,
341 1660 379 1692 et
399 1653 578 1704 pulvinos
599 1653 792 1705 apposuit,
814 1659 854 1691 et
874 1654 1050 1705 stragula
1070 1655 1235 1705 punicea
1254 1655 1551 1704 circumstravit,
1581 1664 1622 1696 et

149 1716 272 1768 primo
291 1729 447 1767 quoque
469 1715 643 1753 diluculo
673 1715 715 1752 iis
744 1715 781 1752 in
804 1715 998 1754 theatrum
1020 1717 1183 1768 praeivit,
1204 1725 1246 1755 ut
1267 1718 1378 1756 etiarn
1403 1719 1523 1757 sibilis
1553 1732 1620 1758 ex-

151 1779 343 1830 ciperetur
371 1779 420 1816 ob
441 1783 593 1829 gestum
612 1777 837 1815 indecorum
867 1784 906 1815 et
912 1778 1122 1829 faeditatem
1143 1779 1391 1818 adulationis.
1441 1780 1622 1832 Denique

152 1854 240 1879 cum
262 1840 420 1878 Thebas
440 1840 603 1884 abirent,
624 1839 698 1877 tria
723 1839 910 1877 conduxit
941 1840 988 1877 iis
1017 1841 1210 1878 mulorum
1225 1842 1336 1892 juga,
1369 1855 1516 1893 eosque
1539 1842 1622 1894 ipse

151 1902 307 1939 Thebas
320 1914 443 1951 usque
463 1900 640 1946 deduxit,
660 1899 863 1938 ridiculam
884 1901 1051 1939 reddens
1073 1901 1268 1939 civitatem
1291 1911 1478 1941 nostram.
1529 1905 1624 1951 Sed,

152 1970 197 2002 ut
222 1963 260 2001 in
280 1962 477 2014 proposito
490 1974 684 2006 maneam,
702 1974 798 2012 cape
815 1961 907 1998 mihi
923 1962 1122 1999 decretum
1139 1961 1188 1999 de
1203 1962 1334 2012 primis
1352 1964 1522 2002 sedibus.

717 2101 1046 2141 DECRETUM.

206 2193 273 2230 29.
304 2192 386 2230 Iste
406 2190 537 2241 igitur,
568 2189 839 2235 Athenienses,
872 2195 952 2226 tam
985 2189 1148 2240 insignis
1178 2197 1409 2238 assentator,
1439 2206 1527 2232 cum
1555 2209 1624 2247 por

153 2252 379 2291 Charidemi
406 2252 670 2302 exploratores
691 2251 837 2301 primus
857 2250 1028 2288 omnium
1049 2251 1097 2289 de
1118 2251 1274 2290 interitu
1296 2253 1463 2306 Philippi
1484 2259 1626 2296 certior

151 2316 283 2354 factus
313 2320 431 2360 esset,
470 2313 602 2350 divino
632 2312 802 2363 quodam
838 2313 988 2350 somnio
1020 2312 1091 2350 sibi
1125 2313 1292 2352 conficto
1325 2318 1529 2356 ementitus
1550 2328 1624 2367 est,

152 2376 315 2429 proinde
335 2375 448 2426 quasi
468 2388 543 2413 non
565 2387 588 2412 a
618 2374 865 2418 Charidemo‚
887 2375 957 2412 sed
987 2388 1009 2412 a
1036 2375 1136 2413 Jove
1166 2382 1204 2413 et
1233 2376 1410 2416 Minerva
1439 2381 1623 2420 nuncium

152 2438 385 2489 accepisset,
418 2450 517 2488 quos
538 2436 704 2474 interdiu
731 2436 903 2487 perjuriis
933 2436 1082 2474 violans
1112 2444 1233 2475 noctu
1266 2452 1397 2476 secum
1432 2442 1623 2492 colloquia

151 2501 296 2539 habere
315 2500 368 2537 ait
394 2506 434 2537 et
462 2512 549 2549 quae
583 2498 660 2536 sint
688 2498 817 2536 futura
849 2498 1084 2549 praedicere:
1115 2507 1154 2536 at
1186 2501 1350 2550 septimo
1377 2501 1439 2539 die
1470 2516 1516 2540 ex
1547 2517 1623 2554 quo

154 2563 236 2601 filia
259 2568 423 2602 mortem
443 2561 633 2607 obiverat,
653 2560 877 2611 priusquam
899 2573 984 2598 eam
1012 2560 1190 2605 luxisset,
1211 2562 1437 2612 priusquam
1458 2565 1542 2613 ejus
1563 2565 1622 2602 fu-

154 2624 238 2663 neri
251 2623 363 2674 justa
381 2623 574 2669 solvisset,
594 2629 804 2661 coronatus
825 2629 864 2660 et
884 2622 972 2659 alba
999 2629 1105 2660 veste
1135 2623 1294 2661 indutus
1323 2625 1462 2661 bovem
1488 2626 1622 2664 immo·

154 2687 263 2725 labat
281 2691 321 2723 et
338 2684 515 2723 instituta
531 2685 665 2734 patriae
693 2684 878 2728 violabat,
900 2683 1014 2722 unica
1032 2684 1112 2722 filia
1131 2686 1242 2723 miser
1271 2699 1357 2736 quae
1385 2687 1504 2736 prima
1533 2702 1622 2727 eum

156 2754 309 2800 patrem
329 2747 596 2797 appellaverat
615 2747 772 2785 amissa.
819 2746 955 2795 Neque
977 2758 1066 2783 vero
1087 2746 1345 2785 calamitatem
1366 2747 1399 2784 oi
1420 2750 1623 2798 exprobro,

156 2810 228 2849 sed
257 2821 383 2847 mores
410 2808 576 2847 hominis
606 2808 820 2860 perpendo.
869 2808 1082 2858 Nunquam
1115 2809 1229 2853 enim,
1259 2809 1323 2859 qui
1363 2810 1504 2847 liberos
1533 2812 1623 2850 odio

155 2873 277 2911 habet
302 2876 488 2922 paterque
515 2870 714 2922 improbus
748 2876 821 2915 cst,
849 2870 976 2907 bonus
1007 2870 1078 2907 erit
1109 2869 1330 2920 reipublicae
1360 2872 1621 2920 gubernator:

157 2945 370 2984 nunquam,
390 2930 457 2982 qui
475 2931 604 2983 capita
630 2931 864 2971 amicissima
884 2944 1107 2982 summaque
1129 2931 1414 2970 necessitudine
1435 2932 1507 2971 sibi
1527 2947 1622 2973 con—
