1948 3306
11 842 18 856 ‹.2
10 813 17 830 2
11 786 18 802 .--
10 566 18 767 ..πμζῡιμῑ
0 465 17 554 --;.-.
2 399 3 404 „
2 367 17 387 :s
2 205 18 256 «2⁴

7 1215 15 1299 —‹.‹*-=
8 1106 15 1183 r-r--m
9 918 18 1081 *ss⁴÷†:3:-2
16 874 17 896 ⁴⁴

0 3256 9 3306 n:-

370 184 447 222 730
782 182 1065 221 ADVERSUS
1097 184 1421 222 CALMCLEM.

375 284 451 329 Qui
473 284 591 336 igitur
611 284 744 324 alveus
762 298 848 325 esse
867 287 1027 339 potest?
1058 287 1170 338 Aqua
1188 295 1315 326 autem
1341 301 1429 340 quae
1450 289 1581 341 irrupit
1600 302 1705 341 saepe
1724 288 1836 328 nimi·

371 359 452 384 rum
482 347 616 386 nocuit
634 348 766 387 multis
795 349 974 396 incautis,
994 351 1127 388 nocuit
1158 363 1263 388 nunc
1291 350 1355 389 isti
1386 351 1515 390 etiam.
1572 351 1687 395 Quod
1705 357 1839 391 autem

371 408 543 446 omnium
577 409 857 461 iniquissimum
889 417 960 456 est,
987 411 1184 459 Callicles,
1205 426 1293 451 cum
1328 419 1430 464 aqua
1461 413 1500 450 in
1532 425 1644 451 suum
1672 413 1839 451 fundum

370 470 520 522 irrupit,
540 471 766 523 ingentibus
796 473 898 510 saxis
930 486 1019 511 eum
1050 474 1265 512 obstruxit:
1297 474 1400 525 quod
1433 482 1562 512 autem
1594 481 1716 526 pater,
1748 486 1838 513 cum

373 533 477 572 idem
510 547 579 573 suo
613 535 736 573 fundo
772 535 995 583 accidisset,
1016 543 1167 587 septum
1202 537 1309 583 fecit,
1330 537 1441 588 quasi
1472 537 1511 574 in
1543 549 1589 575 eo
1622 542 1839 588 peccasset,

372 596 464 634 mihi
485 597 565 635 dati
586 597 716 636 damni
750 598 942 636 actionem
970 598 1143 650 impegit.
1201 599 1319 643 Quod
1351 600 1381 637 si
1414 612 1546 637 omnes
1565 599 1707 650 quibus
1739 610 1840 651 aqua,

372 657 473 697 istac
495 660 671 697 defluens
693 666 810 697 nocet
829 673 890 697 me
912 661 1169 706 accusabunt,
1187 662 1338 699 etiamsi
1357 662 1522 700 fortunae
1541 674 1637 699 meae
1656 661 1841 713 multipli-

373 729 511 759 centur
540 734 618 758 non
654 722 832 759 omnibus
866 729 1001 773 potero
1027 722 1267 762 satisfacere.
1334 724 1460 762 Tanto
1495 730 1624 762 autem
1655 723 1718 761 isti
1748 728 1841 762 sunt

370 782 454 820 aliis
475 782 697 833 iniquioreS,
720 790 762 820 ut
781 782 886 821 nullo
913 784 1056 821 damno
1084 784 1228 830 affecti,
1246 791 1290 822 ut
1314 797 1387 835 ego
1421 785 1528 822 vobis
1550 784 1680 823 statim
1707 791 1840 822 osten-

370 845 476 890 dam,
499 859 586 882 curn
622 845 704 883 aliis
737 846 860 884 multa
893 853 933 884 et
962 860 1106 897 magna
1137 846 1280 885 damna
1305 847 1398 885 data
1425 848 1515 893 sint,
1537 847 1609 885 soli
1642 846 1716 897 ipsi
1745 846 1840 884 mihi

370 908 569 957 negotium
591 907 784 945 facessere
806 908 958 947 ausint:
989 909 1061 947 etsi
1083 908 1284 960 quibusvis
1312 909 1351 947 id
1375 910 1505 960 potius
1526 909 1721 948 facessere
1740 909 1839 946 licu-

370 968 475 1007 isset.
535 970 635 1007 Nam
669 969 746 1014 isti,
766 976 810 1008 ut
839 971 1006 1010 maxime
1039 971 1187 1022 aliquid
1221 972 1276 1009 eis
1308 971 1504 1018 acciderit,
1524 971 1596 1023 ipsi
1623 983 1695 1008 sua
1723 970 1842 1021 culpa

372 1030 452 1068 laesi
484 1044 546 1069 me
575 1031 887 1071 calumniantur:
917 1033 973 1071 illi
1005 1041 1151 1080 autem,
1171 1039 1215 1072 ut
1247 1033 1342 1071 nihil
1375 1033 1495 1080 aliud,
1522 1039 1563 1072 at
1591 1032 1739 1070 nullum
1761 1031 1841 1070 tale

369 1093 515 1132 crimen
550 1093 710 1133 habent.
769 1095 865 1144 Sed,
907 1109 955 1134 ne
988 1109 1115 1134 rerum
1148 1096 1282 1135 ordine
1313 1096 1540 1148 perturbato
1569 1094 1684 1134 simul
1711 1094 1840 1134 dicam

371 1156 512 1203 omnia,
533 1158 628 1208 cape
649 1157 742 1195 mihi
762 1158 973 1196 vicinorum
994 1158 1231 1197 testimonia.

925 1311 1283 1350 TESTIMONIA.

373 1404 512 1445 Nonne
534 1407 734 1458 indignum
759 1415 830 1454 est,
858 1408 1033 1454 Judices,
1053 1420 1143 1445 cum
1176 1408 1228 1453 hi,
1251 1407 1370 1445 tantis
1391 1406 1543 1445 damnis
1563 1406 1693 1453 sactis,
1713 1419 1839 1458 neque

368 1469 474 1507 ullus
505 1470 602 1508 alius
628 1484 676 1508 ex
707 1471 751 1508 iis
782 1471 922 1522 quibus
943 1471 1108 1508 adversa
1129 1470 1369 1516 acciderunt,
1389 1469 1596 1521 quicquam
1617 1476 1843 1520 querantur,

370 1531 440 1569 sed
460 1544 572 1582 aequo
594 1531 723 1570 animo
750 1533 946 1570 fortunam
973 1531 1114 1576 ferant,
1135 1531 1252 1567 istum
1280 1529 1538 1568 calumniari?
1567 1543 1680 1582 quem
1714 1531 1840 1582 ipsum

370 1593 584 1645 deliquisse
604 1595 784 1645 primum,
811 1595 915 1645 quod
949 1593 1054 1631 soras
1081 1592 1226 1630 educta
1249 1593 1420 1630 maceria
1447 1592 1549 1631 viam
1576 1593 1841 1644 angustiorem

368 1654 471 1700 fecit,
493 1663 536 1694 ut
569 1657 727 1694 arbores
756 1670 844 1708 quae
879 1655 918 1692 in
950 1654 1014 1692 via
1042 1654 1196 1692 fuerant
1228 1654 1544 1705 amplecteretur,
1564 1654 1706 1710 deinde
1735 1654 1840 1706 quod

367 1716 493 1756 eluvie
513 1717 553 1755 in
568 1718 669 1756 viam
690 1718 862 1771 projecta
878 1717 980 1754 viam
1000 1716 1253 1767 exaggeravit
1268 1723 1308 1754 et
1322 1716 1547 1762 coarctavit,
1568 1730 1589 1755 e
1608 1716 1841 1755 testimoniis

366 1778 496 1817 statim
512 1780 730 1819 evidentius
752 1779 1000 1836 cognoscetis
1016 1779 1124 1830 :jam
1145 1791 1232 1815 eum
1254 1778 1349 1816 nihil
1370 1777 1590 1829 perdidisse
1609 1778 1839 1830 nullumque

367 1841 509 1881 fecisse
530 1843 716 1881 damnum
736 1842 842 1893 quod
863 1841 1028 1890 alicujus
1048 1840 1235 1878 momenti
1256 1840 1318 1887 sit,
1333 1848 1372 1878 et
1391 1847 1521 1878 tamen
1537 1846 1685 1879 tantam
1705 1848 1841 1879 contra

368 1906 429 1944 me
452 1906 645 1944 actionem
664 1904 891 1952 instituisse,
912 1918 1002 1942 mox
1024 1903 1232 1942 ostendere
1252 1904 1436 1942 conabor.

424 1970 461 2005 7.
497 1969 598 2006 Cum
627 1981 717 2006 mea
746 1974 870 2005 mater
896 1967 1060 2005 istorum
1087 1973 1210 2004 matre
1232 1966 1472 2004 familiariter
1491 1971 1677 2013 uteretur,
1711 1965 1838 2018 priusa

368 2042 484 2081 quam
504 2030 567 2069 isti
587 2043 648 2069 me
668 2029 896 2069 calumniari
915 2029 1142 2081 coepissent,
1161 2035 1201 2067 et
1226 2028 1348 2067 altera
1367 2028 1418 2066 ad
1437 2028 1599 2066 alteram
1619 2028 1838 2073 accederet,

369 2099 414 2129 ut
448 2092 528 2130 fieri
559 2092 672 2139 solet,
702 2105 792 2130 cum
826 2091 952 2129 ambae
986 2097 1026 2129 et
1051 2090 1130 2128 ruri
1161 2090 1383 2129 habitarent
1421 2097 1459 2129 et
1488 2089 1587 2128 inter
1609 2100 1667 2129 se
1700 2089 1839 2129 vieinae

369 2161 512 2202 essent,
542 2161 582 2192 et
613 2154 713 2193 inter
738 2154 838 2192 viros
875 2153 990 2191 etiam
1022 2152 1115 2191 dum
1136 2151 1319 2191 vivebant
1350 2151 1590 2191 familiaritas
1608 2141 1838 2191 intercede*-

367 2225 446 2256 ret:
475 2231 564 2256 cum
584 2218 700 2269 igitur
719 2230 806 2256 mea
824 2223 947 2254 mater
977 2216 1026 2255 ad
1054 2216 1215 2254 istorum
1237 2223 1400 2254 matrem
1420 2214 1601 2261 venisset,
1624 2221 1738 2266 atque
1771 2214 1840 2254 illa

369 2281 630 2320 calamitatem
651 2280 1016 2332 deploraret,——nos
1047 2279 1103 2318 ita
1131 2279 1349 2318 audivimus
1370 2279 1512 2326 omnia,
1531 2279 1712 2317 Judices:
1732 2277 1838 2330 quod

369 2343 403 2380 si
423 2342 511 2380 dico
532 2356 621 2393 quae
641 2343 688 2380 de
706 2350 828 2380 matre
845 2341 988 2389 audivi,
1004 2343 1058 2380 sic
1075 2341 1167 2379 mihi
1183 2342 1307 2380 multa
1319 2343 1423 2381 bona
1438 2341 1633 2389 eveniant,
1650 2341 1709 2380 sin
1728 2354 1837 2380 men-

368 2406 455 2451 tior,
469 2405 662 2443 contraria
674 2403 880 2451 horum—,
895 2417 942 2442 ea
955 2417 999 2442 se
1013 2403 1171 2442 omnino
1186 2403 1329 2442 vidisse
1346 2410 1386 2442 et
1399 2417 1449 2442 ex
1465 2403 1627 2441 istoru-m
1637 2410 1756 2441 matre
1767 2416 1836 2441 au·-

368 2466 511 2505 divisse
531 2467 698 2513 dicebat,
719 2466 853 2504 hordei
873 2466 1174 2512 commaduisse,
1189 2479 1288 2517 quos
1307 2467 1393 2518 ipsa
1413 2465 1746 2513 siccari·'vidis·set,
1759 2473 1836 2504 tres

367 2528 600 2576 medimnos,
620 2528 754 2567 farinae
767 2528 917 2566 circiter
930 2527 1283 2576 semimedimnum,
1297 2527 1369 2567 olei
1387 2534 1660 2567 avectam-esse
1672 2528 1837 2580 ampho-

369 2602 450 2628 ram
470 2603 556 2628 eam
575 2588 736 2636 dixisse,
757 2603 884 2641 neque
907 2596 1037 2628 tamen
1063 2590 1098 2628 ei
1118 2590 1327 2642 quicquam
1353 2589 1556 2630 accidisse.
1603 2590 1760 2629 Tantas>
1776 2588 1839 2629 ist'i

368 2650 499 2690 clades
514 2659 761 2703 acceperunt,
776 2652 953 2699 Judices,
969 2665 1037 2704 pro
1062 2652 1204 2703 quibus
1232 2652 1335 2691 mille
1357 2652 1634 2691 drachmarum
1645 2651 1836 2691 mulctam

365 2713 499 2765 legum
520 2714 749 2753 auctoritate
770 2727 793 2752 a
821 2727 880 2752 me
909 2721 1061 2765 petunt.
1118 2714 1257 2766 Neque
1282 2714 1403 2761 enim,
1433 2714 1464 2753 si
1493 2714 1695 2767 parietinae
1716 2713 1836 2754 vetet-‘i

368 2773 604 2814 domicilium
624 2776 821 2828 imposuit,
845 2777 884 2814 id
905 2776 996 2814 mihi
1017 2788 1171 2827 quoque
1194 2775 1464 2828 imputandum
1480 2784 1557 2822 est,
1578 2776 1683 2828 quod
1708 2777 1836 2828 neque

365 2839 524 2885 corruit,
538 2852 664 2891 neque
682 2839 889 2891 quicquam
909 2839 1063 2891 gravius
1080 2845 1323 2890 passumest.
1352 2837 1485 2881 Quare
1504 2838 1536 2877 si
1551 2838 1765 2878 faterer⁷me
1778 2838 1833 2877 eis

367 2901 539 2939 omnium
567 2902 757 2942 malorum
787 2908 982 2942 auctorem
1010 2915 1110 2949 esse,
1138 2909 1268 2940 tamen
1296 2914 1384 2954 quae
1411 2901 1722 2942 comma'duerint
1750 2895 1834 2940 haec

365 2963 533 3001 fuerunt.
733 2972 736 2975 '
1815 2962 1828 2983 ³
