1965 3356
531 205 822 245 ADVERSUS
852 207 1212 246 LEOCHAREM.
1522 206 1602 262 629

144 311 280 345 contra
309 321 380 347 nos
408 311 603 364 rescripsit
623 311 883 364 Otrynensem
911 324 996 350 esse
1025 324 1067 349 se
1097 311 1136 349 in
1167 307 1364 348 Eleusinio
1390 307 1598 360 municipio

144 366 395 409 habitantem.

201 430 262 468 13.
293 432 393 471 Cum
415 442 544 474 autem
564 435 657 473 nihil
675 435 710 473 ei
729 435 868 473 horum
896 435 1132 481 succederet,
1153 435 1335 485 proximis
1354 435 1459 473 hisce
1479 433 1599 473 comi-

143 490 219 538 tiis,
253 495 732 549 subornatis‘quibusdam
760 497 1019 549 popularium,
1051 497 1266 548 postulavit
1299 511 1340 535 se
1370 496 1524 534 inscribi
1556 500 1600 532 ut

143 552 367 605 adoptivum
385 559 590 597 Archiadae
608 559 740 597 filium.
800 558 922 596 Nobis
944 565 1071 596 autem
1093 558 1385 597 adversantibus
1404 565 1443 595 et
1464 564 1596 606 postu-

144 613 327 664 lantibus,
357 627 401 657 ut
425 627 516 671 post
543 622 686 660 factam
722 621 770 659 de
800 620 1029 659 haereditate
1064 620 1385 672 disceptationem
1416 619 1601 670 suffragia

144 676 300 725 ferrent,
317 681 423 732 prius
450 690 577 721 autem
599 697 700 723 non:
731 683 770 720 in
790 696 837 720 eo
856 689 1068 734 paruerunt
1085 696 1162 721 non
1182 690 1339 734 propter
1357 682 1599 733 semetipsos,

145 739 215 776 sed
234 749 389 792 propter
412 743 533 795 leges.
591 746 681 783 Non
701 745 900 783 ferendum
924 744 1025 782 enim
1053 758 1139 783 esse
1153 745 1376 791 videbatur,
1397 751 1441 782 ut
1466 744 1533 795 qui
1551 758 1600 782 ex

143 811 287 851 sponso
302 803 341 841 in
361 804 625 845 haereditatem
646 814 778 858 ageret
796 819 883 844 sese
899 806 1115 857 adoptaret,
1130 819 1169 844 re
1186 807 1356 845 nondum
1373 805 1598 858 dijudicata.

201 863 263 901 14.
295 866 411 910 Quod
431 874 561 907 autem
585 875 673 921 post
695 869 780 907 haec
806 868 987 906 instruxit
1014 868 1252 915 Leostratus,
1283 869 1324 907 id
1350 875 1411 906 est
1429 868 1600 906 omnium

143 926 426 975 gravissimum.
484 931 585 969 Nam
600 945 687 970 cum
707 930 909 983 inscriptio
929 931 965 969 ei
984 937 1205 982 negaretur,
1221 931 1385 982 adoptat
1396 930 1601 969 Archiadae

144 987 379 1029 Leocharem
397 992 517 1030 filium
538 1000 671 1031 contra
688 1006 821 1031 omnes
847 993 969 1044 leges,
989 1000 1077 1030 ante
1097 993 1240 1031 factam
1258 993 1391 1044 populi
1411 993 1601 1043 approba-

142 1052 301 1093 tionem.
357 1054 433 1098 Qui
452 1068 542 1093 cum
562 1056 734 1094 nondum
754 1055 1000 1093 introductus
1020 1061 1122 1093 esset
1140 1055 1190 1093 ad
1202 1055 1368 1093 curiales
1383 1055 1606 1102 Archiadae‚

146 1114 217 1152 sed
236 1115 425 1155 duntaxat
442 1117 662 1169 inscriptus,
683 1117 876 1170 persuasit
893 1117 960 1155 uni
979 1117 1193 1164 curialium,
1213 1125 1257 1156 ut
1275 1130 1364 1156 eum
1382 1116 1608 1155 inscriberet

144 1174 184 1213 in
205 1177 406 1216 curialium
427 1178 571 1216 album.
629 1181 692 1217 Ac
712 1180 894 1230 deinceps
913 1178 951 1215 in
976 1179 1260 1217 contestatione
1280 1178 1606 1230 apudpraetorem

145 1250 235 1275 eum
254 1237 450 1286 describit,
479 1247 524 1278 ut
543 1239 609 1291 qui
634 1240 734 1278 filius
762 1240 938 1278 defuncti
958 1239 1152 1291 legitimus
1183 1246 1288 1279 esset
1305 1240 1447 1278 multos
1469 1254 1606 1287 annos,

145 1297 312 1349 qui‘heri
332 1308 372 1340 et
396 1303 676 1341 nudiustertius
705 1302 911 1353 inscriptus
941 1301 1081 1341 fuerat.
1139 1303 1200 1341 Ita
1219 1304 1262 1341 fit
1279 1309 1322 1340 ut
1348 1310 1512 1354 uterque
1537 1303 1609 1341 sibi

144 1360 411 1402 haereditatem
431 1365 625 1404 vendicet.
682 1365 784 1403 Nam
803 1372 844 1403 et
866 1365 1091 1403 Leostratus
1119 1371 1362 1404 sacramento
1380 1366 1427 1404 de
1446 1365 1609 1403 haeredi-

145 1426 470 1472 tate.contendit,
498 1434 541 1465 ut
575 1427 772 1479 legitimus
809 1427 1017 1466 Archiadae
1049 1428 1164 1475 filius,
1190 1435 1229 1466 et
1266 1427 1483 1467 Leochares
1514 1442 1610 1467 con-

146 1492 312 1526 testatus
333 1496 404 1536 est,
426 1502 469 1528 se
497 1489 619 1528 filium
645 1504 732 1529 esse
752 1490 967 1541 legitimum
990 1490 1165 1542 ejusdem
1184 1491 1329 1542 patris:
1358 1504 1447 1529 cum
1474 1499 1612 1530 neuter

146 1549 289 1589 viventi
308 1551 375 1598 illi,
397 1552 466 1590 sed
487 1558 651 1604 uterque
672 1552 859 1590 defuncto
888 1565 929 1590 se
958 1553 1130 1604 adoptet.
1187 1553 1271 1591 Nos
1299 1566 1403 1600 vero,
1435 1554 1612 1600 Judices,

145 1625 300 1663 aequum
326 1614 561 1665 putavimus,
580 1622 789 1665 postquam
824 1627 892 1652 vos
922 1614 1023 1651 hanc
1053 1627 1211 1653 causam
1241 1615 1501 1665 cognoscetis,
1527 1622 1611 1653 turn

147 1674 303 1712 demum
336 1689 358 1713 e
388 1688 531 1726 genere
560 1675 743 1728 proximis
777 1675 966 1714 defuncto
996 1675 1119 1713 filium
1157 1675 1350 1727 adoptari,
1370 1690 1419 1714 ne
1449 1676 1613 1716 intereat

148 1736 230 1788 ejus
250 1737 408 1776 familia.

204 1799 266 1836 15.
296 1799 468 1838 Primum
501 1799 632 1851 igitur,
671 1799 844 1844 Jufflces,
882 1813 930 1837 ex
965 1798 1252 1850 Otrynensibus
1290 1796 1540 1838 Leostratum
1573 1801 1612 1840 in

148 1859 368 1900 Eleusinios
386 1862 549 1907 redisse,
572 1861 706 1900 relicto
726 1861 932 1900 Archiadae
958 1860 1036 1898 filio
1064 1860 1249 1912 legitimo,
1279 1869 1330 1908 et,
1349 1869 1499 1913 patrem
1528 1864 1611 1915 ejus

145 1923 316 1975 idipsum
337 1925 477 1964 fecisse
496 1925 618 1977 prius,
639 1931 690 1971 et,
718 1924 826 1962 illum
849 1924 914 1976 qui
933 1923 1090 1963 relictus
1110 1924 1148 1961 in
1167 1924 1312 1962 familia
1329 1925 1457 1963 fuerat
1476 1925 1611 1964 orbum

147 1985 380 2032 decessisse,
406 1993 458 2032 et,
480 2000 570 2025 eum
603 1987 667 2039 qui
701 2000 806 2025 nunc
837 1992 1081 2024 contestatus
1109 1993 1168 2024 est
1198 1986 1304 2037 prius
1333 1987 1372 2024 in
1405 1988 1612 2039 populares

149 2061 266 2098 quam
290 2047 330 2085 in
352 2048 518 2087 curiales
547 2062 631 2087 esse
662 2049 903 2101 inscriptum,
923 2048 978 2086 uti
999 2054 1168 2094 constet,
1189 2048 1233 2086 iis
1254 2049 1302 2087 de
1317 2050 1430 2088 rebus
1446 2050 1554 2089 vobis
1574 2058 1614 2090 et

146 2110 350 2148 curialium
370 2117 410 2149 et
429 2111 665 2163 municipum
685 2113 904 2150 testimonia
922 2111 1201 2157 recitabuntur,
1224 2111 1272 2150 de
1294 2113 1442 2150 caeteris
1462 2113 1553 2151 item
1573 2121 1613 2153 et

149 2171 194 2210 iis
213 2185 300 2222 quae
321 2185 392 2211 nos
412 2173 461 2211 ab
485 2172 570 2212 istis
600 2174 708 2212 facta
727 2174 1024 2212 memoravimus
1048 2173 1239 2220 omnibus,
1258 2174 1367 2212 vobis
1388 2176 1610 2214 testimonia

149 2233 376 2286 singulatim
393 2234 597 2276 exhibebo.
635 2235 806 2275 Proinde
821 2235 913 2274 mihi
924 2242 1044 2274 testes
1066 2235 1254 2274 accersito
1273 2235 1363 2275 huc.

772 2393 992 2433 TESTES.

151 2487 252 2526 Rem
280 2487 398 2539 igitur
429 2501 584 2527 omnem
611 2489 790 2537 audistis,
810 2491 985 2538 Judices,
1014 2498 1053 2529 et
1080 2504 1126 2529 ea
1154 2504 1242 2542 quae
1270 2492 1318 2530 ab
1350 2492 1456 2530 initio
1477 2493 1515 2530 in
1540 2493 1614 2531 hac

151 2549 380 2589 haereditate
400 2551 504 2589 facta
523 2558 627 2600 sunt,
648 2558 688 2590 et
704 2566 791 2604 quae
808 2560 899 2605 post
923 2560 1146 2600 evenerunt,
1162 2559 1205 2591 ut
1225 2554 1390 2605 primum
1408 2568 1480 2593 nos
1500 2568 1616 2605 agere

148 2610 410 2651 instituimus:
439 2613 630 2664 reliquum
649 2621 778 2653 autem
798 2622 872 2663 est,
893 2623 935 2654 ut
954 2623 992 2654 et
1017 2616 1066 2654 de
1092 2617 1375 2656 contestatione
1402 2618 1487 2669 ipsa
1506 2618 1612 2656 dica-

150 2686 251 2721 mus,
270 2681 310 2713 et
342 2675 391 2713 de
420 2673 572 2727 legibus
606 2689 766 2728 quarum
796 2679 1028 2717 auctoritate
1056 2678 1322 2717 haereditatem
1344 2680 1608 2731 postulamus;

150 2741 191 2773 et
209 2742 262 2783 ut,
281 2735 375 2774 dum
393 2749 497 2788 aqua
515 2738 688 2790 suppetit
705 2747 745 2778 et
761 2740 892 2790 quoad
912 2741 994 2779 sine
1013 2747 1145 2779 vestra
1164 2741 1340 2780 molestia
1360 2742 1440 2779 fieri
1460 2742 1614 2793 poterit,

151 2798 399 2838 ostendamus
421 2812 469 2838 ea
486 2814 574 2852 quae
592 2803 641 2840 ab
663 2801 746 2840 istis
768 2802 958 2851 dicentur,
978 2816 1104 2855 neque
1117 2804 1228 2855 justa
1257 2818 1343 2842 esse
1363 2817 1488 2856 neque
1508 2817 1612 2842 vera.

151 2860 404 2912 Ac·primum
430 2864 753 2902 contestationem
772 2866 881 2904 vobis
911 2866 1039 2904 scriba
1057 2867 1246 2913 recitabit,
1273 2881 1360 2918 quae
1380 2874 1525 2906 attente
1545 2880 1616 2906 au-

153 2921 296 2962 dienda
314 2924 407 2963 erit:
437 2925 487 2964 dc
507 2939 553 2964 ea
572 2926 671 2965 enim
693 2941 796 2966 nunc
812 2929 1145 2980 pronunciabitur.
