1948 3306
336 154 385 190 34
759 150 983 190 CONTRA
1014 151 1379 190 TIMARCHUM.

332 261 512 308 peranter
532 261 621 294 acta
639 261 769 303 aetate,
789 256 868 294 suis
894 256 1042 295 civibus
1064 255 1274 295 consuluit.
1319 256 1394 300 Qui
1423 269 1515 293 num
1545 256 1809 303 Timarchum,

333 324 402 355 aut
439 318 635 355 cinaedum
676 318 1000 365 Demosthenem,
1039 318 1318 369 rempublicam
1363 318 1633 357 administrare
1673 332 1811 371 passus

333 387 439 417 esset
455 379 472 415 ἲ

390 442 454 479 36.
485 441 546 480 Ne
568 455 658 481 vero
678 441 989 482 Lacedaemoniis
1012 443 1200 481 assentari
1220 442 1365 489 videar,
1385 443 1573 495 majorum
1605 444 1720 481 etiam
1740 456 1811 481 no·

334 510 500 542 strorum
518 505 754 542 mentionem
774 505 929 542 faciam.
962 505 1017 542 Hi
1033 505 1134 543 enim
1150 513 1231 543 tam
1253 505 1395 556 iniquis
1410 505 1545 543 animis
1560 507 1702 557 probra
1715 505 1814 542 fere-

333 566 443 612 bant,
475 578 710 617 suorumque
741 566 950 604 liberorum
974 566 1205 604 modestiam
1237 567 1334 605 tanti
1363 566 1571 613 faciebant,
1600 573 1644 604 ut
1671 566 1812 604 civium

334 627 508 677 quidam,
543 628 787 679 deprehenso
816 627 906 664 filiae
941 640 1022 664 suae
1054 634 1206 678 stupro,
1235 640 1322 665 cum
1346 620 1487 679 lpuella
1517 629 1681 666 formam
1700 640 1811 665 suam
1838 658 1843 667 ,

335 702 461 740 usque
482 690 532 727 ad
554 689 710 740 nuptias
731 702 809 727 non
831 688 1040 740 diligenter
1059 689 1312 736 custodisset,
1332 703 1418 727 earn
1439 703 1519 727 una
1536 703 1624 727 cum
1648 702 1749 740 equo
1773 689 1812 726 in

335 751 528 789 desertam
544 752 699 788 domum
718 751 940 789 incluserit:
973 764 996 788 a
1014 764 1091 802 quo
1106 751 1145 788 in
1161 750 1228 788 illo
1243 764 1399 789 carcere
1413 752 1512 790 citra
1526 752 1811 790 dubitationem

334 813 437 850 fame
458 813 618 851 efferato
640 813 840 850 interitura
870 807 991 850 esset.
1036 814 1100 850 Ac
1120 812 1246 850 solum
1272 813 1374 850 illius
1394 812 1533 851 domus
1563 815 1680 852 etiam
1707 826 1811 852 nunc

336 874 375 911 in
393 882 524 912 vestra
543 875 639 913 urbe
660 881 798 920 exstat,
820 881 859 912 et
877 874 987 912 locus
1008 874 1072 912 ille
1094 875 1168 912 Ad
1202 887 1378 925 equum
1413 881 1460 912 et
1489 875 1705 926 puellam
1745 889 1814 927 ap-

335 936 516 987 pellatur.
558 937 651 975 Solo
686 944 830 982 autem,
864 936 1166 987 legumlatorum
1205 936 1495 982 celeberrimus,
1526 937 1680 988 scripsit
1707 950 1814 975 more

336 998 595 1049 antiquorum,
617 1005 655 1036 et
675 998 841 1049 graviter
862 998 912 1035 de
933 997 1140 1048 disciplina
1161 1004 1436 1036 matronarum.
1468 998 1675 1036 Mulierem
1696 999 1812 1045 enim,

337 1060 440 1112 apud
453 1074 571 1111 quarn
592 1061 744 1098 adulter
762 1060 879 1098 fuerit
899 1060 1183 1111 deprehensus,
1204 1061 1330 1098 ornari
1346 1074 1423 1098 non
1445 1059 1548 1108 sinit,
1568 1074 1642 1099 nec
1661 1061 1701 1098 in
1721 1061 1815 1098 fana

337 1122 495 1173 publica
522 1123 686 1175 ingredi,
707 1136 758 1161 ne
787 1135 858 1161 suo
887 1123 1108 1160 interventu
1139 1122 1314 1174 integras
1337 1129 1533 1161 matronas
1564 1130 1813 1174 corrumpat:

336 1185 443 1235 quod
463 1185 495 1223 si
524 1186 734 1231 intraverit,
761 1193 830 1223 aut
861 1199 947 1223 sese
974 1186 1178 1231 ornaverit,
1207 1186 1382 1236 quemvis
1409 1185 1623 1224 dilacerare
1642 1186 1724 1237 ejus
1749 1199 1815 1224 ve-

338 1248 536 1297 stimenta,
571 1256 610 1287 et
639 1256 819 1287 ornatum
848 1248 1014 1300 diripere
1041 1248 1168 1300 jubet,
1198 1255 1238 1286 et
1265 1262 1350 1286 eam
1379 1250 1594 1293 verberare,
1625 1249 1816 1287 hactenus

337 1316 483 1357 tamen,
504 1322 552 1348 ne
572 1309 633 1347 vel
654 1309 821 1356 occidat,
839 1309 901 1347 vel
923 1309 1099 1347 mutilet:
1130 1310 1183 1348 sic
1204 1310 1319 1348 talem
1341 1310 1542 1349 mulierem
1562 1310 1667 1348 omni
1687 1310 1815 1361 digni-

337 1378 416 1410 tate
438 1371 575 1423 privat,
596 1378 635 1409 et
662 1362 783 1409 v'itam
812 1371 844 1408 ei
878 1370 1059 1408 acerbam
1089 1370 1231 1416 reddit,
1261 1384 1307 1409 ac
1336 1379 1460 1408 morte
1493 1369 1702 1410 duriorem.
1742 1371 1814 1409 Le-

337 1442 459 1471 nones
498 1433 590 1470 item
621 1432 797 1470 accusari
821 1433 948 1482 jubet,
978 1438 1018 1469 et
1047 1432 1248 1470 convictos
1286 1432 1412 1483 capite
1440 1432 1583 1483 plecti:
1612 1440 1817 1484 propterea

337 1495 460 1546 quod,
492 1494 673 1532 mercede
693 1494 825 1532 locata
850 1507 921 1532 sua
946 1493 1188 1545 impudentia
1218 1494 1277 1541 iis,
1307 1495 1372 1545 qui
1396 1494 1555 1545 quidem
1586 1495 1813 1547 delinquere

337 1557 512 1608 cupiunt,
539 1563 579 1594 et
607 1563 737 1594 tamen
767 1556 868 1593 inter
900 1569 940 1594 se
968 1555 1135 1606 colloqui
1157 1556 1340 1594 dubitant
1368 1569 1413 1595 ac
1434 1556 1630 1604 verentur,
1661 1558 1815 1597 efficere

337 1619 480 1665 solent,
501 1626 545 1656 ut
562 1618 775 1670 periculum
794 1618 942 1656 faciant
960 1625 1000 1656 et
1025 1617 1310 1669 colloquantur.
1815 1662 1817 1664 ¹

394 1683 459 1719 37.
491 1681 628 1719 Patres
649 1681 766 1732 igitur
785 1681 905 1718 nostri
933 1680 987 1718 sic
1018 1680 1065 1718 de
1086 1681 1262 1731 turpibus
1291 1683 1406 1720 rebus
1431 1688 1470 1720 et
1495 1681 1670 1721 honestis
1690 1689 1813 1721 statu-

337 1752 473 1782 erunt:
506 1758 574 1782 vos
596 1751 726 1781 autem
748 1742 999 1780 Timarchum
1020 1742 1253 1793 turpissimis
1277 1743 1415 1782 studiis
1443 1744 1654 1782 obnoxium
1684 1745 1814 1783 absol-

339 1805 463 1844 vetis?
496 1805 573 1850 Qui
595 1818 683 1842 cum
703 1804 759 1841 vir
781 1804 843 1850 sit,
871 1809 910 1841 et
929 1803 1104 1841 masculo
1131 1818 1305 1856 corpore,
1326 1805 1530 1843 muliebria
1548 1805 1588 1843 in
1614 1819 1655 1843 se
1674 1807 1816 1857 probra

336 1868 507 1906 admisit.
547 1867 645 1909 Quis
677 1879 770 1917 ergo
789 1873 962 1904 vestrum
983 1880 1144 1904 uxorem
1163 1867 1201 1903 in
1233 1867 1378 1905 scelere
1406 1867 1689 1918 deprehensam
1717 1868 1815 1906 ulci-

336 1928 499 1967 scetur?
543 1931 626 1966 Aut
651 1928 736 1978 quis
769 1942 848 1967 non
877 1928 985 1966 rudis
1018 1928 1312 1974 existimabitur,
1333 1928 1364 1966 si
1387 1928 1420 1966 ei
1454 1937 1695 1977 succenseat,
1726 1943 1815 1980 quae

337 1991 557 2029 secundum
593 1997 775 2028 naturam
813 1990 1042 2040 deliquerit:
1072 2003 1159 2028 curn
1189 1993 1272 2039 ejus
1303 1990 1476 2029 consiliis
1507 1992 1716 2038 auscultet,
1749 1992 1816 2043 qui

339 2053 500 2098 scelere,
521 2066 544 2091 a
563 2065 641 2103 quo
662 2058 802 2090 natura
823 2051 1017 2098 abhorret,
1046 2064 1086 2089 se
1109 2051 1409 2090 contaminarit?
1443 2053 1534 2095 Quo
1555 2065 1667 2102 porro
1687 2054 1816 2091 animo

338 2116 425 2166 quis
452 2122 623 2153 vestrum
643 2128 664 2152 e
685 2111 867 2165 praetorio
889 2113 1050 2151 domum
1068 2113 1311 2151 revertetur?
1342 2113 1480 2165 Neque
1507 2108 1608 2152 enim
1632 2128 1720 2153 reus
1746 2115 1816 2153 ob-

339 2191 477 2216 scurus
493 2183 565 2224 est,
587 2176 657 2214 sed
685 2176 826 2214 nobilis
845 2189 853 2214 :
883 2188 1011 2226 neque
1038 2175 1101 2213 lex
1124 2175 1173 2213 de
1194 2182 1392 2214 oratorum
1412 2176 1678 2228 exploratione
1697 2177 1815 2224 mala,

340 2239 411 2277 sed
440 2238 718 2290 pulcherrima:
742 2241 826 2287 jam
855 2237 963 2288 pueri
988 2237 1105 2275 etiam
1135 2243 1176 2275 et
1204 2237 1489 2276 adolescentuli
1518 2238 1650 2276 statim
1681 2252 1818 2277 neces-

340 2302 460 2339 sarios
476 2314 567 2338 suos
589 2300 731 2350 cupide
745 2299 986 2349 interrogare
1007 2298 1147 2345 solent,
1161 2311 1238 2350 quo
1250 2306 1368 2350 pacto
1388 2312 1509 2337 causa
1524 2299 1575 2337 sit
1589 2298 1817 2351 dijudicata.

341 2362 444 2406 Quid
465 2375 558 2412 ergo
583 2361 733 2407 dicetis,
753 2361 818 2411 qui
837 2374 938 2399 nunc
959 2374 1047 2399 cum
1066 2367 1261 2412 potestate
1289 2361 1462 2400 ferendae
1483 2361 1688 2400 sententiae
1709 2362 1818 2408 estis,

340 2426 406 2464 ubi
431 2438 498 2463 vos
521 2424 631 2462 liberi
649 2422 768 2461 vestri
788 2423 975 2473 rogarint,
996 2429 1126 2460 utrum
1147 2436 1237 2460 eum
1263 2423 1628 2469 condemnaveritis,
1655 2437 1705 2462 an
1725 2438 1817 2463 vero

340 2485 610 2526 absolveritis?
641 2485 783 2523 Nonne
804 2484 941 2523 eadem
970 2497 1104 2535 opera,
1126 2498 1194 2523 vos
1216 2485 1464 2524 Timarchum
1485 2486 1697 2524 absolvisse
1720 2487 1818 2525 fate-

341 2549 488 2596 bimini,
518 2555 557 2586 et
581 2547 773 2599 publicam
796 2546 1043 2598 disciplinam
1067 2547 1282 2585 evertetis?
1313 2547 1411 2592 Quae
1430 2560 1542 2599 porro
1573 2548 1716 2586 utilitas
1747 2550 1820 2588 erit

341 2611 473 2650 alendi
487 2610 745 2662 paedagogos,
767 2616 834 2646 aut
856 2608 1018 2648 lanistas
1046 2616 1085 2647 et
1102 2609 1311 2660 magistros
1333 2609 1571 2661 praeficiendi
1589 2611 1733 2662 pueris,
1753 2612 1819 2650 ubi

342 2675 381 2721 ii,
417 2687 581 2725 quorum
609 2672 701 2710 fidei
729 2671 837 2722 leges
867 2671 1086 2709 commissae
1124 2679 1228 2717 sunt,
1258 2671 1407 2722 probris
1436 2671 1487 2709 ad
1514 2672 1818 2712 misericordiam

341 2734 578 2774 flectentur?
609 2733 712 2771 Illud
732 2734 848 2771 etiam
869 2733 908 2770 in
930 2733 1038 2772 vobis
1058 2733 1186 2779 miror,
1208 2733 1484 2783 Athenienses,
1505 2734 1537 2771 si
1556 2734 1718 2773 lenones
1735 2736 1819 2774 odi-

344 2798 426 2843 stis,
447 2809 513 2835 eos
534 2802 665 2834 autem
684 2795 748 2847 qui
767 2794 996 2846 pudicitiam
1015 2795 1116 2833 ultro
1132 2793 1424 2846 prostituerunt,
1439 2795 1663 2835 absolvetis.
1696 2797 1818 2848 Igitur

341 2861 443 2898 idem
464 2859 537 2897 iste
556 2859 611 2896 vir
631 2857 774 2895 nullius
795 2856 860 2894 dei
881 2857 1141 2896 sacerdotium
1162 2855 1358 2903 sortietur,
1379 2863 1423 2894 ut
1440 2856 1507 2907 qui
1523 2870 1601 2895 non
1621 2871 1718 2909 puro
1734 2872 1817 2897 cor-

344 2934 437 2975 pore
457 2920 519 2965 sit,
542 2919 871 2971 quemadmodum
892 2919 1001 2970 leges
1024 2919 1192 2970 jubent:
1221 2919 1260 2957 in
1283 2917 1449 2957 decretis
1475 2925 1618 2965 autem,
1637 2927 1728 2960 vota
1745 2934 1816 2972 pro
