1948 3306
327 167 380 204 46
642 165 717 206 DE
749 166 900 207 MALE
929 167 1102 209 GESTA
1134 170 1467 213 LEGATIONE.

327 276 458 309 autem
495 283 558 310 me
583 283 675 311 vera
699 273 828 312 dicere
862 281 1029 323 constet,
1055 288 1150 327 cape
1179 274 1359 314 decreta:
1389 283 1434 314 ut
1463 275 1626 317 videatis
1658 279 1794 318 incon-

329 333 512 371 stantiam
547 333 643 384 ejus,
672 341 712 373 et
737 335 1030 387 malignitatem,
1060 344 1100 376 et
1121 337 1319 376 actionum
1347 351 1437 376 cum
1472 338 1692 380 Philocrate
1731 355 1794 380 so-

326 393 522 439 cietatem,
542 401 582 432 et
601 407 728 433 mores
749 396 957 436 insidiosos
977 411 1023 437 ac
1043 399 1229 450 perfidos.
1274 400 1385 438 Voca
1404 413 1499 451 ergo
1518 401 1609 439 mihi
1629 401 1794 454 legatos,

326 467 538 508 eorumque
567 457 787 497 testimonia
807 460 940 506 recita,
961 466 1001 498 et
1019 460 1177 499 decreta
1193 461 1484 500 Demosthenis.

918 579 1198 618 DECRETA.

327 661 464 714 Neque
485 676 573 702 vero
594 663 679 702 haec
700 664 891 704 duntaxat
911 665 1078 717 scripsit,
1105 665 1175 704 sed
1196 672 1285 717 post
1308 665 1422 705 etiam
1447 666 1486 704 in
1511 674 1652 705 senatu
1673 666 1791 705 dixit:
1836 688 1841 697 ι

325 726 529 776 spectandi
549 726 676 764 locum
698 727 1012 765 Bacchanalibus
1034 728 1316 778 assignandum
1341 742 1428 768 esse
1448 729 1616 781 Philippi
1637 729 1795 781 legatis,

325 787 392 825 ubi
413 787 601 826 venerint.
631 788 772 827 Recita
787 788 903 827 etiam
919 788 996 828 hoc
1016 789 1230 827 decretum.

647 909 965 948 DECRETUM
996 907 1410 948 DEMOSTHENIS.

322 995 462 1034 Recita
481 995 598 1033 etiam
616 995 834 1047 legatorum
857 995 1122 1034 testimonium
1143 1002 1187 1033 ut
1212 995 1393 1042 videatis,
1415 994 1690 1041 Athenienses,
1712 996 1792 1034 De·

320 1057 564 1098 mosthenem
585 1070 663 1096 nou
681 1070 800 1110 posse
820 1059 938 1095 verba
955 1058 1083 1096 facere
1104 1071 1173 1109 pro
1201 1058 1417 1109 republica,
1441 1057 1513 1096 se'd
1540 1057 1791 1096 declamitare

319 1126 458 1159 contra
473 1119 730 1166 convictores,
752 1125 870 1171 atque
891 1119 1110 1158 arctissima
1129 1119 1422 1159 necessitudine
1442 1119 1659 1159 devinctos.

872 1239 1290 1279 TESTIMONIUM.

370 1326 438 1364 22.
467 1326 756 1366 Tractationem
775 1327 894 1378 igitur
911 1326 1208 1378 pacificationis,
1231 1339 1310 1364 non
1329 1339 1456 1364 meam
1475 1333 1515 1365 et
1540 1325 1787 1372 Philocratis,

319 1387 387 1427 sed
423 1388 703 1427 Demosthenis
732 1396 771 1427 et
799 1389 1031 1427 Philocratis
1064 1389 1200 1434 fuisse,
1229 1387 1454 1439 reperietis:
1488 1394 1527 1426 et
1559 1394 1790 1438 argumenta

317 1463 451 1488 eorum
473 1464 561 1500 quae
581 1451 658 1489 dixi
689 1464 747 1488 me
770 1451 847 1488 fide
865 1451 986 1501 digna
1005 1463 1090 1489 reor
1110 1449 1305 1488 attulisse.
1349 1449 1451 1487 Nam
1472 1462 1602 1488 eorum
1624 1462 1712 1499 quae
1731 1463 1788 1488 re-

316 1512 515 1559 nunciavi,
547 1525 616 1550 vos
636 1512 727 1550 mihi
753 1519 874 1551 testes
904 1513 1021 1551 estis:
1052 1525 1186 1558 eorum
1218 1525 1309 1563 quae
1341 1511 1381 1549 in
1414 1512 1653 1550 Macedonia
1684 1511 1790 1551 dicta

316 1582 422 1620 sunt,
442 1582 561 1625 atque
577 1575 615 1612 in
635 1576 769 1614 itinere
785 1576 896 1613 nobis
917 1576 1156 1621 acciderunt,
1178 1574 1419 1626 collegarum
1438 1575 1660 1612 testimonio
1679 1576 1788 1614 vobis

316 1637 606 1675 demonstravi:
638 1638 929 1676 accusationem
963 1644 1094 1675 autem
1126 1637 1244 1675 modo
1274 1650 1298 1675 a
1332 1637 1597 1675 Demosthene
1627 1637 1787 1675 allatam

315 1698 494 1744 audistis,
513 1705 553 1736 et
577 1699 819 1746 meministis,
845 1699 955 1750 cujus
975 1699 1124 1737 initium
1145 1699 1314 1750 sumpsit
1333 1712 1356 1736 a
1370 1699 1573 1744 concione,
1595 1712 1710 1750 quam
1737 1700 1786 1738 de

315 1774 412 1812 pace
433 1761 566 1800 habui.
609 1762 709 1800 Cum
732 1768 862 1800 autem
882 1763 921 1800 in
942 1775 989 1800 ea
1007 1768 1117 1814 parte
1147 1761 1410 1799 accusationis
1436 1762 1644 1800 ementitus
1671 1761 1788 1800 fuerit

315 1824 470 1863 omnia:
500 1824 536 1862 in
558 1837 604 1863 eo
626 1825 789 1863 articulo
808 1825 1056 1863 vehementer
1076 1833 1137 1863 est
1161 1830 1414 1874 conquestus.
1458 1823 1516 1861 Ea
1541 1824 1642 1861 enim
1667 1825 1786 1862 verba

316 1899 447 1924 coram
469 1886 608 1937 legatis
631 1887 685 1924 ait
703 1900 788 1925 esse
807 1887 926 1934 facta,
945 1899 1042 1937 quos
1064 1887 1194 1923 Graeci
1213 1886 1263 1923 ad
1283 1899 1353 1924 nos
1373 1885 1585 1930 misissent,
1603 1900 1625 1924 a
1639 1886 1785 1937 populo

312 1947 506 1994 accersiti,
527 1955 569 1984 ut
595 1949 853 1986 communiter
882 1954 922 1986 et
943 1947 1089 1986 bellurn
1109 1953 1292 1998 gererent
1316 1953 1452 1986 contra
1483 1947 1721 1999 Philippum,
1753 1949 1785 1987 si

314 2017 422 2048 esset
441 2024 555 2061 opus,
577 2024 668 2048 cum
690 2010 1022 2049 Atheniensibus:
1053 2018 1092 2048 et
1116 2010 1240 2062 pacis,
1261 2010 1292 2049 si
1312 2010 1354 2048 id
1373 2010 1556 2062 expedire
1572 2011 1784 2058 videretur,

313 2078 449 2110 essent
476 2072 695 2123 participes.
742 2073 996 2110 Considerate
1025 2072 1155 2122 igitur,
1184 2077 1371 2123 quantam
1403 2085 1483 2110 rem
1519 2072 1637 2111 homo
1667 2073 1784 2111 surri-

311 2133 454 2184 puerit,
470 2141 694 2185 quantaque
710 2134 760 2172 sit
778 2134 1034 2186 impudentia,
1047 2146 1137 2171 nam
1153 2147 1201 2172 eo
1220 2141 1395 2186 tempore
1414 2133 1534 2185 legati
1554 2134 1672 2172 creati
1694 2142 1785 2174 sunt

311 2207 412 2246 quos
432 2195 472 2232 in
487 2195 683 2234 Graeciam
705 2195 932 2247 ablegastis,
951 2209 1031 2247 quo
1050 2194 1196 2233 bellum
1215 2195 1326 2233 vobis
1347 2195 1475 2234 adhuc
1496 2208 1585 2233 cum
1602 2188 1783 2248 Philippo

307 2257 601 2295 intercedebat:
632 2269 677 2295 ac
698 2264 888 2308 tempora,
910 2258 1051 2309 quibus
1072 2257 1394 2308 designabantur,
1414 2263 1455 2295 et
1471 2257 1688 2308 legatorum
1711 2273 1781 2298 no-

311 2318 418 2355 mina
444 2317 603 2369 quidem
641 2318 680 2355 in
718 2318 876 2369 publica
907 2319 1031 2357 relata
1062 2326 1155 2357 sunt
1183 2319 1450 2357 monimenta:
1484 2331 1617 2356 eorum
1649 2325 1780 2358 autem

310 2392 476 2431 corpora
493 2392 570 2417 non
592 2386 683 2417 sunt
702 2380 740 2417 in
769 2380 1020 2427 Macedonia,
1042 2381 1111 2419 sed
1129 2380 1314 2419 Athenis:
1344 2386 1385 2418 et
1404 2386 1564 2418 senatus
1584 2380 1633 2418 de
1653 2380 1780 2419 addu-

309 2441 445 2480 cendis
465 2442 514 2480 ad
536 2442 721 2493 populum
739 2443 953 2493 peregrinis
969 2442 1229 2492 legationibus
1250 2441 1440 2481 decernit.
1474 2441 1553 2479 Iste
1568 2448 1697 2480 autem
1714 2443 1780 2490 ait,

306 2503 449 2541 missas
475 2503 596 2541 fuisse
623 2503 875 2541 Graecanicas
906 2504 1136 2554 legationes.
1185 2504 1310 2556 Igitur
1340 2517 1559 2543 conscenso
1578 2503 1652 2541 hoc
1686 2518 1780 2556 sug-

311 2572 438 2615 gesto,
458 2564 763 2611 Demosthenes,
783 2565 875 2602 dum
895 2577 992 2602 meae
1021 2573 1111 2602 sunt
1130 2565 1288 2603 dicendi
1307 2572 1451 2617 partes,
1473 2565 1646 2617 cujusvis
1667 2565 1780 2604 Grae-

308 2626 458 2665 canicae
478 2626 584 2664 urbis
613 2640 755 2664 nomen
784 2627 926 2678 profer,
956 2640 1004 2665 ex
1034 2640 1113 2677 qua
1140 2633 1224 2664 tum
1251 2627 1404 2678 legatos
1434 2625 1636 2665 advenisse
1665 2626 1779 2674 dicis,

309 2700 522 2739 earumque
552 2689 896 2727 senatusconsulta
915 2701 935 2726 e
960 2689 1068 2726 curia
1099 2687 1193 2726 dato
1213 2688 1392 2739 legenda,
1414 2694 1455 2726 et
1481 2687 1778 2728 Atheniensium

309 2750 462 2801 legatos
483 2750 604 2788 citato
632 2757 770 2795 testes,
799 2763 898 2800 quos
927 2749 1124 2801 ablegavit
1148 2749 1198 2788 ad
1217 2750 1420 2788 civitates:
1449 2749 1515 2799 qui
1542 2763 1583 2788 se
1604 2750 1776 2798 affuisse,

309 2825 382 2850 nee
412 2825 573 2863 peregre
593 2812 786 2863 profectos
807 2812 928 2850 fuisse
949 2811 1145 2850 testificati
1164 2811 1332 2849 fuerint:
1363 2811 1396 2848 si
1416 2824 1617 2849 accessum
1641 2825 1775 2851 eorum

310 2872 359 2911 ad
379 2881 556 2911 senatum
577 2880 617 2911 et
643 2874 800 2911 decreta
830 2874 1068 2923 exhibueris,
1096 2886 1143 2911 eo
1164 2873 1269 2911 facta
1297 2879 1484 2924 tempore,
1514 2886 1592 2924 quo
1620 2880 1662 2911 tu
1693 2875 1774 2913 ais:

312 2934 524 2982 descendo,
537 2942 576 2973 ct
590 2935 726 2986 capitis
742 2935 823 2987 ipse
836 2949 897 2974 me
912 2935 1146 2974 condemno.
1181 2935 1283 2987 Lege
1299 2940 1339 2973 et
1350 2935 1543 2974 sociorum
1559 2935 1772 2983 decretum,
