<?xml version="1.0" encoding="UTF-8"?>
<!DOCTYPE html PUBLIC "-//W3C//DTD XHTML 1.0 Transitional//EN"
    "http://www.w3.org/TR/xhtml1/DTD/xhtml1-transitional.dtd">
<html xmlns="http://www.w3.org/1999/xhtml" xml:lang="en" lang="en">
 <head>
  <title>
</title>
<meta http-equiv="Content-Type" content="text/html;charset=utf-8" />
  <meta name='ocr-system' content='tesseract 3.04.00' />
  <meta name='ocr-capabilities' content='ocr_page ocr_carea ocr_par ocr_line ocrx_word'/>
</head>
<body>
  <div class='ocr_page' id='page_1' title='image "./oratoresatticie16dobs_0390.png"; bbox 0 0 1948 3306; ppageno 0'>
   <div class='ocr_carea' id='block_1_1' title="bbox 340 133 1485 175">
    <p class='ocr_par' dir='ltr' id='par_1_1' title="bbox 340 133 1485 175">
     <span class='ocr_line' id='line_1_1' title="bbox 340 133 1485 175; baseline -0.003 0"><span class='ocrx_word' id='word_1_1' title='bbox 340 139 388 175; x_wconf 86' lang='grc'>38</span> <span class='ocrx_word' id='word_1_2' title='bbox 664 136 737 173; x_wconf 93' lang='lat' dir='ltr'>DE</span> <span class='ocrx_word' id='word_1_3' title='bbox 764 134 918 173; x_wconf 91' lang='lat' dir='ltr'><strong>MALE</strong></span> <span class='ocrx_word' id='word_1_4' title='bbox 947 133 1123 173; x_wconf 91' lang='lat' dir='ltr'>GESTA</span> <span class='ocrx_word' id='word_1_5' title='bbox 1154 133 1485 172; x_wconf 87' lang='lat' dir='ltr'><strong>LEGATIONE.</strong></span> 
     </span>
    </p>
   </div>
   <div class='ocr_carea' id='block_1_2' title="bbox 333 236 1843 2961">
    <p class='ocr_par' dir='ltr' id='par_1_2' title="bbox 335 236 1811 527">
     <span class='ocr_line' id='line_1_2' title="bbox 337 236 1809 291; baseline -0.001 -14"><span class='ocrx_word' id='word_1_6' title='bbox 337 253 412 291; x_wconf 91' lang='lat' dir='ltr'>que</span> <span class='ocrx_word' id='word_1_7' title='bbox 432 239 486 277; x_wconf 86' lang='lat' dir='ltr'>ita</span> <span class='ocrx_word' id='word_1_8' title='bbox 513 252 554 277; x_wconf 87' lang='lat' dir='ltr'>se</span> <span class='ocrx_word' id='word_1_9' title='bbox 584 238 802 290; x_wconf 51' lang='lat' dir='ltr'>paravit-7</span> <span class='ocrx_word' id='word_1_10' title='bbox 832 239 901 277; x_wconf 90' lang='lat' dir='ltr'>sed</span> <span class='ocrx_word' id='word_1_11' title='bbox 938 246 1102 277; x_wconf 90' lang='lat' dir='ltr'>vestram</span> <span class='ocrx_word' id='word_1_12' title='bbox 1132 239 1372 278; x_wconf 85' lang='lat' dir='ltr'>iracundiam</span> <span class='ocrx_word' id='word_1_13' title='bbox 1400 239 1642 277; x_wconf 86' lang='lat' dir='ltr'>inflammare</span> <span class='ocrx_word' id='word_1_14' title='bbox 1669 236 1809 284; x_wconf 88' lang='lat' dir='ltr'>voluit,</span> 
     </span>
     <span class='ocr_line' id='line_1_3' title="bbox 337 300 1809 354; baseline -0.003 -14"><span class='ocrx_word' id='word_1_15' title='bbox 337 315 475 353; x_wconf 89' lang='lat' dir='ltr'>meque</span> <span class='ocrx_word' id='word_1_16' title='bbox 496 308 747 353; x_wconf 82' lang='lat' dir='ltr'>acceptorum</span> <span class='ocrx_word' id='word_1_17' title='bbox 767 315 969 339; x_wconf 89' lang='lat' dir='ltr'>munerum</span> <span class='ocrx_word' id='word_1_18' title='bbox 992 302 1207 347; x_wconf 85' lang='lat' dir='ltr'>accusavit,</span> <span class='ocrx_word' id='word_1_19' title='bbox 1229 302 1346 339; x_wconf 93' lang='lat' dir='ltr'>homo</span> <span class='ocrx_word' id='word_1_20' title='bbox 1373 301 1424 339; x_wconf 88' lang='lat' dir='ltr'>ad</span> <span class='ocrx_word' id='word_1_21' title='bbox 1444 313 1528 339; x_wconf 88' lang='lat' dir='ltr'>earn</span> <span class='ocrx_word' id='word_1_22' title='bbox 1549 300 1809 354; x_wconf 76' lang='lat' dir='ltr'><strong>suspicionem</strong></span> 
     </span>
     <span class='ocr_line' id='line_1_4' title="bbox 335 362 1811 415; baseline -0.001 -14"><span class='ocrx_word' id='word_1_23' title='bbox 335 363 576 402; x_wconf 88' lang='lat' dir='ltr'>inferendam</span> <span class='ocrx_word' id='word_1_24' title='bbox 602 363 773 415; x_wconf 88' lang='lat' dir='ltr'>ineptus.</span> <span class='ocrx_word' id='word_1_25' title='bbox 804 363 905 401; x_wconf 90' lang='lat' dir='ltr'>Nam</span> <span class='ocrx_word' id='word_1_26' title='bbox 933 363 998 413; x_wconf 88' lang='lat' dir='ltr'>qui</span> <span class='ocrx_word' id='word_1_27' title='bbox 1013 363 1169 414; x_wconf 84' lang='lat' dir='ltr'>judices</span> <span class='ocrx_word' id='word_1_28' title='bbox 1183 364 1374 409; x_wconf 85' lang='lat' dir='ltr'>hortatur,</span> <span class='ocrx_word' id='word_1_29' title='bbox 1392 369 1437 400; x_wconf 90' lang='lat' dir='ltr'>ut</span> <span class='ocrx_word' id='word_1_30' title='bbox 1456 362 1704 413; x_wconf 81' lang='lat' dir='ltr'>largitionum</span> <span class='ocrx_word' id='word_1_31' title='bbox 1725 375 1811 400; x_wconf 89' lang='lat' dir='ltr'>cor-</span> 
     </span>
     <span class='ocr_line' id='line_1_5' title="bbox 335 424 1809 478; baseline -0.002 -14"><span class='ocrx_word' id='word_1_32' title='bbox 335 426 497 477; x_wconf 88' lang='lat' dir='ltr'>ruptelis</span> <span class='ocrx_word' id='word_1_33' title='bbox 514 426 744 473; x_wconf 83' lang='lat' dir='ltr'>irascantur,</span> <span class='ocrx_word' id='word_1_34' title='bbox 765 439 852 464; x_wconf 86' lang='lat' dir='ltr'>eum</span> <span class='ocrx_word' id='word_1_35' title='bbox 873 432 1029 476; x_wconf 90' lang='lat' dir='ltr'>oportet</span> <span class='ocrx_word' id='word_1_36' title='bbox 1044 426 1169 478; x_wconf 90' lang='lat' dir='ltr'>ipsum</span> <span class='ocrx_word' id='word_1_37' title='bbox 1191 427 1238 465; x_wconf 90' lang='lat' dir='ltr'>ab</span> <span class='ocrx_word' id='word_1_38' title='bbox 1259 424 1449 475; x_wconf 83' lang='lat' dir='ltr'>ejusmodi</span> <span class='ocrx_word' id='word_1_39' title='bbox 1468 424 1583 463; x_wconf 89' lang='lat' dir='ltr'>factis</span> <span class='ocrx_word' id='word_1_40' title='bbox 1602 424 1809 476; x_wconf 88' lang='lat' dir='ltr'>plurimum</span> 
     </span>
     <span class='ocr_line' id='line_1_6' title="bbox 336 477 1682 527; baseline -0.001 -1"><span class='ocrx_word' id='word_1_41' title='bbox 336 489 556 527; x_wconf 89' lang='lat' dir='ltr'>abhorrere.</span> <span class='ocrx_word' id='word_1_42' title='bbox 1678 477 1682 482; x_wconf 50' lang='grc'><strong>’</strong></span> 
     </span>
    </p>

    <p class='ocr_par' dir='ltr' id='par_1_3' title="bbox 333 548 1832 1146">
     <span class='ocr_line' id='line_1_7' title="bbox 390 548 1809 595; baseline -0.002 -7"><span class='ocrx_word' id='word_1_43' title='bbox 390 553 428 588; x_wconf 86' lang='lat'>2.</span> <span class='ocrx_word' id='word_1_44' title='bbox 458 551 522 589; x_wconf 89' lang='lat' dir='ltr'>Sic</span> <span class='ocrx_word' id='word_1_45' title='bbox 551 558 681 589; x_wconf 86' lang='lat' dir='ltr'>autern</span> <span class='ocrx_word' id='word_1_46' title='bbox 703 549 854 595; x_wconf 87' lang='lat' dir='ltr'>accidit,</span> <span class='ocrx_word' id='word_1_47' title='bbox 876 548 1152 595; x_wconf 83' lang='lat' dir='ltr'>Athenienses,</span> <span class='ocrx_word' id='word_1_48' title='bbox 1173 557 1215 588; x_wconf 89' lang='lat' dir='ltr'>ut</span> <span class='ocrx_word' id='word_1_49' title='bbox 1236 550 1369 588; x_wconf 87' lang='lat' dir='ltr'>audita</span> <span class='ocrx_word' id='word_1_50' title='bbox 1390 548 1670 587; x_wconf 89' lang='lat' dir='ltr'>Demosthenis</span> <span class='ocrx_word' id='word_1_51' title='bbox 1693 561 1809 586; x_wconf 89' lang='lat' dir='ltr'>accu-</span> 
     </span>
     <span class='ocr_line' id='line_1_8' title="bbox 336 609 1832 663; baseline -0.003 -12"><span class='ocrx_word' id='word_1_52' title='bbox 336 613 501 660; x_wconf 82' lang='lat' dir='ltr'>satione,</span> <span class='ocrx_word' id='word_1_53' title='bbox 528 626 653 663; x_wconf 88' lang='lat' dir='ltr'>neque</span> <span class='ocrx_word' id='word_1_54' title='bbox 673 624 846 663; x_wconf 86' lang='lat' dir='ltr'>unquam</span> <span class='ocrx_word' id='word_1_55' title='bbox 868 611 922 649; x_wconf 89' lang='lat' dir='ltr'>sic</span> <span class='ocrx_word' id='word_1_56' title='bbox 951 617 996 648; x_wconf 92' lang='lat' dir='ltr'>ut</span> <span class='ocrx_word' id='word_1_57' title='bbox 1018 611 1093 649; x_wconf 90' lang='lat' dir='ltr'>hoc</span> <span class='ocrx_word' id='word_1_58' title='bbox 1119 611 1181 650; x_wconf 93' lang='lat' dir='ltr'>die</span> <span class='ocrx_word' id='word_1_59' title='bbox 1195 611 1483 663; x_wconf 88' lang='lat' dir='ltr'>pertimuerim,</span> <span class='ocrx_word' id='word_1_60' title='bbox 1511 624 1584 649; x_wconf 91' lang='lat' dir='ltr'>nec</span> <span class='ocrx_word' id='word_1_61' title='bbox 1610 609 1735 661; x_wconf 86' lang='lat' dir='ltr'>magis</span> <span class='ocrx_word' id='word_1_62' title='bbox 1754 610 1832 651; x_wconf 68' lang='lat' dir='ltr'>in-.</span> 
     </span>
     <span class='ocr_line' id='line_1_9' title="bbox 335 671 1811 725; baseline -0.002 -13"><span class='ocrx_word' id='word_1_63' title='bbox 335 674 518 725; x_wconf 85' lang='lat' dir='ltr'>dignatus</span> <span class='ocrx_word' id='word_1_64' title='bbox 536 674 607 712; x_wconf 89' lang='lat' dir='ltr'>sim</span> <span class='ocrx_word' id='word_1_65' title='bbox 626 686 742 724; x_wconf 87' lang='lat' dir='ltr'>quam</span> <span class='ocrx_word' id='word_1_66' title='bbox 760 686 878 718; x_wconf 90' lang='lat' dir='ltr'>nunc,</span> <span class='ocrx_word' id='word_1_67' title='bbox 893 685 1019 723; x_wconf 91' lang='lat' dir='ltr'>neque</span> <span class='ocrx_word' id='word_1_68' title='bbox 1037 672 1154 710; x_wconf 89' lang='lat' dir='ltr'>etiam</span> <span class='ocrx_word' id='word_1_69' title='bbox 1174 673 1257 724; x_wconf 88' lang='lat' dir='ltr'>pari</span> <span class='ocrx_word' id='word_1_70' title='bbox 1270 673 1408 712; x_wconf 78' lang='lat' dir='ltr'>laetitia</span> <span class='ocrx_word' id='word_1_71' title='bbox 1423 673 1645 711; x_wconf 87' lang='lat' dir='ltr'>exultarim.</span> <span class='ocrx_word' id='word_1_72' title='bbox 1680 671 1811 710; x_wconf 90' lang='lat' dir='ltr'>Timui</span> 
     </span>
     <span class='ocr_line' id='line_1_10' title="bbox 335 733 1811 787; baseline -0.002 -13"><span class='ocrx_word' id='word_1_73' title='bbox 335 737 452 782; x_wconf 89' lang='lat' dir='ltr'>enim,</span> <span class='ocrx_word' id='word_1_74' title='bbox 474 736 592 787; x_wconf 90' lang='lat' dir='ltr'>idque</span> <span class='ocrx_word' id='word_1_75' title='bbox 612 749 714 773; x_wconf 91' lang='lat' dir='ltr'>nunc</span> <span class='ocrx_word' id='word_1_76' title='bbox 733 735 850 773; x_wconf 90' lang='lat' dir='ltr'>etiam</span> <span class='ocrx_word' id='word_1_77' title='bbox 868 747 927 772; x_wconf 92' lang='lat' dir='ltr'>me</span> <span class='ocrx_word' id='word_1_78' title='bbox 943 735 1089 781; x_wconf 89' lang='lat' dir='ltr'>turbat,</span> <span class='ocrx_word' id='word_1_79' title='bbox 1108 748 1157 772; x_wconf 89' lang='lat' dir='ltr'>ne</span> <span class='ocrx_word' id='word_1_80' title='bbox 1176 735 1242 786; x_wconf 92' lang='lat' dir='ltr'>qui</span> <span class='ocrx_word' id='word_1_81' title='bbox 1262 741 1435 773; x_wconf 87' lang='lat' dir='ltr'>vestrum</span> <span class='ocrx_word' id='word_1_82' title='bbox 1449 748 1513 773; x_wconf 90' lang='lat' dir='ltr'>me</span> <span class='ocrx_word' id='word_1_83' title='bbox 1528 735 1725 786; x_wconf 83' lang='lat' dir='ltr'>ignorent,</span> <span class='ocrx_word' id='word_1_84' title='bbox 1741 733 1811 771; x_wconf 90' lang='lat' dir='ltr'>de-</span> 
     </span>
     <span class='ocr_line' id='line_1_11' title="bbox 333 795 1811 848; baseline -0.002 -13"><span class='ocrx_word' id='word_1_85' title='bbox 333 798 432 836; x_wconf 89' lang='lat' dir='ltr'>liniti</span> <span class='ocrx_word' id='word_1_86' title='bbox 453 797 650 835; x_wconf 88' lang='lat' dir='ltr'>insidiosis</span> <span class='ocrx_word' id='word_1_87' title='bbox 673 797 757 835; x_wconf 88' lang='lat' dir='ltr'>istis</span> <span class='ocrx_word' id='word_1_88' title='bbox 778 803 817 834; x_wconf 92' lang='lat' dir='ltr'>et</span> <span class='ocrx_word' id='word_1_89' title='bbox 836 795 1038 834; x_wconf 85' lang='lat' dir='ltr'>malitiosis</span> <span class='ocrx_word' id='word_1_90' title='bbox 1058 796 1349 848; x_wconf 85' lang='lat' dir='ltr'>contrapositis.</span> <span class='ocrx_word' id='word_1_91' title='bbox 1398 796 1450 833; x_wconf 92' lang='lat' dir='ltr'>Et</span> <span class='ocrx_word' id='word_1_92' title='bbox 1469 802 1578 834; x_wconf 87' lang='lat' dir='ltr'>extra</span> <span class='ocrx_word' id='word_1_93' title='bbox 1595 809 1658 834; x_wconf 86' lang='lat' dir='ltr'>me</span> <span class='ocrx_word' id='word_1_94' title='bbox 1682 795 1811 847; x_wconf 88' lang='lat' dir='ltr'>ipsum</span> 
     </span>
     <span class='ocr_line' id='line_1_12' title="bbox 336 857 1813 911; baseline -0.001 -15"><span class='ocrx_word' id='word_1_95' title='bbox 336 866 469 911; x_wconf 89' lang='lat' dir='ltr'>raptus</span> <span class='ocrx_word' id='word_1_96' title='bbox 490 873 591 906; x_wconf 90' lang='lat' dir='ltr'>sum,</span> <span class='ocrx_word' id='word_1_97' title='bbox 619 859 843 909; x_wconf 87' lang='lat' dir='ltr'>crimenque</span> <span class='ocrx_word' id='word_1_98' title='bbox 865 857 1034 908; x_wconf 86' lang='lat' dir='ltr'>graviter</span> <span class='ocrx_word' id='word_1_99' title='bbox 1067 857 1151 904; x_wconf 88' lang='lat' dir='ltr'>tuli,</span> <span class='ocrx_word' id='word_1_100' title='bbox 1177 871 1266 896; x_wconf 89' lang='lat' dir='ltr'>cum</span> <span class='ocrx_word' id='word_1_101' title='bbox 1295 871 1357 896; x_wconf 88' lang='lat' dir='ltr'>me</span> <span class='ocrx_word' id='word_1_102' title='bbox 1378 857 1626 896; x_wconf 85' lang='lat' dir='ltr'>contumeliae</span> <span class='ocrx_word' id='word_1_103' title='bbox 1654 863 1694 895; x_wconf 90' lang='lat' dir='ltr'>et</span> <span class='ocrx_word' id='word_1_104' title='bbox 1721 870 1813 908; x_wconf 90' lang='lat' dir='ltr'>pro-</span> 
     </span>
     <span class='ocr_line' id='line_1_13' title="bbox 334 918 1812 970; baseline -0.002 -11"><span class='ocrx_word' id='word_1_105' title='bbox 334 921 525 960; x_wconf 88' lang='lat' dir='ltr'>tervitatis</span> <span class='ocrx_word' id='word_1_106' title='bbox 546 921 585 958; x_wconf 89' lang='lat' dir='ltr'>in</span> <span class='ocrx_word' id='word_1_107' title='bbox 606 920 808 958; x_wconf 89' lang='lat' dir='ltr'>mulierem</span> <span class='ocrx_word' id='word_1_108' title='bbox 829 920 1039 970; x_wconf 87' lang='lat' dir='ltr'>ingenuam</span> <span class='ocrx_word' id='word_1_109' title='bbox 1059 925 1098 957; x_wconf 90' lang='lat' dir='ltr'>et</span> <span class='ocrx_word' id='word_1_110' title='bbox 1118 932 1259 970; x_wconf 83' lang='lat' dir='ltr'>genere</span> <span class='ocrx_word' id='word_1_111' title='bbox 1288 918 1518 970; x_wconf 88' lang='lat' dir='ltr'>Olynthiam</span> <span class='ocrx_word' id='word_1_112' title='bbox 1547 918 1727 957; x_wconf 81' lang='lat' dir='ltr'>admissae</span> <span class='ocrx_word' id='word_1_113' title='bbox 1747 931 1812 956; x_wconf 91' lang='lat' dir='ltr'>ac-</span> 
     </span>
     <span class='ocr_line' id='line_1_14' title="bbox 334 980 1811 1027; baseline -0.003 -5"><span class='ocrx_word' id='word_1_114' title='bbox 334 990 501 1022; x_wconf 86' lang='lat' dir='ltr'>cusaret.</span> <span class='ocrx_word' id='word_1_115' title='bbox 543 983 777 1021; x_wconf 83' lang='lat' dir='ltr'>Delectatus</span> <span class='ocrx_word' id='word_1_116' title='bbox 804 988 935 1019; x_wconf 90' lang='lat' dir='ltr'>autem</span> <span class='ocrx_word' id='word_1_117' title='bbox 966 994 1064 1027; x_wconf 91' lang='lat' dir='ltr'>sum,</span> <span class='ocrx_word' id='word_1_118' title='bbox 1097 994 1186 1019; x_wconf 91' lang='lat' dir='ltr'>cum</span> <span class='ocrx_word' id='word_1_119' title='bbox 1214 994 1304 1018; x_wconf 93' lang='lat' dir='ltr'>eum</span> <span class='ocrx_word' id='word_1_120' title='bbox 1332 981 1373 1019; x_wconf 88' lang='lat' dir='ltr'>id</span> <span class='ocrx_word' id='word_1_121' title='bbox 1403 980 1549 1019; x_wconf 90' lang='lat' dir='ltr'>crimen</span> <span class='ocrx_word' id='word_1_122' title='bbox 1577 986 1811 1018; x_wconf 87' lang='lat' dir='ltr'>tractantem</span> 
     </span>
     <span class='ocr_line' id='line_1_15' title="bbox 337 1041 1811 1097; baseline -0.003 -13"><span class='ocrx_word' id='word_1_123' title='bbox 337 1045 523 1097; x_wconf 86' lang='lat' dir='ltr'>ejecistis,</span> <span class='ocrx_word' id='word_1_124' title='bbox 545 1057 623 1096; x_wconf 91' lang='lat' dir='ltr'>quo</span> <span class='ocrx_word' id='word_1_125' title='bbox 648 1044 769 1089; x_wconf 86' lang='lat' dir='ltr'>facto,</span> <span class='ocrx_word' id='word_1_126' title='bbox 797 1043 887 1081; x_wconf 81' lang='lat' dir='ltr'>vitae</span> <span class='ocrx_word' id='word_1_127' title='bbox 917 1043 1097 1082; x_wconf 88' lang='lat' dir='ltr'>modeste</span> <span class='ocrx_word' id='word_1_128' title='bbox 1126 1049 1225 1081; x_wconf 85' lang='lat' dir='ltr'>actae</span> <span class='ocrx_word' id='word_1_129' title='bbox 1252 1042 1418 1094; x_wconf 81' lang='lat' dir='ltr'>gratiam</span> <span class='ocrx_word' id='word_1_130' title='bbox 1448 1042 1553 1080; x_wconf 71' lang='lat' dir='ltr'>mihi·</span> <span class='ocrx_word' id='word_1_131' title='bbox 1572 1041 1811 1094; x_wconf 85' lang='lat' dir='ltr'>persolutam</span> 
     </span>
     <span class='ocr_line' id='line_1_16' title="bbox 338 1107 637 1146; baseline 0.007 -2"><span class='ocrx_word' id='word_1_132' title='bbox 338 1120 426 1146; x_wconf 89' lang='lat' dir='ltr'>esse</span> <span class='ocrx_word' id='word_1_133' title='bbox 446 1107 637 1146; x_wconf 88' lang='lat' dir='ltr'>existimo.</span> 
     </span>
    </p>

    <p class='ocr_par' dir='ltr' id='par_1_4' title="bbox 334 1166 1843 1771">
     <span class='ocr_line' id='line_1_17' title="bbox 392 1166 1812 1221; baseline -0.003 -13"><span class='ocrx_word' id='word_1_134' title='bbox 392 1172 428 1208; x_wconf 88' lang='lat'>3.</span> <span class='ocrx_word' id='word_1_135' title='bbox 463 1170 545 1208; x_wconf 80' lang='lat' dir='ltr'>Vos&#39;</span> <span class='ocrx_word' id='word_1_136' title='bbox 583 1169 699 1220; x_wconf 89' lang='lat' dir='ltr'>igitur</span> <span class='ocrx_word' id='word_1_137' title='bbox 737 1169 870 1216; x_wconf 86' lang='lat' dir='ltr'>laudo,</span> <span class='ocrx_word' id='word_1_138' title='bbox 910 1175 952 1207; x_wconf 89' lang='lat' dir='ltr'>et</span> <span class='ocrx_word' id='word_1_139' title='bbox 981 1169 1169 1221; x_wconf 85' lang='lat' dir='ltr'>singulari</span> <span class='ocrx_word' id='word_1_140' title='bbox 1203 1182 1333 1208; x_wconf 91' lang='lat' dir='ltr'>amore</span> <span class='ocrx_word' id='word_1_141' title='bbox 1369 1180 1597 1220; x_wconf 88' lang='lat' dir='ltr'>prosequor,</span> <span class='ocrx_word' id='word_1_142' title='bbox 1625 1167 1692 1219; x_wconf 92' lang='lat' dir='ltr'>qui</span> <span class='ocrx_word' id='word_1_143' title='bbox 1723 1166 1812 1205; x_wconf 88' lang='lat' dir='ltr'>vitae</span> 
     </span>
     <span class='ocr_line' id='line_1_18' title="bbox 336 1229 1813 1282; baseline -0.003 -12"><span class='ocrx_word' id='word_1_144' title='bbox 336 1244 491 1270; x_wconf 85' lang='lat' dir='ltr'>reorum</span> <span class='ocrx_word' id='word_1_145' title='bbox 522 1232 648 1282; x_wconf 89' lang='lat' dir='ltr'>magis</span> <span class='ocrx_word' id='word_1_146' title='bbox 686 1231 871 1278; x_wconf 88' lang='lat' dir='ltr'>credatis,</span> <span class='ocrx_word' id='word_1_147' title='bbox 909 1244 1025 1282; x_wconf 91' lang='lat' dir='ltr'>quam</span> <span class='ocrx_word' id='word_1_148' title='bbox 1058 1231 1392 1269; x_wconf 86' lang='lat' dir='ltr'>criminationibus</span> <span class='ocrx_word' id='word_1_149' title='bbox 1428 1230 1684 1275; x_wconf 88' lang='lat' dir='ltr'>inimicorum,</span> <span class='ocrx_word' id='word_1_150' title='bbox 1726 1229 1813 1279; x_wconf 89' lang='lat' dir='ltr'>ipse</span> 
     </span>
     <span class='ocr_line' id='line_1_19' title="bbox 336 1290 1843 1332; baseline -0.003 -1"><span class='ocrx_word' id='word_1_151' title='bbox 336 1302 468 1332; x_wconf 91' lang='lat' dir='ltr'>tamen</span> <span class='ocrx_word' id='word_1_152' title='bbox 488 1294 562 1332; x_wconf 89' lang='lat' dir='ltr'>hac</span> <span class='ocrx_word' id='word_1_153' title='bbox 591 1294 821 1332; x_wconf 86' lang='lat' dir='ltr'>defensione</span> <span class='ocrx_word' id='word_1_154' title='bbox 841 1306 920 1331; x_wconf 91' lang='lat' dir='ltr'>non</span> <span class='ocrx_word' id='word_1_155' title='bbox 950 1293 1104 1331; x_wconf 75' lang='lat' dir='ltr'>cedam,</span> <span class='ocrx_word' id='word_1_156' title='bbox 1162 1294 1264 1331; x_wconf 90' lang='lat' dir='ltr'>Nam</span> <span class='ocrx_word' id='word_1_157' title='bbox 1297 1294 1376 1331; x_wconf 92' lang='lat' dir='ltr'>sive</span> <span class='ocrx_word' id='word_1_158' title='bbox 1405 1292 1497 1331; x_wconf 85' lang='lat' dir='ltr'>foris</span> <span class='ocrx_word' id='word_1_159' title='bbox 1523 1290 1843 1330; x_wconf 84' lang='lat' dir='ltr'>circumstantis·</span> 
     </span>
     <span class='ocr_line' id='line_1_20' title="bbox 338 1354 1815 1407; baseline -0.004 -13"><span class='ocrx_word' id='word_1_160' title='bbox 338 1357 651 1403; x_wconf 85' lang='lat' dir='ltr'>coronae‚—-fere</span> <span class='ocrx_word' id='word_1_161' title='bbox 672 1361 809 1394; x_wconf 71' lang='lat' dir='ltr'>&#39;autem</span> <span class='ocrx_word' id='word_1_162' title='bbox 840 1356 1012 1394; x_wconf 86' lang='lat' dir='ltr'>maxima</span> <span class='ocrx_word' id='word_1_163' title='bbox 1039 1369 1129 1407; x_wconf 89' lang='lat' dir='ltr'>pars</span> <span class='ocrx_word' id='word_1_164' title='bbox 1156 1355 1295 1393; x_wconf 84' lang='lat' dir='ltr'>civium</span> <span class='ocrx_word' id='word_1_165' title='bbox 1325 1355 1504 1400; x_wconf 80' lang='lat' dir='ltr'>adest-,</span> <span class='ocrx_word' id='word_1_166' title='bbox 1535 1354 1615 1391; x_wconf 92' lang='lat' dir='ltr'>sive</span> <span class='ocrx_word' id='word_1_167' title='bbox 1644 1358 1815 1390; x_wconf 89' lang='lat' dir='ltr'>vestrum</span> 
     </span>
     <span class='ocr_line' id='line_1_21' title="bbox 335 1414 1814 1469; baseline -0.003 -13"><span class='ocrx_word' id='word_1_168' title='bbox 335 1419 493 1469; x_wconf 90' lang='lat' dir='ltr'>qui-pro</span> <span class='ocrx_word' id='word_1_169' title='bbox 522 1418 706 1456; x_wconf 87' lang='lat' dir='ltr'>tribunali</span> <span class='ocrx_word' id='word_1_170' title='bbox 725 1418 872 1455; x_wconf 88' lang='lat' dir='ltr'>sedetis</span> <span class='ocrx_word' id='word_1_171' title='bbox 892 1417 1074 1468; x_wconf 87' lang='lat' dir='ltr'>cuiquam</span> <span class='ocrx_word' id='word_1_172' title='bbox 1097 1430 1329 1469; x_wconf 85' lang='lat' dir='ltr'>persuasum</span> <span class='ocrx_word' id='word_1_173' title='bbox 1363 1423 1438 1463; x_wconf 90' lang='lat' dir='ltr'>est,</span> <span class='ocrx_word' id='word_1_174' title='bbox 1467 1429 1530 1454; x_wconf 87' lang='lat' dir='ltr'>me</span> <span class='ocrx_word' id='word_1_175' title='bbox 1557 1415 1635 1462; x_wconf 85' lang='lat' dir='ltr'>tale</span> <span class='ocrx_word' id='word_1_176' title='bbox 1661 1414 1814 1466; x_wconf 77' lang='lat' dir='ltr'>‘aliquid</span> 
     </span>
     <span class='ocr_line' id='line_1_22' title="bbox 337 1478 1812 1530; baseline -0.003 -11"><span class='ocrx_word' id='word_1_177' title='bbox 337 1480 582 1519; x_wconf 84' lang='lat' dir='ltr'>commisisse</span> <span class='ocrx_word' id='word_1_178' title='bbox 602 1492 681 1517; x_wconf 91' lang='lat' dir='ltr'>non</span> <span class='ocrx_word' id='word_1_179' title='bbox 701 1486 853 1518; x_wconf 87' lang='lat' dir='ltr'>tantum</span> <span class='ocrx_word' id='word_1_180' title='bbox 875 1480 915 1517; x_wconf 90' lang='lat' dir='ltr'>in</span> <span class='ocrx_word' id='word_1_181' title='bbox 943 1479 1140 1518; x_wconf 90' lang='lat' dir='ltr'>hominem</span> <span class='ocrx_word' id='word_1_182' title='bbox 1175 1480 1405 1530; x_wconf 86' lang='lat' dir='ltr'>ingenuum,</span> <span class='ocrx_word' id='word_1_183' title='bbox 1425 1478 1495 1517; x_wconf 90' lang='lat' dir='ltr'>sed</span> <span class='ocrx_word' id='word_1_184' title='bbox 1522 1478 1585 1526; x_wconf 86' lang='lat' dir='ltr'>vel</span> <span class='ocrx_word' id='word_1_185' title='bbox 1611 1478 1651 1515; x_wconf 92' lang='lat' dir='ltr'>in</span> <span class='ocrx_word' id='word_1_186' title='bbox 1677 1490 1812 1528; x_wconf 89' lang='lat' dir='ltr'>quem-</span> 
     </span>
     <span class='ocr_line' id='line_1_23' title="bbox 335 1538 1812 1593; baseline -0.002 -14"><span class='ocrx_word' id='word_1_187' title='bbox 335 1542 446 1587; x_wconf 89' lang='lat' dir='ltr'>libet,</span> <span class='ocrx_word' id='word_1_188' title='bbox 469 1541 662 1592; x_wconf 89' lang='lat' dir='ltr'>reliquum</span> <span class='ocrx_word' id='word_1_189' title='bbox 685 1541 772 1579; x_wconf 86' lang='lat' dir='ltr'>vitae</span> <span class='ocrx_word' id='word_1_190' title='bbox 792 1541 886 1578; x_wconf 89' lang='lat' dir='ltr'>mihi</span> <span class='ocrx_word' id='word_1_191' title='bbox 917 1549 1072 1593; x_wconf 90' lang='lat' dir='ltr'>tempus</span> <span class='ocrx_word' id='word_1_192' title='bbox 1093 1542 1274 1579; x_wconf 90' lang='lat' dir='ltr'>acerbum</span> <span class='ocrx_word' id='word_1_193' title='bbox 1295 1547 1405 1592; x_wconf 92' lang='lat' dir='ltr'>puto.</span> <span class='ocrx_word' id='word_1_194' title='bbox 1458 1540 1577 1585; x_wconf 85' lang='lat' dir='ltr'>Quod</span> <span class='ocrx_word' id='word_1_195' title='bbox 1596 1539 1668 1577; x_wconf 91' lang='lat' dir='ltr'>nisi</span> <span class='ocrx_word' id='word_1_196' title='bbox 1687 1539 1724 1576; x_wconf 90' lang='lat' dir='ltr'>in</span> <span class='ocrx_word' id='word_1_197' title='bbox 1745 1538 1812 1576; x_wconf 92' lang='lat' dir='ltr'>de-</span> 
     </span>
     <span class='ocr_line' id='line_1_24' title="bbox 335 1601 1815 1655; baseline -0.002 -14"><span class='ocrx_word' id='word_1_198' title='bbox 335 1603 523 1642; x_wconf 87' lang='lat' dir='ltr'>fensionis</span> <span class='ocrx_word' id='word_1_199' title='bbox 543 1616 769 1655; x_wconf 85' lang='lat' dir='ltr'>progressu,</span> <span class='ocrx_word' id='word_1_200' title='bbox 792 1609 834 1640; x_wconf 91' lang='lat' dir='ltr'>et</span> <span class='ocrx_word' id='word_1_201' title='bbox 851 1603 996 1642; x_wconf 89' lang='lat' dir='ltr'>crimen</span> <span class='ocrx_word' id='word_1_202' title='bbox 1016 1603 1111 1640; x_wconf 93' lang='lat' dir='ltr'>illud</span> <span class='ocrx_word' id='word_1_203' title='bbox 1131 1616 1218 1641; x_wconf 85' lang='lat' dir='ltr'>esse</span> <span class='ocrx_word' id='word_1_204' title='bbox 1237 1603 1381 1641; x_wconf 88' lang='lat' dir='ltr'>falsum</span> <span class='ocrx_word' id='word_1_205' title='bbox 1395 1602 1678 1648; x_wconf 83' lang='lat' dir='ltr'>demonstrare,</span> <span class='ocrx_word' id='word_1_206' title='bbox 1695 1608 1735 1639; x_wconf 93' lang='lat' dir='ltr'>et</span> <span class='ocrx_word' id='word_1_207' title='bbox 1749 1601 1815 1652; x_wconf 85' lang='lat' dir='ltr'>qui</span> 
     </span>
     <span class='ocr_line' id='line_1_25' title="bbox 334 1662 1813 1711; baseline -0.003 -8"><span class='ocrx_word' id='word_1_208' title='bbox 334 1665 374 1703; x_wconf 90' lang='lat' dir='ltr'>id</span> <span class='ocrx_word' id='word_1_209' title='bbox 396 1664 532 1703; x_wconf 83' lang='lat' dir='ltr'>afferre</span> <span class='ocrx_word' id='word_1_210' title='bbox 552 1677 671 1703; x_wconf 90' lang='lat' dir='ltr'>ausus</span> <span class='ocrx_word' id='word_1_211' title='bbox 691 1664 777 1711; x_wconf 83' lang='lat' dir='ltr'>fuit,</span> <span class='ocrx_word' id='word_1_212' title='bbox 798 1665 989 1703; x_wconf 89' lang='lat' dir='ltr'>nefarium</span> <span class='ocrx_word' id='word_1_213' title='bbox 1010 1664 1348 1711; x_wconf 84' lang='lat' dir='ltr'>calumniatorem,</span> <span class='ocrx_word' id='word_1_214' title='bbox 1369 1664 1444 1703; x_wconf 88' lang='lat' dir='ltr'>etsi</span> <span class='ocrx_word' id='word_1_215' title='bbox 1464 1671 1594 1703; x_wconf 89' lang='lat' dir='ltr'>cetera</span> <span class='ocrx_word' id='word_1_216' title='bbox 1612 1663 1716 1702; x_wconf 90' lang='lat' dir='ltr'>omni</span> <span class='ocrx_word' id='word_1_217' title='bbox 1740 1662 1813 1700; x_wconf 90' lang='lat' dir='ltr'>cri-</span> 
     </span>
     <span class='ocr_line' id='line_1_26' title="bbox 335 1726 1001 1771; baseline 0.002 -8"><span class='ocrx_word' id='word_1_218' title='bbox 335 1726 437 1764; x_wconf 88' lang='lat' dir='ltr'>mine</span> <span class='ocrx_word' id='word_1_219' title='bbox 457 1739 612 1771; x_wconf 76' lang='lat' dir='ltr'>vacato,</span> <span class='ocrx_word' id='word_1_220' title='bbox 634 1726 730 1763; x_wconf 89' lang='lat' dir='ltr'>mori</span> <span class='ocrx_word' id='word_1_221' title='bbox 750 1738 830 1763; x_wconf 90' lang='lat' dir='ltr'>non</span> <span class='ocrx_word' id='word_1_222' title='bbox 849 1739 1001 1764; x_wconf 88' lang='lat' dir='ltr'>recuso.</span> 
     </span>
    </p>

    <p class='ocr_par' dir='ltr' id='par_1_5' title="bbox 335 1786 1814 2276">
     <span class='ocr_line' id='line_1_27' title="bbox 391 1786 1812 1839; baseline -0.002 -13"><span class='ocrx_word' id='word_1_223' title='bbox 391 1791 430 1826; x_wconf 81' lang='lat'>4.</span> <span class='ocrx_word' id='word_1_224' title='bbox 464 1787 711 1826; x_wconf 87' lang='lat' dir='ltr'>Admirabilis</span> <span class='ocrx_word' id='word_1_225' title='bbox 737 1788 802 1826; x_wconf 82' lang='lat' dir='ltr'>illa</span> <span class='ocrx_word' id='word_1_226' title='bbox 824 1788 940 1826; x_wconf 89' lang='lat' dir='ltr'>etiam</span> <span class='ocrx_word' id='word_1_227' title='bbox 968 1788 1061 1826; x_wconf 87' lang='lat' dir='ltr'>mihi</span> <span class='ocrx_word' id='word_1_228' title='bbox 1087 1789 1171 1827; x_wconf 88' lang='lat' dir='ltr'>visa</span> <span class='ocrx_word' id='word_1_229' title='bbox 1201 1795 1263 1827; x_wconf 89' lang='lat' dir='ltr'>est</span> <span class='ocrx_word' id='word_1_230' title='bbox 1283 1788 1420 1835; x_wconf 91' lang='lat' dir='ltr'>oratio,</span> <span class='ocrx_word' id='word_1_231' title='bbox 1441 1795 1482 1826; x_wconf 92' lang='lat' dir='ltr'>et</span> <span class='ocrx_word' id='word_1_232' title='bbox 1504 1795 1622 1839; x_wconf 81' lang='lat' dir='ltr'>supra</span> <span class='ocrx_word' id='word_1_233' title='bbox 1651 1786 1812 1825; x_wconf 88' lang='lat' dir='ltr'>modum</span> 
     </span>
     <span class='ocr_line' id='line_1_28' title="bbox 335 1850 1813 1905; baseline -0.003 -14"><span class='ocrx_word' id='word_1_234' title='bbox 335 1853 494 1905; x_wconf 80' lang='lat' dir='ltr'>injusta,</span> <span class='ocrx_word' id='word_1_235' title='bbox 525 1866 614 1890; x_wconf 87' lang='lat' dir='ltr'>curn</span> <span class='ocrx_word' id='word_1_236' title='bbox 634 1865 702 1890; x_wconf 89' lang='lat' dir='ltr'>vos</span> <span class='ocrx_word' id='word_1_237' title='bbox 735 1858 1043 1904; x_wconf 86' lang='lat' dir='ltr'>percontaretur,</span> <span class='ocrx_word' id='word_1_238' title='bbox 1062 1865 1157 1889; x_wconf 93' lang='lat' dir='ltr'>num</span> <span class='ocrx_word' id='word_1_239' title='bbox 1182 1851 1264 1890; x_wconf 88' lang='lat' dir='ltr'>fieri</span> <span class='ocrx_word' id='word_1_240' title='bbox 1283 1858 1428 1903; x_wconf 88' lang='lat' dir='ltr'>posset,</span> <span class='ocrx_word' id='word_1_241' title='bbox 1450 1857 1494 1889; x_wconf 93' lang='lat' dir='ltr'>ut</span> <span class='ocrx_word' id='word_1_242' title='bbox 1525 1851 1563 1888; x_wconf 89' lang='lat' dir='ltr'>in</span> <span class='ocrx_word' id='word_1_243' title='bbox 1590 1851 1724 1889; x_wconf 87' lang='lat' dir='ltr'>eadem</span> <span class='ocrx_word' id='word_1_244' title='bbox 1758 1850 1813 1888; x_wconf 92' lang='lat' dir='ltr'>ci-</span> 
     </span>
     <span class='ocr_line' id='line_1_29' title="bbox 337 1912 1813 1965; baseline -0.001 -14"><span class='ocrx_word' id='word_1_245' title='bbox 337 1915 453 1953; x_wconf 87' lang='lat' dir='ltr'>vitate</span> <span class='ocrx_word' id='word_1_246' title='bbox 485 1914 728 1951; x_wconf 87' lang='lat' dir='ltr'>Philocrates</span> <span class='ocrx_word' id='word_1_247' title='bbox 759 1914 899 1965; x_wconf 86' lang='lat' dir='ltr'>capitis</span> <span class='ocrx_word' id='word_1_248' title='bbox 921 1913 1261 1959; x_wconf 85' lang='lat' dir='ltr'>condemnaretur,</span> <span class='ocrx_word' id='word_1_249' title='bbox 1286 1913 1393 1964; x_wconf 89' lang='lat' dir='ltr'>quod</span> <span class='ocrx_word' id='word_1_250' title='bbox 1413 1913 1630 1951; x_wconf 87' lang='lat' dir='ltr'>facinorum</span> <span class='ocrx_word' id='word_1_251' title='bbox 1660 1912 1813 1951; x_wconf 91' lang='lat' dir='ltr'>consci-</span> 
     </span>
     <span class='ocr_line' id='line_1_30' title="bbox 338 1974 1814 2026; baseline 0 -13"><span class='ocrx_word' id='word_1_252' title='bbox 338 1976 445 2013; x_wconf 86' lang='lat' dir='ltr'>entia</span> <span class='ocrx_word' id='word_1_253' title='bbox 459 1975 697 2026; x_wconf 70' lang='lat' dir='ltr'>perterritus,</span> <span class='ocrx_word' id='word_1_254' title='bbox 713 1974 864 2025; x_wconf 84' lang='lat' dir='ltr'>judicio</span> <span class='ocrx_word' id='word_1_255' title='bbox 880 1988 923 2013; x_wconf 92' lang='lat' dir='ltr'>se</span> <span class='ocrx_word' id='word_1_256' title='bbox 939 1988 1015 2013; x_wconf 91' lang='lat' dir='ltr'>non</span> <span class='ocrx_word' id='word_1_257' title='bbox 1038 1975 1202 2013; x_wconf 87' lang='lat' dir='ltr'>stitisset</span> <span class='ocrx_word' id='word_1_258' title='bbox 1218 1988 1226 2012; x_wconf 80' lang='lat' dir='ltr'>z</span> <span class='ocrx_word' id='word_1_259' title='bbox 1257 1988 1332 2026; x_wconf 85' lang='lat' dir='ltr'>ego</span> <span class='ocrx_word' id='word_1_260' title='bbox 1349 1988 1442 2013; x_wconf 91' lang='lat' dir='ltr'>vero</span> <span class='ocrx_word' id='word_1_261' title='bbox 1461 1975 1695 2013; x_wconf 88' lang='lat' dir='ltr'>absolverer.</span> <span class='ocrx_word' id='word_1_262' title='bbox 1726 1975 1814 2026; x_wconf 88' lang='lat' dir='ltr'>Ego</span> 
     </span>
     <span class='ocr_line' id='line_1_31' title="bbox 335 2036 1810 2087; baseline -0.001 -11"><span class='ocrx_word' id='word_1_263' title='bbox 335 2050 426 2076; x_wconf 91' lang='lat' dir='ltr'>vero</span> <span class='ocrx_word' id='word_1_264' title='bbox 447 2038 496 2075; x_wconf 92' lang='lat' dir='ltr'>ob</span> <span class='ocrx_word' id='word_1_265' title='bbox 512 2036 680 2087; x_wconf 90' lang='lat' dir='ltr'>idipsum</span> <span class='ocrx_word' id='word_1_266' title='bbox 701 2037 871 2074; x_wconf 87' lang='lat' dir='ltr'>maxime</span> <span class='ocrx_word' id='word_1_267' title='bbox 885 2036 1195 2074; x_wconf 88' lang='lat' dir='ltr'>conservandum</span> <span class='ocrx_word' id='word_1_268' title='bbox 1213 2049 1298 2074; x_wconf 90' lang='lat' dir='ltr'>esse</span> <span class='ocrx_word' id='word_1_269' title='bbox 1321 2050 1381 2074; x_wconf 87' lang='lat' dir='ltr'>me</span> <span class='ocrx_word' id='word_1_270' title='bbox 1398 2036 1573 2075; x_wconf 87' lang='lat' dir='ltr'>arbitror.</span> <span class='ocrx_word' id='word_1_271' title='bbox 1605 2037 1708 2074; x_wconf 89' lang='lat' dir='ltr'>Nam</span> <span class='ocrx_word' id='word_1_272' title='bbox 1727 2037 1758 2074; x_wconf 93' lang='lat' dir='ltr'>si</span> <span class='ocrx_word' id='word_1_273' title='bbox 1778 2038 1810 2075; x_wconf 93' lang='lat' dir='ltr'>is</span> 
     </span>
     <span class='ocr_line' id='line_1_32' title="bbox 337 2097 1813 2151; baseline -0.001 -14"><span class='ocrx_word' id='word_1_274' title='bbox 337 2100 404 2151; x_wconf 89' lang='lat' dir='ltr'>qui</span> <span class='ocrx_word' id='word_1_275' title='bbox 423 2099 505 2151; x_wconf 87' lang='lat' dir='ltr'>ipse</span> <span class='ocrx_word' id='word_1_276' title='bbox 534 2111 622 2136; x_wconf 91' lang='lat' dir='ltr'>sese</span> <span class='ocrx_word' id='word_1_277' title='bbox 641 2097 932 2144; x_wconf 83' lang='lat' dir='ltr'>condemnavit,</span> <span class='ocrx_word' id='word_1_278' title='bbox 954 2106 1071 2148; x_wconf 89' lang='lat' dir='ltr'>atque</span> <span class='ocrx_word' id='word_1_279' title='bbox 1093 2111 1113 2136; x_wconf 89' lang='lat' dir='ltr'>e</span> <span class='ocrx_word' id='word_1_280' title='bbox 1135 2097 1264 2136; x_wconf 91' lang='lat' dir='ltr'>medio</span> <span class='ocrx_word' id='word_1_281' title='bbox 1280 2098 1461 2145; x_wconf 83' lang='lat' dir='ltr'>excessit,</span> <span class='ocrx_word' id='word_1_282' title='bbox 1480 2104 1636 2150; x_wconf 88' lang='lat' dir='ltr'>peccat,</span> <span class='ocrx_word' id='word_1_283' title='bbox 1653 2099 1684 2136; x_wconf 90' lang='lat' dir='ltr'>is</span> <span class='ocrx_word' id='word_1_284' title='bbox 1700 2099 1813 2136; x_wconf 90' lang='lat' dir='ltr'>nimi-</span> 
     </span>
     <span class='ocr_line' id='line_1_33' title="bbox 336 2159 1812 2213; baseline -0.001 -13"><span class='ocrx_word' id='word_1_285' title='bbox 336 2175 422 2200; x_wconf 90' lang='lat' dir='ltr'>rum</span> <span class='ocrx_word' id='word_1_286' title='bbox 437 2161 503 2213; x_wconf 90' lang='lat' dir='ltr'>qui</span> <span class='ocrx_word' id='word_1_287' title='bbox 522 2173 607 2199; x_wconf 88' lang='lat' dir='ltr'>sese</span> <span class='ocrx_word' id='word_1_288' title='bbox 624 2159 806 2206; x_wconf 87' lang='lat' dir='ltr'>absolvit,</span> <span class='ocrx_word' id='word_1_289' title='bbox 828 2167 863 2198; x_wconf 87' lang='lat' dir='ltr'>et</span> <span class='ocrx_word' id='word_1_290' title='bbox 880 2173 1023 2212; x_wconf 90' lang='lat' dir='ltr'>corpus</span> <span class='ocrx_word' id='word_1_291' title='bbox 1044 2173 1157 2198; x_wconf 87' lang='lat' dir='ltr'>suum</span> <span class='ocrx_word' id='word_1_292' title='bbox 1178 2160 1333 2211; x_wconf 86' lang='lat' dir='ltr'>legibus</span> <span class='ocrx_word' id='word_1_293' title='bbox 1354 2167 1394 2198; x_wconf 88' lang='lat' dir='ltr'>et</span> <span class='ocrx_word' id='word_1_294' title='bbox 1407 2160 1554 2199; x_wconf 88' lang='lat' dir='ltr'>civibus</span> <span class='ocrx_word' id='word_1_295' title='bbox 1580 2161 1710 2208; x_wconf 87' lang='lat' dir='ltr'>tradit,</span> <span class='ocrx_word' id='word_1_296' title='bbox 1733 2174 1812 2199; x_wconf 91' lang='lat' dir='ltr'>non</span> 
     </span>
     <span class='ocr_line' id='line_1_34' title="bbox 337 2230 492 2276; baseline -0.013 -13"><span class='ocrx_word' id='word_1_297' title='bbox 337 2230 492 2276; x_wconf 87' lang='lat' dir='ltr'>peccat.</span> 
     </span>
    </p>

    <p class='ocr_par' dir='ltr' id='par_1_6' title="bbox 336 2287 1823 2961">
     <span class='ocr_line' id='line_1_35' title="bbox 393 2287 1813 2339; baseline -0.001 -12"><span class='ocrx_word' id='word_1_298' title='bbox 393 2292 430 2327; x_wconf 89' lang='lat'>5.</span> <span class='ocrx_word' id='word_1_299' title='bbox 463 2289 523 2326; x_wconf 93' lang='lat' dir='ltr'>De</span> <span class='ocrx_word' id='word_1_300' title='bbox 544 2288 693 2338; x_wconf 88' lang='lat' dir='ltr'>reliqua</span> <span class='ocrx_word' id='word_1_301' title='bbox 712 2288 961 2327; x_wconf 86' lang='lat' dir='ltr'>accusatione</span> <span class='ocrx_word' id='word_1_302' title='bbox 979 2301 1048 2326; x_wconf 90' lang='lat' dir='ltr'>vos</span> <span class='ocrx_word' id='word_1_303' title='bbox 1071 2300 1151 2334; x_wconf 87' lang='lat' dir='ltr'>0r0,</span> <span class='ocrx_word' id='word_1_304' title='bbox 1180 2287 1459 2333; x_wconf 88' lang='lat' dir='ltr'>Athenienses,</span> <span class='ocrx_word' id='word_1_305' title='bbox 1486 2288 1517 2326; x_wconf 89' lang='lat' dir='ltr'>si</span> <span class='ocrx_word' id='word_1_306' title='bbox 1538 2288 1633 2339; x_wconf 87' lang='lat' dir='ltr'>quid</span> <span class='ocrx_word' id='word_1_307' title='bbox 1651 2294 1813 2339; x_wconf 88' lang='lat' dir='ltr'>praeter-</span> 
     </span>
     <span class='ocr_line' id='line_1_36' title="bbox 336 2349 1814 2401; baseline -0.001 -12"><span class='ocrx_word' id='word_1_308' title='bbox 336 2351 492 2396; x_wconf 86' lang='lat' dir='ltr'>misero,</span> <span class='ocrx_word' id='word_1_309' title='bbox 523 2356 562 2388; x_wconf 88' lang='lat' dir='ltr'>et</span> <span class='ocrx_word' id='word_1_310' title='bbox 587 2350 741 2388; x_wconf 88' lang='lat' dir='ltr'>silentio</span> <span class='ocrx_word' id='word_1_311' title='bbox 768 2350 1166 2401; x_wconf 76' lang='lat' dir='ltr'>1)raeteriero„ut&#39;me</span> <span class='ocrx_word' id='word_1_312' title='bbox 1202 2350 1467 2396; x_wconf 89' lang='lat' dir='ltr'>sciscitemini,</span> <span class='ocrx_word' id='word_1_313' title='bbox 1502 2357 1540 2389; x_wconf 92' lang='lat' dir='ltr'>et</span> <span class='ocrx_word' id='word_1_314' title='bbox 1571 2349 1814 2401; x_wconf 85' lang='lat' dir='ltr'>significetis,</span> 
     </span>
     <span class='ocr_line' id='line_1_37' title="bbox 336 2411 1812 2464; baseline -0.001 -14"><span class='ocrx_word' id='word_1_315' title='bbox 336 2413 428 2464; x_wconf 88' lang='lat' dir='ltr'>quid</span> <span class='ocrx_word' id='word_1_316' title='bbox 451 2426 499 2450; x_wconf 86' lang='lat' dir='ltr'>ex</span> <span class='ocrx_word' id='word_1_317' title='bbox 519 2425 580 2450; x_wconf 90' lang='lat' dir='ltr'>me</span> <span class='ocrx_word' id='word_1_318' title='bbox 596 2412 730 2450; x_wconf 87' lang='lat' dir='ltr'>audire</span> <span class='ocrx_word' id='word_1_319' title='bbox 754 2412 890 2457; x_wconf 87' lang='lat' dir='ltr'>velitis,</span> <span class='ocrx_word' id='word_1_320' title='bbox 912 2425 1051 2462; x_wconf 88' lang='lat' dir='ltr'>meque</span> <span class='ocrx_word' id='word_1_321' title='bbox 1082 2412 1165 2451; x_wconf 91' lang='lat' dir='ltr'>sine</span> <span class='ocrx_word' id='word_1_322' title='bbox 1186 2412 1412 2464; x_wconf 83' lang='lat' dir='ltr'>praejudicio</span> <span class='ocrx_word' id='word_1_323' title='bbox 1433 2412 1552 2450; x_wconf 88' lang='lat' dir='ltr'>ullius</span> <span class='ocrx_word' id='word_1_324' title='bbox 1573 2411 1719 2458; x_wconf 89' lang='lat' dir='ltr'>delicti,</span> <span class='ocrx_word' id='word_1_325' title='bbox 1741 2411 1812 2450; x_wconf 88' lang='lat' dir='ltr'>sed</span> 
     </span>
     <span class='ocr_line' id='line_1_38' title="bbox 336 2473 1814 2527; baseline -0.003 -13"><span class='ocrx_word' id='word_1_326' title='bbox 336 2476 418 2527; x_wconf 84' lang='lat' dir='ltr'>pari</span> <span class='ocrx_word' id='word_1_327' title='bbox 445 2473 717 2513; x_wconf 62' lang='lat' dir='ltr'>benevolenti-ia</span> <span class='ocrx_word' id='word_1_328' title='bbox 747 2474 931 2511; x_wconf 87' lang='lat' dir='ltr'>audiatis.</span> <span class='ocrx_word' id='word_1_329' title='bbox 981 2474 1130 2512; x_wconf 90' lang='lat' dir='ltr'>Dubito</span> <span class='ocrx_word' id='word_1_330' title='bbox 1159 2481 1287 2513; x_wconf 90' lang='lat' dir='ltr'>autem</span> <span class='ocrx_word' id='word_1_331' title='bbox 1308 2475 1414 2512; x_wconf 91' lang='lat' dir='ltr'>unde</span> <span class='ocrx_word' id='word_1_332' title='bbox 1445 2474 1538 2512; x_wconf 90' lang='lat' dir='ltr'>mihi</span> <span class='ocrx_word' id='word_1_333' title='bbox 1568 2474 1736 2525; x_wconf 89' lang='lat' dir='ltr'>primum</span> <span class='ocrx_word' id='word_1_334' title='bbox 1763 2473 1814 2510; x_wconf 90' lang='lat' dir='ltr'>sit</span> 
     </span>
     <span class='ocr_line' id='line_1_39' title="bbox 336 2535 1810 2586; baseline -0.003 -10"><span class='ocrx_word' id='word_1_335' title='bbox 336 2537 581 2583; x_wconf 90' lang='lat' dir='ltr'>ordiendum,</span> <span class='ocrx_word' id='word_1_336' title='bbox 613 2538 663 2574; x_wconf 92' lang='lat' dir='ltr'>ob</span> <span class='ocrx_word' id='word_1_337' title='bbox 694 2536 959 2574; x_wconf 87' lang='lat' dir='ltr'>accusationis</span> <span class='ocrx_word' id='word_1_338' title='bbox 987 2536 1273 2575; x_wconf 89' lang='lat' dir='ltr'>confusionem.</span> <span class='ocrx_word' id='word_1_339' title='bbox 1322 2537 1444 2586; x_wconf 78' lang='lat' dir='ltr'>CuJus</span> <span class='ocrx_word' id='word_1_340' title='bbox 1478 2535 1731 2574; x_wconf 87' lang='lat' dir='ltr'>dubitationis</span> <span class='ocrx_word' id='word_1_341' title='bbox 1763 2549 1810 2573; x_wconf 90' lang='lat' dir='ltr'>an</span> 
     </span>
     <span class='ocr_line' id='line_1_40' title="bbox 338 2596 1811 2650; baseline -0.003 -12"><span class='ocrx_word' id='word_1_342' title='bbox 338 2613 500 2639; x_wconf 87' lang='lat' dir='ltr'>causam</span> <span class='ocrx_word' id='word_1_343' title='bbox 527 2599 705 2644; x_wconf 87' lang='lat' dir='ltr'>habeam,</span> <span class='ocrx_word' id='word_1_344' title='bbox 727 2599 782 2636; x_wconf 90' lang='lat' dir='ltr'>sic</span> <span class='ocrx_word' id='word_1_345' title='bbox 813 2599 1074 2638; x_wconf 84' lang='lat' dir='ltr'>considerate.</span> <span class='ocrx_word' id='word_1_346' title='bbox 1123 2598 1209 2650; x_wconf 86' lang='lat' dir='ltr'>Ego</span> <span class='ocrx_word' id='word_1_347' title='bbox 1229 2612 1334 2636; x_wconf 91' lang='lat' dir='ltr'>nunc</span> <span class='ocrx_word' id='word_1_348' title='bbox 1364 2599 1403 2636; x_wconf 89' lang='lat' dir='ltr'>in</span> <span class='ocrx_word' id='word_1_349' title='bbox 1431 2597 1570 2649; x_wconf 89' lang='lat' dir='ltr'>capitis</span> <span class='ocrx_word' id='word_1_350' title='bbox 1598 2596 1811 2635; x_wconf 90' lang='lat' dir='ltr'>discrimen</span> 
     </span>
     <span class='ocr_line' id='line_1_41' title="bbox 338 2660 1812 2712; baseline -0.002 -12"><span class='ocrx_word' id='word_1_351' title='bbox 338 2675 422 2700; x_wconf 89' lang='lat' dir='ltr'>sum</span> <span class='ocrx_word' id='word_1_352' title='bbox 465 2661 684 2699; x_wconf 86' lang='lat' dir='ltr'>adductus:</span> <span class='ocrx_word' id='word_1_353' title='bbox 718 2660 980 2698; x_wconf 88' lang='lat' dir='ltr'>accusationis</span> <span class='ocrx_word' id='word_1_354' title='bbox 1012 2667 1141 2698; x_wconf 86' lang='lat' dir='ltr'>autern</span> <span class='ocrx_word' id='word_1_355' title='bbox 1175 2661 1343 2699; x_wconf 86' lang='lat' dir='ltr'>maxima</span> <span class='ocrx_word' id='word_1_356' title='bbox 1375 2674 1463 2712; x_wconf 88' lang='lat' dir='ltr'>pars</span> <span class='ocrx_word' id='word_1_357' title='bbox 1500 2666 1734 2710; x_wconf 85' lang='lat' dir='ltr'>consumpta</span> <span class='ocrx_word' id='word_1_358' title='bbox 1752 2666 1812 2697; x_wconf 87' lang='lat' dir='ltr'>est</span> 
     </span>
     <span class='ocr_line' id='line_1_42' title="bbox 337 2721 1812 2775; baseline -0.003 -13"><span class='ocrx_word' id='word_1_359' title='bbox 337 2724 575 2762; x_wconf 86' lang='lat' dir='ltr'>criminando</span> <span class='ocrx_word' id='word_1_360' title='bbox 595 2723 830 2767; x_wconf 88' lang='lat' dir='ltr'>Philocrate,</span> <span class='ocrx_word' id='word_1_361' title='bbox 850 2723 1074 2775; x_wconf 85' lang='lat' dir='ltr'>Phrynone,</span> <span class='ocrx_word' id='word_1_362' title='bbox 1093 2730 1132 2761; x_wconf 93' lang='lat' dir='ltr'>et</span> <span class='ocrx_word' id='word_1_363' title='bbox 1151 2723 1309 2774; x_wconf 85' lang='lat' dir='ltr'>reliquis</span> <span class='ocrx_word' id='word_1_364' title='bbox 1329 2722 1485 2773; x_wconf 82' lang='lat' dir='ltr'>legatis,</span> <span class='ocrx_word' id='word_1_365' title='bbox 1505 2721 1686 2773; x_wconf 91' lang='lat' dir='ltr'>Philippo</span> <span class='ocrx_word' id='word_1_366' title='bbox 1705 2722 1812 2767; x_wconf 88' lang='lat' dir='ltr'>item,</span> 
     </span>
     <span class='ocr_line' id='line_1_43' title="bbox 339 2783 1810 2838; baseline -0.003 -13"><span class='ocrx_word' id='word_1_367' title='bbox 339 2795 378 2825; x_wconf 88' lang='lat' dir='ltr'>et</span> <span class='ocrx_word' id='word_1_368' title='bbox 391 2800 500 2838; x_wconf 89' lang='lat' dir='ltr'>pace,</span> <span class='ocrx_word' id='word_1_369' title='bbox 518 2795 556 2825; x_wconf 88' lang='lat' dir='ltr'>et</span> <span class='ocrx_word' id='word_1_370' title='bbox 570 2786 712 2824; x_wconf 88' lang='lat' dir='ltr'>Eubuli</span> <span class='ocrx_word' id='word_1_371' title='bbox 731 2785 842 2824; x_wconf 82' lang='lat' dir='ltr'>actis.</span> <span class='ocrx_word' id='word_1_372' title='bbox 874 2786 1002 2836; x_wconf 86' lang='lat' dir='ltr'>Atque</span> <span class='ocrx_word' id='word_1_373' title='bbox 1020 2786 1066 2824; x_wconf 87' lang='lat' dir='ltr'>iis</span> <span class='ocrx_word' id='word_1_374' title='bbox 1082 2785 1258 2823; x_wconf 87' lang='lat' dir='ltr'>omnibus</span> <span class='ocrx_word' id='word_1_375' title='bbox 1273 2798 1346 2836; x_wconf 90' lang='lat' dir='ltr'>ego</span> <span class='ocrx_word' id='word_1_376' title='bbox 1362 2798 1447 2822; x_wconf 89' lang='lat' dir='ltr'>sum</span> <span class='ocrx_word' id='word_1_377' title='bbox 1461 2784 1644 2823; x_wconf 85' lang='lat' dir='ltr'>insertus.</span> <span class='ocrx_word' id='word_1_378' title='bbox 1675 2783 1810 2821; x_wconf 90' lang='lat' dir='ltr'>Solum</span> 
     </span>
     <span class='ocr_line' id='line_1_44' title="bbox 338 2844 1823 2899; baseline -0.002 -13"><span class='ocrx_word' id='word_1_379' title='bbox 338 2856 467 2886; x_wconf 88' lang='lat' dir='ltr'>autern</span> <span class='ocrx_word' id='word_1_380' title='bbox 488 2849 525 2887; x_wconf 86' lang='lat' dir='ltr'>in</span> <span class='ocrx_word' id='word_1_381' title='bbox 555 2854 637 2886; x_wconf 89' lang='lat' dir='ltr'>tota</span> <span class='ocrx_word' id='word_1_382' title='bbox 666 2848 840 2886; x_wconf 89' lang='lat' dir='ltr'>oratione</span> <span class='ocrx_word' id='word_1_383' title='bbox 870 2847 919 2885; x_wconf 91' lang='lat' dir='ltr'>de</span> <span class='ocrx_word' id='word_1_384' title='bbox 945 2862 1026 2899; x_wconf 83' lang='lat' dir='ltr'>rep.</span> <span class='ocrx_word' id='word_1_385' title='bbox 1055 2847 1261 2886; x_wconf 89' lang='lat' dir='ltr'>sollicitum</span> <span class='ocrx_word' id='word_1_386' title='bbox 1283 2861 1368 2885; x_wconf 88' lang='lat' dir='ltr'>esse</span> <span class='ocrx_word' id='word_1_387' title='bbox 1396 2854 1557 2898; x_wconf 89' lang='lat' dir='ltr'>apparet</span> <span class='ocrx_word' id='word_1_388' title='bbox 1576 2844 1823 2884; x_wconf 43' lang='lat' dir='ltr'>Demosthe</span> 
     </span>
     <span class='ocr_line' id='line_1_45' title="bbox 339 2907 1810 2961; baseline -0.003 -12"><span class='ocrx_word' id='word_1_389' title='bbox 339 2924 453 2949; x_wconf 83' lang='lat' dir='ltr'>nem:</span> <span class='ocrx_word' id='word_1_390' title='bbox 485 2911 603 2950; x_wconf 84' lang='lat' dir='ltr'>ceteri</span> <span class='ocrx_word' id='word_1_391' title='bbox 630 2924 766 2949; x_wconf 88' lang='lat' dir='ltr'>omnes</span> <span class='ocrx_word' id='word_1_392' title='bbox 797 2917 889 2949; x_wconf 88' lang='lat' dir='ltr'>sunt</span> <span class='ocrx_word' id='word_1_393' title='bbox 917 2910 1147 2961; x_wconf 84' lang='lat' dir='ltr'>proditores.</span> <span class='ocrx_word' id='word_1_394' title='bbox 1199 2910 1410 2960; x_wconf 86' lang='lat' dir='ltr'>Nunquam</span> <span class='ocrx_word' id='word_1_395' title='bbox 1434 2908 1535 2947; x_wconf 87' lang='lat' dir='ltr'>enim</span> <span class='ocrx_word' id='word_1_396' title='bbox 1563 2922 1635 2948; x_wconf 89' lang='lat' dir='ltr'>nos</span> <span class='ocrx_word' id='word_1_397' title='bbox 1664 2907 1810 2959; x_wconf 85' lang='lat' dir='ltr'>probris</span> 
     </span>
    </p>
   </div>
  </div>
 </body>
</html>
