<?xml version="1.0" encoding="UTF-8"?>
<!DOCTYPE html PUBLIC "-//W3C//DTD XHTML 1.0 Transitional//EN"
    "http://www.w3.org/TR/xhtml1/DTD/xhtml1-transitional.dtd">
<html xmlns="http://www.w3.org/1999/xhtml" xml:lang="en" lang="en">
 <head>
  <title>
</title>
<meta http-equiv="Content-Type" content="text/html;charset=utf-8" />
  <meta name='ocr-system' content='tesseract 3.04.00' />
  <meta name='ocr-capabilities' content='ocr_page ocr_carea ocr_par ocr_line ocrx_word'/>
</head>
<body>
  <div class='ocr_page' id='page_1' title='image "./oratoresatticie16dobs_0350.png"; bbox 0 0 1948 3306; ppageno 0'>
   <div class='ocr_carea' id='block_1_1' title="bbox 1049 380 1094 419">
    <p class='ocr_par' dir='ltr' id='par_1_1' title="bbox 1049 380 1094 419">
     <span class='ocr_line' id='line_1_1' title="bbox 1049 380 1094 419; baseline 0.022 -1"><span class='ocrx_word' id='word_1_1' title='bbox 1049 380 1094 419; x_wconf 87' lang='lat' dir='ltr'>V.</span> 
     </span>
    </p>
   </div>
   <div class='ocr_carea' id='block_1_2' title="bbox 685 499 1465 551">
    <p class='ocr_par' dir='ltr' id='par_1_2' title="bbox 685 499 1465 551">
     <span class='ocr_line' id='line_1_2' title="bbox 685 499 1465 551; baseline 0 -3"><span class='ocrx_word' id='word_1_2' title='bbox 685 499 777 548; x_wconf 80' lang='lat' dir='ltr'>AD</span> <span class='ocrx_word' id='word_1_3' title='bbox 828 501 1465 551; x_wconf 86' lang='lat' dir='ltr'><strong>HERACLEODORUM.</strong></span> 
     </span>
    </p>
   </div>
   <div class='ocr_carea' id='block_1_3' title="bbox 589 709 1571 751">
    <p class='ocr_par' dir='ltr' id='par_1_3' title="bbox 589 709 1571 751">
     <span class='ocr_line' id='line_1_3' title="bbox 589 709 1571 751; baseline 0.002 -5"><span class='ocrx_word' id='word_1_4' title='bbox 589 709 1009 750; x_wconf 89' lang='lat' dir='ltr'>DEMOSTHENES</span> <span class='ocrx_word' id='word_1_5' title='bbox 1040 711 1500 751; x_wconf 84' lang='lat' dir='ltr'><strong>HERACLEODORO</strong></span> <span class='ocrx_word' id='word_1_6' title='bbox 1530 711 1571 749; x_wconf 91' lang='lat' dir='ltr'>S.</span> 
     </span>
    </p>
   </div>
   <div class='ocr_carea' id='block_1_4' title="bbox 341 830 1820 2866">
    <p class='ocr_par' dir='ltr' id='par_1_4' title="bbox 341 830 1820 2866">
     <span class='ocr_line' id='line_1_4' title="bbox 400 830 1804 885; baseline 0.002 -18"><span class='ocrx_word' id='word_1_7' title='bbox 400 831 510 873; x_wconf 74' lang='lat' dir='ltr'>QUAE</span> <span class='ocrx_word' id='word_1_8' title='bbox 528 830 620 868; x_wconf 89' lang='lat' dir='ltr'>mihi</span> <span class='ocrx_word' id='word_1_9' title='bbox 640 831 886 872; x_wconf 81' lang='lat' dir='ltr'>Menecrates</span> <span class='ocrx_word' id='word_1_10' title='bbox 914 834 1124 879; x_wconf 84' lang='lat' dir='ltr'><strong>nunciavit,</strong></span> <span class='ocrx_word' id='word_1_11' title='bbox 1146 833 1191 871; x_wconf 89' lang='lat' dir='ltr'>iis</span> <span class='ocrx_word' id='word_1_12' title='bbox 1218 846 1291 885; x_wconf 82' lang='lat' dir='ltr'>ego</span> <span class='ocrx_word' id='word_1_13' title='bbox 1314 846 1386 871; x_wconf 90' lang='lat' dir='ltr'>nec</span> <span class='ocrx_word' id='word_1_14' title='bbox 1403 832 1571 871; x_wconf 85' lang='lat' dir='ltr'>tribuere</span> <span class='ocrx_word' id='word_1_15' title='bbox 1597 831 1712 870; x_wconf 90' lang='lat' dir='ltr'>fidem</span> <span class='ocrx_word' id='word_1_16' title='bbox 1732 845 1804 870; x_wconf 91' lang='lat' dir='ltr'>nec</span> 
     </span>
     <span class='ocr_line' id='line_1_5' title="bbox 344 892 1807 946; baseline 0.002 -18"><span class='ocrx_word' id='word_1_17' title='bbox 344 892 532 942; x_wconf 79' lang='lat' dir='ltr'>abrogare</span> <span class='ocrx_word' id='word_1_18' title='bbox 565 905 737 944; x_wconf 89' lang='lat' dir='ltr'>possum.</span> <span class='ocrx_word' id='word_1_19' title='bbox 794 895 904 932; x_wconf 84' lang='lat' dir='ltr'>Dixit</span> <span class='ocrx_word' id='word_1_20' title='bbox 937 895 1038 933; x_wconf 90' lang='lat' dir='ltr'>enim</span> <span class='ocrx_word' id='word_1_21' title='bbox 1067 895 1277 946; x_wconf 89' lang='lat' dir='ltr'>Epitimum</span> <span class='ocrx_word' id='word_1_22' title='bbox 1296 895 1345 934; x_wconf 89' lang='lat' dir='ltr'>ab</span> <span class='ocrx_word' id='word_1_23' title='bbox 1368 894 1492 932; x_wconf 90' lang='lat' dir='ltr'>Arato</span> <span class='ocrx_word' id='word_1_24' title='bbox 1511 899 1552 932; x_wconf 88' lang='lat' dir='ltr'>et</span> <span class='ocrx_word' id='word_1_25' title='bbox 1568 893 1741 932; x_wconf 88' lang='lat' dir='ltr'>delatum</span> <span class='ocrx_word' id='word_1_26' title='bbox 1767 900 1807 931; x_wconf 91' lang='lat' dir='ltr'>et</span> 
     </span>
     <span class='ocr_line' id='line_1_6' title="bbox 343 953 1808 1008; baseline 0.003 -19"><span class='ocrx_word' id='word_1_27' title='bbox 343 953 558 991; x_wconf 84' lang='lat' dir='ltr'>abductum</span> <span class='ocrx_word' id='word_1_28' title='bbox 583 967 669 993; x_wconf 87' lang='lat' dir='ltr'>esse</span> <span class='ocrx_word' id='word_1_29' title='bbox 689 955 727 992; x_wconf 90' lang='lat' dir='ltr'>in</span> <span class='ocrx_word' id='word_1_30' title='bbox 747 968 955 1003; x_wconf 82' lang='lat' dir='ltr'>carcerem,</span> <span class='ocrx_word' id='word_1_31' title='bbox 976 963 1013 995; x_wconf 90' lang='lat' dir='ltr'>te</span> <span class='ocrx_word' id='word_1_32' title='bbox 1032 969 1123 995; x_wconf 89' lang='lat' dir='ltr'>vero</span> <span class='ocrx_word' id='word_1_33' title='bbox 1148 969 1308 1005; x_wconf 85' lang='lat' dir='ltr'>causam</span> <span class='ocrx_word' id='word_1_34' title='bbox 1326 968 1444 1008; x_wconf 86' lang='lat' dir='ltr'>agere</span> <span class='ocrx_word' id='word_1_35' title='bbox 1461 961 1502 993; x_wconf 88' lang='lat' dir='ltr'>ct</span> <span class='ocrx_word' id='word_1_36' title='bbox 1527 955 1699 994; x_wconf 89' lang='lat' dir='ltr'>omnium</span> <span class='ocrx_word' id='word_1_37' title='bbox 1719 967 1808 993; x_wconf 83' lang='lat' dir='ltr'>esse-</span> 
     </span>
     <span class='ocr_line' id='line_1_7' title="bbox 344 1015 1806 1069; baseline 0.002 -18"><span class='ocrx_word' id='word_1_38' title='bbox 344 1015 575 1068; x_wconf 84' lang='lat' dir='ltr'>acerrimum</span> <span class='ocrx_word' id='word_1_39' title='bbox 596 1016 680 1067; x_wconf 90' lang='lat' dir='ltr'>ejus</span> <span class='ocrx_word' id='word_1_40' title='bbox 700 1016 865 1056; x_wconf 86' lang='lat' dir='ltr'>hostem.</span> <span class='ocrx_word' id='word_1_41' title='bbox 921 1018 976 1056; x_wconf 88' lang='lat' dir='ltr'>Te</span> <span class='ocrx_word' id='word_1_42' title='bbox 1004 1018 1123 1069; x_wconf 85' lang='lat' dir='ltr'>igitur</span> <span class='ocrx_word' id='word_1_43' title='bbox 1141 1030 1209 1069; x_wconf 93' lang='lat' dir='ltr'>per</span> <span class='ocrx_word' id='word_1_44' title='bbox 1228 1018 1368 1057; x_wconf 86' lang='lat' dir='ltr'>Jovem</span> <span class='ocrx_word' id='word_1_45' title='bbox 1388 1016 1632 1068; x_wconf 88' lang='lat' dir='ltr'>Hospitalem</span> <span class='ocrx_word' id='word_1_46' title='bbox 1652 1029 1806 1054; x_wconf 87' lang='lat' dir='ltr'>omnes-</span> 
     </span>
     <span class='ocr_line' id='line_1_8' title="bbox 343 1076 1807 1130; baseline 0.001 -17"><span class='ocrx_word' id='word_1_47' title='bbox 343 1089 421 1126; x_wconf 88' lang='lat' dir='ltr'>que</span> <span class='ocrx_word' id='word_1_48' title='bbox 456 1076 552 1116; x_wconf 91' lang='lat' dir='ltr'>deos</span> <span class='ocrx_word' id='word_1_49' title='bbox 585 1078 771 1126; x_wconf 89' lang='lat' dir='ltr'>obtestor,</span> <span class='ocrx_word' id='word_1_50' title='bbox 791 1092 840 1118; x_wconf 88' lang='lat' dir='ltr'>ne</span> <span class='ocrx_word' id='word_1_51' title='bbox 872 1092 990 1130; x_wconf 90' lang='lat' dir='ltr'>quam</span> <span class='ocrx_word' id='word_1_52' title='bbox 1022 1079 1115 1118; x_wconf 86' lang='lat' dir='ltr'>mihi</span> <span class='ocrx_word' id='word_1_53' title='bbox 1148 1079 1362 1119; x_wconf 85' lang='lat' dir='ltr'>molestiam</span> <span class='ocrx_word' id='word_1_54' title='bbox 1391 1085 1428 1118; x_wconf 90' lang='lat' dir='ltr'>et</span> <span class='ocrx_word' id='word_1_55' title='bbox 1462 1078 1634 1117; x_wconf 89' lang='lat' dir='ltr'>dolorem</span> <span class='ocrx_word' id='word_1_56' title='bbox 1666 1078 1807 1129; x_wconf 86' lang='lat' dir='ltr'>parias.</span> 
     </span>
     <span class='ocr_line' id='line_1_9' title="bbox 343 1136 1809 1194; baseline 0.003 -20"><span class='ocrx_word' id='word_1_57' title='bbox 343 1136 613 1190; x_wconf 80' lang='lat' dir='ltr'>Praeterquam</span> <span class='ocrx_word' id='word_1_58' title='bbox 647 1141 749 1179; x_wconf 89' lang='lat' dir='ltr'>enim</span> <span class='ocrx_word' id='word_1_59' title='bbox 780 1141 886 1192; x_wconf 94' lang='lat' dir='ltr'>quod</span> <span class='ocrx_word' id='word_1_60' title='bbox 918 1141 1075 1194; x_wconf 90' lang='lat' dir='ltr'>Epitimi</span> <span class='ocrx_word' id='word_1_61' title='bbox 1103 1142 1208 1181; x_wconf 88' lang='lat' dir='ltr'>salus</span> <span class='ocrx_word' id='word_1_62' title='bbox 1238 1141 1331 1179; x_wconf 91' lang='lat' dir='ltr'>mihi</span> <span class='ocrx_word' id='word_1_63' title='bbox 1356 1153 1459 1180; x_wconf 87' lang='lat' dir='ltr'>curae</span> <span class='ocrx_word' id='word_1_64' title='bbox 1478 1146 1550 1187; x_wconf 90' lang='lat' dir='ltr'>est,</span> <span class='ocrx_word' id='word_1_65' title='bbox 1570 1145 1609 1178; x_wconf 91' lang='lat' dir='ltr'>et</span> <span class='ocrx_word' id='word_1_66' title='bbox 1637 1140 1744 1191; x_wconf 88' lang='lat' dir='ltr'>quod</span> <span class='ocrx_word' id='word_1_67' title='bbox 1777 1140 1809 1177; x_wconf 86' lang='lat' dir='ltr'>si</span> 
     </span>
     <span class='ocr_line' id='line_1_10' title="bbox 344 1199 1811 1256; baseline 0.002 -20"><span class='ocrx_word' id='word_1_68' title='bbox 344 1199 440 1250; x_wconf 90' lang='lat' dir='ltr'>quid</span> <span class='ocrx_word' id='word_1_69' title='bbox 460 1200 494 1238; x_wconf 91' lang='lat' dir='ltr'>ei</span> <span class='ocrx_word' id='word_1_70' title='bbox 516 1200 712 1240; x_wconf 86' lang='lat' dir='ltr'>accideret</span> <span class='ocrx_word' id='word_1_71' title='bbox 743 1216 929 1254; x_wconf 84' lang='lat' dir='ltr'>magnum</span> <span class='ocrx_word' id='word_1_72' title='bbox 956 1203 1050 1242; x_wconf 88' lang='lat' dir='ltr'>mihi</span> <span class='ocrx_word' id='word_1_73' title='bbox 1074 1204 1147 1256; x_wconf 90' lang='lat' dir='ltr'>ipsi</span> <span class='ocrx_word' id='word_1_74' title='bbox 1179 1203 1326 1242; x_wconf 88' lang='lat' dir='ltr'>malum</span> <span class='ocrx_word' id='word_1_75' title='bbox 1354 1202 1437 1241; x_wconf 86' lang='lat' dir='ltr'>dari</span> <span class='ocrx_word' id='word_1_76' title='bbox 1465 1201 1674 1250; x_wconf 85' lang='lat' dir='ltr'>videretur,</span> <span class='ocrx_word' id='word_1_77' title='bbox 1691 1208 1811 1254; x_wconf 87' lang='lat' dir='ltr'>tuque</span> 
     </span>
     <span class='ocr_line' id='line_1_11' title="bbox 342 1261 1809 1318; baseline 0.002 -19"><span class='ocrx_word' id='word_1_78' title='bbox 342 1261 427 1313; x_wconf 91' lang='lat' dir='ltr'>ejus</span> <span class='ocrx_word' id='word_1_79' title='bbox 448 1263 679 1303; x_wconf 83' lang='lat' dir='ltr'>calamitatis</span> <span class='ocrx_word' id='word_1_80' title='bbox 700 1272 835 1304; x_wconf 83' lang='lat' dir='ltr'>auctor</span> <span class='ocrx_word' id='word_1_81' title='bbox 853 1266 889 1304; x_wconf 91' lang='lat' dir='ltr'>ei</span> <span class='ocrx_word' id='word_1_82' title='bbox 906 1279 1026 1313; x_wconf 90' lang='lat' dir='ltr'>esses,</span> <span class='ocrx_word' id='word_1_83' title='bbox 1045 1267 1209 1318; x_wconf 90' lang='lat' dir='ltr'>puderet</span> <span class='ocrx_word' id='word_1_84' title='bbox 1236 1278 1298 1303; x_wconf 86' lang='lat' dir='ltr'>me</span> <span class='ocrx_word' id='word_1_85' title='bbox 1330 1265 1444 1303; x_wconf 90' lang='lat' dir='ltr'>etiam</span> <span class='ocrx_word' id='word_1_86' title='bbox 1471 1276 1602 1303; x_wconf 88' lang='lat' dir='ltr'>eorum</span> <span class='ocrx_word' id='word_1_87' title='bbox 1631 1265 1697 1315; x_wconf 93' lang='lat' dir='ltr'>qui</span> <span class='ocrx_word' id='word_1_88' title='bbox 1715 1277 1809 1303; x_wconf 92' lang='lat' dir='ltr'>con-</span> 
     </span>
     <span class='ocr_line' id='line_1_12' title="bbox 345 1317 1812 1376; baseline 0.003 -15"><span class='ocrx_word' id='word_1_89' title='bbox 345 1324 415 1362; x_wconf 89' lang='lat' dir='ltr'>scii</span> <span class='ocrx_word' id='word_1_90' title='bbox 437 1332 541 1370; x_wconf 88' lang='lat' dir='ltr'>sunt,</span> <span class='ocrx_word' id='word_1_91' title='bbox 562 1326 723 1376; x_wconf 87' lang='lat' dir='ltr'>quidad</span> <span class='ocrx_word' id='word_1_92' title='bbox 745 1341 880 1366; x_wconf 89' lang='lat' dir='ltr'>omnes</span> <span class='ocrx_word' id='word_1_93' title='bbox 910 1328 1085 1366; x_wconf 87' lang='lat' dir='ltr'>homines</span> <span class='ocrx_word' id='word_1_94' title='bbox 1108 1328 1156 1366; x_wconf 88' lang='lat' dir='ltr'>de</span> <span class='ocrx_word' id='word_1_95' title='bbox 1187 1334 1224 1366; x_wconf 91' lang='lat' dir='ltr'>te</span> <span class='ocrx_word' id='word_1_96' title='bbox 1252 1327 1426 1373; x_wconf 87' lang='lat' dir='ltr'>dixerim,</span> <span class='ocrx_word' id='word_1_97' title='bbox 1455 1317 1621 1365; x_wconf 82' lang='lat' dir='ltr'>confis&#39;us</span> <span class='ocrx_word' id='word_1_98' title='bbox 1641 1338 1702 1365; x_wconf 90' lang='lat' dir='ltr'>me</span> <span class='ocrx_word' id='word_1_99' title='bbox 1722 1340 1812 1365; x_wconf 91' lang='lat' dir='ltr'>vera</span> 
     </span>
     <span class='ocr_line' id='line_1_13' title="bbox 343 1388 1813 1440; baseline 0.001 -15"><span class='ocrx_word' id='word_1_100' title='bbox 343 1388 463 1438; x_wconf 87' lang='lat' dir='ltr'>loqui,</span> <span class='ocrx_word' id='word_1_101' title='bbox 484 1401 523 1426; x_wconf 91' lang='lat' dir='ltr'>re</span> <span class='ocrx_word' id='word_1_102' title='bbox 554 1400 632 1426; x_wconf 90' lang='lat' dir='ltr'>non</span> <span class='ocrx_word' id='word_1_103' title='bbox 667 1389 823 1440; x_wconf 87' lang='lat' dir='ltr'>quidem</span> <span class='ocrx_word' id='word_1_104' title='bbox 857 1404 878 1427; x_wconf 91' lang='lat' dir='ltr'>e</span> <span class='ocrx_word' id='word_1_105' title='bbox 910 1390 1163 1428; x_wconf 83' lang='lat' dir='ltr'>familiaribus</span> <span class='ocrx_word' id='word_1_106' title='bbox 1192 1388 1467 1439; x_wconf 80' lang='lat' dir='ltr'>congressibus</span> <span class='ocrx_word' id='word_1_107' title='bbox 1497 1393 1711 1438; x_wconf 76' lang='lat' dir='ltr'>comperta,</span> <span class='ocrx_word' id='word_1_108' title='bbox 1742 1388 1813 1426; x_wconf 89' lang='lat' dir='ltr'>sed</span> 
     </span>
     <span class='ocr_line' id='line_1_14' title="bbox 343 1444 1812 1502; baseline 0.001 -16"><span class='ocrx_word' id='word_1_109' title='bbox 343 1444 448 1502; x_wconf 87' lang='lat' dir='ltr'>quod</span> <span class='ocrx_word' id='word_1_110' title='bbox 482 1456 521 1487; x_wconf 87' lang='lat' dir='ltr'>te</span> <span class='ocrx_word' id='word_1_111' title='bbox 554 1457 596 1487; x_wconf 88' lang='lat' dir='ltr'>et</span> <span class='ocrx_word' id='word_1_112' title='bbox 627 1452 859 1488; x_wconf 88' lang='lat' dir='ltr'>auctoritate</span> <span class='ocrx_word' id='word_1_113' title='bbox 891 1450 1096 1501; x_wconf 85' lang='lat' dir='ltr'>praeditum</span> <span class='ocrx_word' id='word_1_114' title='bbox 1127 1458 1166 1489; x_wconf 89' lang='lat' dir='ltr'>et</span> <span class='ocrx_word' id='word_1_115' title='bbox 1193 1450 1449 1489; x_wconf 89' lang='lat' dir='ltr'>eruditionem</span> <span class='ocrx_word' id='word_1_116' title='bbox 1483 1448 1702 1500; x_wconf 86' lang='lat' dir='ltr'>amplexum</span> <span class='ocrx_word' id='word_1_117' title='bbox 1724 1462 1812 1488; x_wconf 91' lang='lat' dir='ltr'>esse</span> 
     </span>
     <span class='ocr_line' id='line_1_15' title="bbox 346 1510 1813 1563; baseline 0 -14"><span class='ocrx_word' id='word_1_118' title='bbox 346 1512 538 1558; x_wconf 85' lang='lat' dir='ltr'>videbam,</span> <span class='ocrx_word' id='word_1_119' title='bbox 558 1523 643 1549; x_wconf 85' lang='lat' dir='ltr'>eam</span> <span class='ocrx_word' id='word_1_120' title='bbox 666 1512 879 1562; x_wconf 82' lang='lat' dir='ltr'>praesertim</span> <span class='ocrx_word' id='word_1_121' title='bbox 900 1526 987 1563; x_wconf 87' lang='lat' dir='ltr'>quae</span> <span class='ocrx_word' id='word_1_122' title='bbox 1007 1513 1046 1550; x_wconf 90' lang='lat' dir='ltr'>in</span> <span class='ocrx_word' id='word_1_123' title='bbox 1066 1513 1201 1551; x_wconf 90' lang='lat' dir='ltr'>schola</span> <span class='ocrx_word' id='word_1_124' title='bbox 1221 1511 1396 1550; x_wconf 83' lang='lat' dir='ltr'>Platonis</span> <span class='ocrx_word' id='word_1_125' title='bbox 1428 1510 1606 1558; x_wconf 79' lang='lat' dir='ltr'>traditur,</span> <span class='ocrx_word' id='word_1_126' title='bbox 1624 1524 1711 1563; x_wconf 90' lang='lat' dir='ltr'>quae</span> <span class='ocrx_word' id='word_1_127' title='bbox 1730 1524 1813 1550; x_wconf 91' lang='lat' dir='ltr'>om-</span> 
     </span>
     <span class='ocr_line' id='line_1_16' title="bbox 345 1573 1813 1626; baseline 0.001 -15"><span class='ocrx_word' id='word_1_128' title='bbox 345 1573 439 1612; x_wconf 86' lang='lat' dir='ltr'>nino</span> <span class='ocrx_word' id='word_1_129' title='bbox 470 1574 518 1612; x_wconf 90' lang='lat' dir='ltr'>ab</span> <span class='ocrx_word' id='word_1_130' title='bbox 540 1574 700 1612; x_wconf 86' lang='lat' dir='ltr'>avaritia</span> <span class='ocrx_word' id='word_1_131' title='bbox 726 1580 765 1612; x_wconf 89' lang='lat' dir='ltr'>et</span> <span class='ocrx_word' id='word_1_132' title='bbox 794 1574 977 1613; x_wconf 90' lang='lat' dir='ltr'>violentia</span> <span class='ocrx_word' id='word_1_133' title='bbox 1004 1575 1234 1626; x_wconf 75' lang='lat' dir='ltr'>caeterisque</span> <span class='ocrx_word' id='word_1_134' title='bbox 1254 1573 1405 1613; x_wconf 88' lang='lat' dir='ltr'>callidis</span> <span class='ocrx_word' id='word_1_135' title='bbox 1426 1573 1600 1625; x_wconf 86' lang='lat' dir='ltr'>aucupiis</span> <span class='ocrx_word' id='word_1_136' title='bbox 1620 1573 1813 1621; x_wconf 85' lang='lat' dir='ltr'>abhorret,</span> 
     </span>
     <span class='ocr_line' id='line_1_17' title="bbox 346 1636 1813 1690; baseline 0.001 -16"><span class='ocrx_word' id='word_1_137' title='bbox 346 1636 397 1674; x_wconf 88' lang='lat' dir='ltr'>ad</span> <span class='ocrx_word' id='word_1_138' title='bbox 418 1648 609 1674; x_wconf 89' lang='lat' dir='ltr'>summam</span> <span class='ocrx_word' id='word_1_139' title='bbox 648 1641 777 1674; x_wconf 87' lang='lat' dir='ltr'>autem</span> <span class='ocrx_word' id='word_1_140' title='bbox 804 1637 1019 1675; x_wconf 86' lang='lat' dir='ltr'>bonitatem</span> <span class='ocrx_word' id='word_1_141' title='bbox 1039 1643 1079 1675; x_wconf 90' lang='lat' dir='ltr'>et</span> <span class='ocrx_word' id='word_1_142' title='bbox 1103 1636 1294 1690; x_wconf 88' lang='lat' dir='ltr'>justitiam</span> <span class='ocrx_word' id='word_1_143' title='bbox 1315 1636 1444 1675; x_wconf 91' lang='lat' dir='ltr'>omnia</span> <span class='ocrx_word' id='word_1_144' title='bbox 1472 1636 1617 1675; x_wconf 83' lang='lat' dir='ltr'>refert:</span> <span class='ocrx_word' id='word_1_145' title='bbox 1646 1650 1726 1688; x_wconf 91' lang='lat' dir='ltr'>qua</span> <span class='ocrx_word' id='word_1_146' title='bbox 1743 1637 1813 1675; x_wconf 92' lang='lat' dir='ltr'>do-</span> 
     </span>
     <span class='ocr_line' id='line_1_18' title="bbox 344 1697 1814 1750; baseline 0.001 -15"><span class='ocrx_word' id='word_1_147' title='bbox 344 1698 470 1736; x_wconf 88' lang='lat' dir='ltr'>ctrina</span> <span class='ocrx_word' id='word_1_148' title='bbox 491 1697 557 1748; x_wconf 84' lang='lat' dir='ltr'>qui</span> <span class='ocrx_word' id='word_1_149' title='bbox 576 1697 750 1736; x_wconf 88' lang='lat' dir='ltr'>eruditus</span> <span class='ocrx_word' id='word_1_150' title='bbox 770 1705 843 1744; x_wconf 90' lang='lat' dir='ltr'>est,</span> <span class='ocrx_word' id='word_1_151' title='bbox 872 1698 975 1745; x_wconf 88' lang='lat' dir='ltr'>huic,</span> <span class='ocrx_word' id='word_1_152' title='bbox 996 1699 1051 1737; x_wconf 83' lang='lat' dir='ltr'>ita</span> <span class='ocrx_word' id='word_1_153' title='bbox 1077 1713 1139 1738; x_wconf 89' lang='lat' dir='ltr'>me</span> <span class='ocrx_word' id='word_1_154' title='bbox 1172 1699 1223 1737; x_wconf 85' lang='lat' dir='ltr'>dii</span> <span class='ocrx_word' id='word_1_155' title='bbox 1250 1704 1394 1746; x_wconf 86' lang='lat' dir='ltr'>ament,</span> <span class='ocrx_word' id='word_1_156' title='bbox 1414 1711 1494 1737; x_wconf 88' lang='lat' dir='ltr'>non</span> <span class='ocrx_word' id='word_1_157' title='bbox 1519 1698 1648 1737; x_wconf 90' lang='lat' dir='ltr'>colere</span> <span class='ocrx_word' id='word_1_158' title='bbox 1667 1697 1814 1750; x_wconf 88' lang='lat' dir='ltr'>simpli-</span> 
     </span>
     <span class='ocr_line' id='line_1_19' title="bbox 344 1759 1814 1804; baseline 0.001 -6"><span class='ocrx_word' id='word_1_159' title='bbox 344 1772 432 1798; x_wconf 84' lang='lat' dir='ltr'>cem</span> <span class='ocrx_word' id='word_1_160' title='bbox 450 1759 649 1798; x_wconf 89' lang='lat' dir='ltr'>veritatem</span> <span class='ocrx_word' id='word_1_161' title='bbox 671 1766 710 1797; x_wconf 89' lang='lat' dir='ltr'>et</span> <span class='ocrx_word' id='word_1_162' title='bbox 729 1759 768 1796; x_wconf 91' lang='lat' dir='ltr'>in</span> <span class='ocrx_word' id='word_1_163' title='bbox 789 1773 925 1799; x_wconf 91' lang='lat' dir='ltr'>omnes</span> <span class='ocrx_word' id='word_1_164' title='bbox 947 1774 1034 1800; x_wconf 89' lang='lat' dir='ltr'>esse</span> <span class='ocrx_word' id='word_1_165' title='bbox 1066 1761 1243 1800; x_wconf 87' lang='lat' dir='ltr'>benefico</span> <span class='ocrx_word' id='word_1_166' title='bbox 1276 1761 1386 1799; x_wconf 88' lang='lat' dir='ltr'>nefas</span> <span class='ocrx_word' id='word_1_167' title='bbox 1419 1773 1506 1800; x_wconf 90' lang='lat' dir='ltr'>esse</span> <span class='ocrx_word' id='word_1_168' title='bbox 1533 1760 1651 1799; x_wconf 88' lang='lat' dir='ltr'>duco.</span> <span class='ocrx_word' id='word_1_169' title='bbox 1709 1761 1814 1804; x_wconf 85' lang='lat' dir='ltr'>Quin</span> 
     </span>
     <span class='ocr_line' id='line_1_20' title="bbox 341 1819 1816 1876; baseline 0.003 -18"><span class='ocrx_word' id='word_1_170' title='bbox 341 1819 440 1859; x_wconf 85' lang='lat' dir='ltr'>illud</span> <span class='ocrx_word' id='word_1_171' title='bbox 460 1820 577 1859; x_wconf 90' lang='lat' dir='ltr'>etiam</span> <span class='ocrx_word' id='word_1_172' title='bbox 603 1821 919 1861; x_wconf 88' lang='lat' dir='ltr'>molestissimum</span> <span class='ocrx_word' id='word_1_173' title='bbox 940 1823 1032 1861; x_wconf 88' lang='lat' dir='ltr'>mihi</span> <span class='ocrx_word' id='word_1_174' title='bbox 1053 1830 1177 1862; x_wconf 87' lang='lat' dir='ltr'>esset:</span> <span class='ocrx_word' id='word_1_175' title='bbox 1209 1823 1241 1861; x_wconf 90' lang='lat' dir='ltr'>si</span> <span class='ocrx_word' id='word_1_176' title='bbox 1261 1836 1404 1874; x_wconf 89' lang='lat' dir='ltr'>magno</span> <span class='ocrx_word' id='word_1_177' title='bbox 1422 1823 1703 1863; x_wconf 80' lang='lat' dir='ltr'>benevolentiae</span> <span class='ocrx_word' id='word_1_178' title='bbox 1721 1837 1816 1876; x_wconf 85' lang='lat' dir='ltr'>erga</span> 
     </span>
     <span class='ocr_line' id='line_1_21' title="bbox 345 1881 1818 1935; baseline 0.004 -16"><span class='ocrx_word' id='word_1_179' title='bbox 345 1889 385 1920; x_wconf 86' lang='lat' dir='ltr'>te</span> <span class='ocrx_word' id='word_1_180' title='bbox 405 1882 516 1933; x_wconf 85' lang='lat' dir='ltr'>quasi</span> <span class='ocrx_word' id='word_1_181' title='bbox 541 1881 689 1934; x_wconf 89' lang='lat' dir='ltr'>impetu</span> <span class='ocrx_word' id='word_1_182' title='bbox 709 1883 942 1935; x_wconf 83' lang='lat' dir='ltr'>concitatus,</span> <span class='ocrx_word' id='word_1_183' title='bbox 963 1891 1112 1923; x_wconf 86' lang='lat' dir='ltr'>mutare</span> <span class='ocrx_word' id='word_1_184' title='bbox 1145 1885 1378 1924; x_wconf 84' lang='lat' dir='ltr'>sententiam</span> <span class='ocrx_word' id='word_1_185' title='bbox 1408 1898 1453 1923; x_wconf 92' lang='lat' dir='ltr'>ac</span> <span class='ocrx_word' id='word_1_186' title='bbox 1485 1884 1559 1923; x_wconf 92' lang='lat' dir='ltr'>alio</span> <span class='ocrx_word' id='word_1_187' title='bbox 1591 1885 1630 1923; x_wconf 91' lang='lat' dir='ltr'>in</span> <span class='ocrx_word' id='word_1_188' title='bbox 1658 1892 1696 1924; x_wconf 92' lang='lat' dir='ltr'>te</span> <span class='ocrx_word' id='word_1_189' title='bbox 1729 1898 1818 1925; x_wconf 85' lang='lat' dir='ltr'>esse</span> 
     </span>
     <span class='ocr_line' id='line_1_22' title="bbox 347 1944 1815 1999; baseline 0.003 -18"><span class='ocrx_word' id='word_1_190' title='bbox 347 1944 476 1982; x_wconf 89' lang='lat' dir='ltr'>animo</span> <span class='ocrx_word' id='word_1_191' title='bbox 495 1957 669 1995; x_wconf 85' lang='lat' dir='ltr'>cogerer,</span> <span class='ocrx_word' id='word_1_192' title='bbox 689 1945 829 1995; x_wconf 89' lang='lat' dir='ltr'>quibus</span> <span class='ocrx_word' id='word_1_193' title='bbox 849 1945 965 1996; x_wconf 86' lang='lat' dir='ltr'>igitur</span> <span class='ocrx_word' id='word_1_194' title='bbox 994 1946 1033 1984; x_wconf 93' lang='lat' dir='ltr'>in</span> <span class='ocrx_word' id='word_1_195' title='bbox 1062 1948 1175 1985; x_wconf 87' lang='lat' dir='ltr'>rebus</span> <span class='ocrx_word' id='word_1_196' title='bbox 1208 1960 1269 1985; x_wconf 87' lang='lat' dir='ltr'>me</span> <span class='ocrx_word' id='word_1_197' title='bbox 1288 1946 1516 1997; x_wconf 89' lang='lat' dir='ltr'>despectum</span> <span class='ocrx_word' id='word_1_198' title='bbox 1536 1954 1576 1985; x_wconf 89' lang='lat' dir='ltr'>et</span> <span class='ocrx_word' id='word_1_199' title='bbox 1594 1948 1815 1999; x_wconf 86' lang='lat' dir='ltr'>neglectum</span> 
     </span>
     <span class='ocr_line' id='line_1_23' title="bbox 345 2007 1815 2060; baseline 0.002 -14"><span class='ocrx_word' id='word_1_200' title='bbox 345 2019 433 2046; x_wconf 88' lang='lat' dir='ltr'>esse</span> <span class='ocrx_word' id='word_1_201' title='bbox 460 2013 609 2058; x_wconf 89' lang='lat' dir='ltr'>putem,</span> <span class='ocrx_word' id='word_1_202' title='bbox 641 2007 714 2046; x_wconf 84' lang='lat' dir='ltr'>etsi</span> <span class='ocrx_word' id='word_1_203' title='bbox 747 2020 827 2045; x_wconf 90' lang='lat' dir='ltr'>non</span> <span class='ocrx_word' id='word_1_204' title='bbox 860 2007 1007 2055; x_wconf 86' lang='lat' dir='ltr'>dixero,</span> <span class='ocrx_word' id='word_1_205' title='bbox 1029 2021 1096 2046; x_wconf 90' lang='lat' dir='ltr'>eas</span> <span class='ocrx_word' id='word_1_206' title='bbox 1129 2016 1260 2045; x_wconf 89' lang='lat' dir='ltr'>tamen</span> <span class='ocrx_word' id='word_1_207' title='bbox 1290 2008 1344 2045; x_wconf 85' lang='lat' dir='ltr'>ita</span> <span class='ocrx_word' id='word_1_208' title='bbox 1370 2020 1412 2046; x_wconf 90' lang='lat' dir='ltr'>se</span> <span class='ocrx_word' id='word_1_209' title='bbox 1440 2007 1640 2047; x_wconf 87' lang='lat' dir='ltr'>habituras</span> <span class='ocrx_word' id='word_1_210' title='bbox 1667 2016 1815 2060; x_wconf 89' lang='lat' dir='ltr'>putato.</span> 
     </span>
     <span class='ocr_line' id='line_1_24' title="bbox 346 2067 1816 2123; baseline 0.003 -16"><span class='ocrx_word' id='word_1_211' title='bbox 346 2069 465 2113; x_wconf 84' lang='lat' dir='ltr'>Quod</span> <span class='ocrx_word' id='word_1_212' title='bbox 485 2069 609 2108; x_wconf 88' lang='lat' dir='ltr'>sinos</span> <span class='ocrx_word' id='word_1_213' title='bbox 638 2069 727 2107; x_wconf 91' lang='lat' dir='ltr'>ideo</span> <span class='ocrx_word' id='word_1_214' title='bbox 754 2070 984 2117; x_wconf 86' lang='lat' dir='ltr'>contemnis,</span> <span class='ocrx_word' id='word_1_215' title='bbox 1015 2070 1120 2121; x_wconf 92' lang='lat' dir='ltr'>quod</span> <span class='ocrx_word' id='word_1_216' title='bbox 1139 2069 1314 2108; x_wconf 91' lang='lat' dir='ltr'>nondum</span> <span class='ocrx_word' id='word_1_217' title='bbox 1344 2082 1365 2107; x_wconf 90' lang='lat' dir='ltr'>e</span> <span class='ocrx_word' id='word_1_218' title='bbox 1395 2067 1635 2123; x_wconf 85' lang='lat' dir='ltr'>principibus</span> <span class='ocrx_word' id='word_1_219' title='bbox 1669 2083 1816 2120; x_wconf 88' lang='lat' dir='ltr'>sumus,</span> 
     </span>
     <span class='ocr_line' id='line_1_25' title="bbox 348 2131 1816 2183; baseline 0.001 -13"><span class='ocrx_word' id='word_1_220' title='bbox 348 2131 495 2183; x_wconf 83' lang='lat' dir='ltr'>cogita,</span> <span class='ocrx_word' id='word_1_221' title='bbox 515 2138 554 2169; x_wconf 84' lang='lat' dir='ltr'>te</span> <span class='ocrx_word' id='word_1_222' title='bbox 583 2144 738 2182; x_wconf 90' lang='lat' dir='ltr'>quoque</span> <span class='ocrx_word' id='word_1_223' title='bbox 776 2132 867 2170; x_wconf 91' lang='lat' dir='ltr'>olim</span> <span class='ocrx_word' id='word_1_224' title='bbox 906 2132 1196 2171; x_wconf 85' lang='lat' dir='ltr'>adolescentem</span> <span class='ocrx_word' id='word_1_225' title='bbox 1223 2139 1263 2170; x_wconf 88' lang='lat' dir='ltr'>et</span> <span class='ocrx_word' id='word_1_226' title='bbox 1289 2143 1335 2181; x_wconf 83' lang='lat' dir='ltr'>ea</span> <span class='ocrx_word' id='word_1_227' title='bbox 1363 2143 1441 2182; x_wconf 87' lang='lat' dir='ltr'>qua</span> <span class='ocrx_word' id='word_1_228' title='bbox 1459 2144 1530 2170; x_wconf 88' lang='lat' dir='ltr'>nos</span> <span class='ocrx_word' id='word_1_229' title='bbox 1558 2136 1672 2170; x_wconf 89' lang='lat' dir='ltr'>aetate</span> <span class='ocrx_word' id='word_1_230' title='bbox 1700 2134 1816 2172; x_wconf 86' lang='lat' dir='ltr'>modo</span> 
     </span>
     <span class='ocr_line' id='line_1_26' title="bbox 348 2191 1820 2245; baseline 0 -13"><span class='ocrx_word' id='word_1_231' title='bbox 348 2206 484 2232; x_wconf 80' lang='lat' dir='ltr'>sumus</span> <span class='ocrx_word' id='word_1_232' title='bbox 504 2193 639 2238; x_wconf 82' lang='lat' dir='ltr'>fuisse,</span> <span class='ocrx_word' id='word_1_233' title='bbox 663 2200 700 2231; x_wconf 88' lang='lat' dir='ltr'>ct</span> <span class='ocrx_word' id='word_1_234' title='bbox 722 2193 894 2232; x_wconf 77' lang='lat' dir='ltr'>consiliis</span> <span class='ocrx_word' id='word_1_235' title='bbox 915 2200 1030 2245; x_wconf 88' lang='lat' dir='ltr'>atque</span> <span class='ocrx_word' id='word_1_236' title='bbox 1046 2193 1265 2232; x_wconf 88' lang='lat' dir='ltr'>actionibus</span> <span class='ocrx_word' id='word_1_237' title='bbox 1285 2191 1360 2230; x_wconf 88' lang='lat' dir='ltr'>tuis</span> <span class='ocrx_word' id='word_1_238' title='bbox 1382 2192 1432 2230; x_wconf 91' lang='lat' dir='ltr'>ad</span> <span class='ocrx_word' id='word_1_239' title='bbox 1450 2198 1602 2230; x_wconf 89' lang='lat' dir='ltr'>tantum</span> <span class='ocrx_word' id='word_1_240' title='bbox 1622 2192 1820 2245; x_wconf 84' lang='lat' dir='ltr'>fastigium</span> 
     </span>
     <span class='ocr_line' id='line_1_27' title="bbox 348 2253 1819 2306; baseline 0.001 -13"><span class='ocrx_word' id='word_1_241' title='bbox 348 2254 620 2294; x_wconf 85' lang='lat' dir='ltr'>adscendisse.</span> <span class='ocrx_word' id='word_1_242' title='bbox 678 2254 723 2292; x_wconf 90' lang='lat' dir='ltr'>Id</span> <span class='ocrx_word' id='word_1_243' title='bbox 743 2254 847 2306; x_wconf 90' lang='lat' dir='ltr'>quod</span> <span class='ocrx_word' id='word_1_244' title='bbox 869 2255 980 2295; x_wconf 87' lang='lat' dir='ltr'>nobis</span> <span class='ocrx_word' id='word_1_245' title='bbox 1000 2256 1113 2294; x_wconf 87' lang='lat' dir='ltr'>etiam</span> <span class='ocrx_word' id='word_1_246' title='bbox 1130 2255 1354 2306; x_wconf 82' lang='lat' dir='ltr'>contingere</span> <span class='ocrx_word' id='word_1_247' title='bbox 1373 2254 1526 2306; x_wconf 86' lang='lat' dir='ltr'>poterit.</span> <span class='ocrx_word' id='word_1_248' title='bbox 1584 2253 1686 2293; x_wconf 89' lang='lat' dir='ltr'>Nam</span> <span class='ocrx_word' id='word_1_249' title='bbox 1712 2263 1819 2294; x_wconf 88' lang='lat' dir='ltr'>recta</span> 
     </span>
     <span class='ocr_line' id='line_1_28' title="bbox 346 2315 1818 2368; baseline 0.001 -14"><span class='ocrx_word' id='word_1_250' title='bbox 346 2317 504 2368; x_wconf 87' lang='lat' dir='ltr'>quidem</span> <span class='ocrx_word' id='word_1_251' title='bbox 524 2316 706 2355; x_wconf 87' lang='lat' dir='ltr'>voluntas</span> <span class='ocrx_word' id='word_1_252' title='bbox 737 2317 864 2367; x_wconf 79' lang='lat' dir='ltr'>adest,</span> <span class='ocrx_word' id='word_1_253' title='bbox 885 2317 947 2355; x_wconf 89' lang='lat' dir='ltr'>cui</span> <span class='ocrx_word' id='word_1_254' title='bbox 976 2317 1006 2355; x_wconf 86' lang='lat' dir='ltr'>si</span> <span class='ocrx_word' id='word_1_255' title='bbox 1038 2318 1202 2356; x_wconf 81' lang='lat' dir='ltr'>fortunae</span> <span class='ocrx_word' id='word_1_256' title='bbox 1235 2316 1455 2368; x_wconf 84' lang='lat' dir='ltr'>benignitas</span> <span class='ocrx_word' id='word_1_257' title='bbox 1483 2315 1730 2368; x_wconf 82' lang='lat' dir='ltr'>suffragetur,</span> <span class='ocrx_word' id='word_1_258' title='bbox 1759 2331 1818 2356; x_wconf 83' lang='lat' dir='ltr'>res</span> 
     </span>
     <span class='ocr_line' id='line_1_29' title="bbox 348 2378 1818 2430; baseline 0 -12"><span class='ocrx_word' id='word_1_259' title='bbox 348 2379 435 2430; x_wconf 88' lang='lat' dir='ltr'>ipsa</span> <span class='ocrx_word' id='word_1_260' title='bbox 454 2378 593 2418; x_wconf 87' lang='lat' dir='ltr'>confici</span> <span class='ocrx_word' id='word_1_261' title='bbox 614 2386 743 2430; x_wconf 83' lang='lat' dir='ltr'>queat.</span> <span class='ocrx_word' id='word_1_262' title='bbox 801 2379 907 2416; x_wconf 92' lang='lat' dir='ltr'>Nihil</span> <span class='ocrx_word' id='word_1_263' title='bbox 928 2385 1057 2418; x_wconf 85' lang='lat' dir='ltr'>autem</span> <span class='ocrx_word' id='word_1_264' title='bbox 1077 2379 1214 2418; x_wconf 87' lang='lat' dir='ltr'>melius</span> <span class='ocrx_word' id='word_1_265' title='bbox 1245 2378 1430 2418; x_wconf 84' lang='lat' dir='ltr'>collocari</span> <span class='ocrx_word' id='word_1_266' title='bbox 1458 2385 1591 2429; x_wconf 87' lang='lat' dir='ltr'>potest</span> <span class='ocrx_word' id='word_1_267' title='bbox 1617 2386 1720 2418; x_wconf 88' lang='lat' dir='ltr'>recte</span> <span class='ocrx_word' id='word_1_268' title='bbox 1752 2380 1818 2418; x_wconf 86' lang='lat' dir='ltr'>tri—</span> 
     </span>
     <span class='ocr_line' id='line_1_30' title="bbox 349 2440 1817 2493; baseline -0.001 -14"><span class='ocrx_word' id='word_1_269' title='bbox 349 2442 444 2480; x_wconf 87' lang='lat' dir='ltr'>buto</span> <span class='ocrx_word' id='word_1_270' title='bbox 463 2440 587 2479; x_wconf 67' lang='lat' dir='ltr'>officio</span> <span class='ocrx_word' id='word_1_271' title='bbox 605 2454 615 2484; x_wconf 89' lang='lat'><strong>;</strong></span> <span class='ocrx_word' id='word_1_272' title='bbox 645 2440 752 2492; x_wconf 90' lang='lat' dir='ltr'>quod.</span> <span class='ocrx_word' id='word_1_273' title='bbox 781 2447 820 2478; x_wconf 90' lang='lat' dir='ltr'>et</span> <span class='ocrx_word' id='word_1_274' title='bbox 850 2448 891 2478; x_wconf 86' lang='lat' dir='ltr'>tu</span> <span class='ocrx_word' id='word_1_275' title='bbox 912 2442 1028 2479; x_wconf 82' lang='lat' dir='ltr'>nobis</span> <span class='ocrx_word' id='word_1_276' title='bbox 1048 2448 1232 2493; x_wconf 80' lang='lat' dir='ltr'>praestare</span> <span class='ocrx_word' id='word_1_277' title='bbox 1253 2441 1370 2480; x_wconf 86' lang='lat' dir='ltr'>debes</span> <span class='ocrx_word' id='word_1_278' title='bbox 1388 2453 1397 2479; x_wconf 73' lang='grc' dir='ltr'>ε</span> <span class='ocrx_word' id='word_1_279' title='bbox 1428 2453 1553 2492; x_wconf 84' lang='lat' dir='ltr'>neque</span> <span class='ocrx_word' id='word_1_280' title='bbox 1571 2441 1620 2479; x_wconf 86' lang='lat' dir='ltr'>ab</span> <span class='ocrx_word' id='word_1_281' title='bbox 1640 2440 1720 2479; x_wconf 89' lang='lat' dir='ltr'>ullo</span> <span class='ocrx_word' id='word_1_282' title='bbox 1740 2454 1817 2479; x_wconf 81' lang='lat' dir='ltr'>vae-</span> 
     </span>
     <span class='ocr_line' id='line_1_31' title="bbox 350 2501 1817 2549; baseline -0.001 -8"><span class='ocrx_word' id='word_1_283' title='bbox 350 2503 469 2542; x_wconf 79' lang='lat' dir='ltr'>corde</span> <span class='ocrx_word' id='word_1_284' title='bbox 490 2502 552 2541; x_wconf 92' lang='lat' dir='ltr'>vel</span> <span class='ocrx_word' id='word_1_285' title='bbox 573 2502 712 2541; x_wconf 87' lang='lat' dir='ltr'>abduci</span> <span class='ocrx_word' id='word_1_286' title='bbox 731 2502 769 2540; x_wconf 85' lang='lat' dir='ltr'>in</span> <span class='ocrx_word' id='word_1_287' title='bbox 795 2501 967 2540; x_wconf 88' lang='lat' dir='ltr'>deterius</span> <span class='ocrx_word' id='word_1_288' title='bbox 988 2503 1048 2540; x_wconf 88' lang='lat' dir='ltr'>vel</span> <span class='ocrx_word' id='word_1_289' title='bbox 1069 2503 1168 2542; x_wconf 89' lang='lat' dir='ltr'>vinci</span> <span class='ocrx_word' id='word_1_290' title='bbox 1202 2503 1309 2549; x_wconf 86' lang='lat' dir='ltr'>velis,</span> <span class='ocrx_word' id='word_1_291' title='bbox 1328 2503 1397 2541; x_wconf 88' lang='lat' dir='ltr'>sed</span> <span class='ocrx_word' id='word_1_292' title='bbox 1428 2502 1515 2540; x_wconf 89' lang='lat' dir='ltr'>illos</span> <span class='ocrx_word' id='word_1_293' title='bbox 1544 2508 1626 2540; x_wconf 91' lang='lat' dir='ltr'>tute</span> <span class='ocrx_word' id='word_1_294' title='bbox 1653 2502 1692 2540; x_wconf 91' lang='lat' dir='ltr'>in</span> <span class='ocrx_word' id='word_1_295' title='bbox 1711 2508 1817 2541; x_wconf 87' lang='lat' dir='ltr'>tuam</span> 
     </span>
     <span class='ocr_line' id='line_1_32' title="bbox 352 2564 1818 2618; baseline -0.001 -14"><span class='ocrx_word' id='word_1_296' title='bbox 352 2566 554 2618; x_wconf 84' lang='lat' dir='ltr'>perducito</span> <span class='ocrx_word' id='word_1_297' title='bbox 574 2565 807 2603; x_wconf 86' lang='lat' dir='ltr'>sententiam</span> <span class='ocrx_word' id='word_1_298' title='bbox 824 2578 833 2603; x_wconf 80' lang='lat' dir='ltr'>t</span> <span class='ocrx_word' id='word_1_299' title='bbox 865 2565 992 2616; x_wconf 87' lang='lat' dir='ltr'>itaque</span> <span class='ocrx_word' id='word_1_300' title='bbox 1022 2572 1058 2603; x_wconf 91' lang='lat' dir='ltr'>te</span> <span class='ocrx_word' id='word_1_301' title='bbox 1079 2567 1203 2617; x_wconf 81' lang='lat' dir='ltr'>gerito</span> <span class='ocrx_word' id='word_1_302' title='bbox 1223 2572 1266 2604; x_wconf 84' lang='lat' dir='ltr'>ut</span> <span class='ocrx_word' id='word_1_303' title='bbox 1286 2579 1335 2604; x_wconf 92' lang='lat' dir='ltr'>ne</span> <span class='ocrx_word' id='word_1_304' title='bbox 1363 2565 1455 2616; x_wconf 92' lang='lat' dir='ltr'>quid</span> <span class='ocrx_word' id='word_1_305' title='bbox 1475 2578 1496 2603; x_wconf 87' lang='lat' dir='ltr'>e</span> <span class='ocrx_word' id='word_1_306' title='bbox 1516 2564 1639 2616; x_wconf 87' lang='lat' dir='ltr'>pactis</span> <span class='ocrx_word' id='word_1_307' title='bbox 1658 2571 1699 2603; x_wconf 87' lang='lat' dir='ltr'>et</span> <span class='ocrx_word' id='word_1_308' title='bbox 1724 2578 1818 2603; x_wconf 90' lang='lat' dir='ltr'>con-</span> 
     </span>
     <span class='ocr_line' id='line_1_33' title="bbox 351 2626 1818 2679; baseline 0 -13"><span class='ocrx_word' id='word_1_309' title='bbox 351 2629 474 2666; x_wconf 88' lang='lat' dir='ltr'>ventis</span> <span class='ocrx_word' id='word_1_310' title='bbox 495 2628 635 2666; x_wconf 88' lang='lat' dir='ltr'>nostris</span> <span class='ocrx_word' id='word_1_311' title='bbox 656 2627 911 2673; x_wconf 76' lang='lat' dir='ltr'>desideretur,</span> <span class='ocrx_word' id='word_1_312' title='bbox 927 2634 1045 2679; x_wconf 87' lang='lat' dir='ltr'>utque</span> <span class='ocrx_word' id='word_1_313' title='bbox 1063 2627 1253 2679; x_wconf 82' lang='lat' dir='ltr'>Epitimus</span> <span class='ocrx_word' id='word_1_314' title='bbox 1275 2627 1452 2678; x_wconf 84' lang='lat' dir='ltr'>periculis</span> <span class='ocrx_word' id='word_1_315' title='bbox 1465 2626 1647 2678; x_wconf 70' lang='lat' dir='ltr'>erIpiatur</span> <span class='ocrx_word' id='word_1_316' title='bbox 1665 2633 1705 2665; x_wconf 89' lang='lat' dir='ltr'>et</span> <span class='ocrx_word' id='word_1_317' title='bbox 1724 2627 1818 2666; x_wconf 87' lang='lat' dir='ltr'>libe-</span> 
     </span>
     <span class='ocr_line' id='line_1_34' title="bbox 349 2688 1817 2741; baseline -0.001 -13"><span class='ocrx_word' id='word_1_318' title='bbox 349 2697 467 2728; x_wconf 81' lang='lat' dir='ltr'>retur.</span> <span class='ocrx_word' id='word_1_319' title='bbox 526 2689 655 2728; x_wconf 91' lang='lat' dir='ltr'>Adero</span> <span class='ocrx_word' id='word_1_320' title='bbox 676 2696 806 2727; x_wconf 83' lang='lat' dir='ltr'>autem</span> <span class='ocrx_word' id='word_1_321' title='bbox 825 2695 865 2727; x_wconf 91' lang='lat' dir='ltr'>et</span> <span class='ocrx_word' id='word_1_322' title='bbox 882 2690 964 2740; x_wconf 86' lang='lat' dir='ltr'>ipse</span> <span class='ocrx_word' id='word_1_323' title='bbox 984 2703 1032 2728; x_wconf 85' lang='lat' dir='ltr'>eo</span> <span class='ocrx_word' id='word_1_324' title='bbox 1047 2695 1232 2741; x_wconf 87' lang='lat' dir='ltr'>tempore,</span> <span class='ocrx_word' id='word_1_325' title='bbox 1251 2689 1358 2739; x_wconf 91' lang='lat' dir='ltr'>quod</span> <span class='ocrx_word' id='word_1_326' title='bbox 1379 2695 1420 2727; x_wconf 88' lang='lat' dir='ltr'>tu</span> <span class='ocrx_word' id='word_1_327' title='bbox 1439 2688 1714 2740; x_wconf 85' lang='lat' dir='ltr'>tempestivum</span> <span class='ocrx_word' id='word_1_328' title='bbox 1733 2702 1817 2727; x_wconf 82' lang='lat' dir='ltr'>esse</span> 
     </span>
     <span class='ocr_line' id='line_1_35' title="bbox 351 2750 1819 2804; baseline -0.001 -12"><span class='ocrx_word' id='word_1_329' title='bbox 351 2753 509 2793; x_wconf 85' lang='lat' dir='ltr'>dixeris.</span> <span class='ocrx_word' id='word_1_330' title='bbox 569 2753 614 2791; x_wconf 90' lang='lat' dir='ltr'>Id</span> <span class='ocrx_word' id='word_1_331' title='bbox 634 2753 750 2804; x_wconf 80' lang='lat' dir='ltr'>igitur</span> <span class='ocrx_word' id='word_1_332' title='bbox 770 2751 861 2790; x_wconf 89' lang='lat' dir='ltr'>mihi</span> <span class='ocrx_word' id='word_1_333' title='bbox 881 2765 947 2803; x_wconf 83' lang='lat' dir='ltr'>per</span> <span class='ocrx_word' id='word_1_334' title='bbox 965 2752 1097 2791; x_wconf 89' lang='lat' dir='ltr'>literas</span> <span class='ocrx_word' id='word_1_335' title='bbox 1119 2752 1306 2803; x_wconf 82' lang='lat' dir='ltr'>significa,</span> <span class='ocrx_word' id='word_1_336' title='bbox 1329 2750 1390 2789; x_wconf 90' lang='lat' dir='ltr'>vel</span> <span class='ocrx_word' id='word_1_337' title='bbox 1418 2750 1533 2790; x_wconf 89' lang='lat' dir='ltr'>etiam</span> <span class='ocrx_word' id='word_1_338' title='bbox 1561 2764 1632 2803; x_wconf 85' lang='lat' dir='ltr'>pro</span> <span class='ocrx_word' id='word_1_339' title='bbox 1651 2750 1819 2790; x_wconf 79' lang='lat' dir='ltr'>amicitia.</span> 
     </span>
     <span class='ocr_line' id='line_1_36' title="bbox 354 2814 679 2866; baseline -0.006 -12"><span class='ocrx_word' id='word_1_340' title='bbox 354 2818 512 2866; x_wconf 87' lang='lat' dir='ltr'>impera.</span> <span class='ocrx_word' id='word_1_341' title='bbox 568 2814 679 2852; x_wconf 86' lang='lat' dir='ltr'>Vale.</span> 
     </span>
    </p>
   </div>
  </div>
 </body>
</html>
