1965 3356
605 220 681 258 DE
718 220 865 258 DOTE
901 220 941 257 M
950 219 1183 257 ATERNA.
1549 223 1626 259 593

164 322 331 361 alienum
362 321 561 374 Mitylenis
591 323 780 371 habuisse,
807 328 1018 362 vestrorum
1039 324 1246 362 amicorum
1269 324 1531 363 testimonium
1558 338 1625 362 ex-

164 383 320 423 hibebo.

667 527 1070 566 TESTIMONIUM.

215 621 254 658 9.
270 621 504 671 Quanquam
519 627 649 659 autem
663 633 834 672 possem,
846 621 873 659 J
876 620 1025 666 udices,
1042 621 1117 659 alia
1133 621 1256 658 multa
1271 627 1310 659 et
1324 620 1457 671 gravia
1471 619 1627 667 referre,

162 694 251 733 quae
269 683 342 720 iste
362 688 402 720 et
418 682 455 719 in
473 695 534 720 me
554 689 593 720 et
607 683 646 720 in
665 690 836 721 vestrum
856 683 1046 734 quosdam
1066 682 1269 729 commisit,
1288 689 1419 720 tamen
1446 694 1493 719 ea
1511 693 1630 732 cogor

162 744 212 782 ob
231 743 311 781 dati
331 743 422 780 mihi
441 743 626 795 temporis
646 744 875 782 brevitatem
895 745 1203 796 praetermitte-re.
1261 743 1448 781 Existimo
1467 743 1572 780 enim
1591 749 1634 780 et

162 817 231 856 per
247 804 333 843 haec
354 805 448 843 satis
469 818 554 844 esse
574 813 786 852 ostensum,
809 819 886 843 non
905 805 1082 857 ejusdem
1101 819 1187 844 esse
1208 805 1373 843 hominis
1393 811 1432 842 et
1451 803 1545 841 mihi
1565 816 1631 840 ex-

161 865 235 904 silii
263 873 410 904 struere
435 867 661 918 perieulum,
681 875 720 906 et
738 867 826 905 lites
848 867 963 905 ordiri
986 881 1065 906 non
1085 868 1341 913 necessarias,
1361 866 1412 905 ad
1443 866 1631 904 arbitrum

161 933 292 966 autem
310 927 441 966 venire
456 929 701 980 imparatum.
752 930 921 967 Proinde
936 929 1001 967 ubi
1022 929 1070 967 de
1090 929 1149 967 his
1165 928 1293 967 dicere
1313 927 1534 974 instituerit,
1547 940 1631 973 vos,

161 988 308 1040 opinor,
335 989 419 1040 ejus
449 991 664 1028 orationem
692 1003 770 1028 non
804 990 1038 1042 probabitis:
1077 991 1137 1028 sin
1166 990 1284 1037 dicet,
1315 1003 1354 1029 se
1389 996 1559 1041 petente,
1588 997 1633 1026 ut

160 1050 332 1088 omniurn
361 1064 488 1089 rerum
517 1052 713 1090 arbitrium
745 1052 898 1091 Cononi
921 1052 1115 1090 Timothei
1146 1052 1222 1090 filio
1247 1051 1548 1103 permitteretur,
1568 1063 1632 1088 me

161 1112 381 1152 consentire
411 1113 594 1159 noluisse,
617 1115 799 1165 cogitate,
824 1114 861 1151 in
889 1114 1016 1152 animo
1038 1114 1072 1151 ei
1093 1127 1179 1152 esse
1198 1127 1268 1152 vos
1290 1114 1485 1165 decipere.
1543 1112 1632 1162 Ego

160 1175 277 1220 enim,
297 1187 459 1225 quarum
481 1189 604 1213 rerum
625 1176 901 1213 controversiae
922 1175 1096 1213 nondum
1112 1175 1263 1225 judicio
1283 1174 1401 1212 finitae
1423 1180 1547 1218 erant,
1564 1186 1631 1212 eas

160 1242 320 1286 paratus
341 1249 446 1278 eram
475 1244 514 1274 et
534 1237 700 1283 Cononi,
721 1244 761 1275 et
791 1237 854 1275 alii
880 1237 1024 1274 arbitro
1045 1249 1174 1288 aequo,
1195 1237 1258 1275 cui
1282 1237 1354 1274 iste
1373 1236 1505 1281 vellet,
1525 1248 1633 1272 com-

161 1296 310 1335 mittere
327 1310 336 1335 :
367 1298 508 1348 quibus
531 1305 661 1336 autem
683 1298 732 1336 de
753 1299 869 1337 rebus
887 1306 944 1336 ter
963 1298 1069 1349 apud
1090 1298 1275 1336 arbitrum
1296 1304 1531 1336 conventum
1552 1303 1634 1335 erat

159 1366 354 1409 praesente
373 1359 449 1397 isto
468 1366 508 1398 et
525 1360 772 1406 adversante,
792 1373 879 1398 eum
902 1360 1047 1398 arbiter
1067 1366 1107 1398 et
1126 1373 1188 1397 me
1213 1359 1461 1404 absolvisset,
1489 1364 1529 1396 et
1559 1357 1632 1396 iste

160 1420 395 1459 sententiam
415 1428 539 1459 ratam
558 1421 773 1467 habuisset,
791 1428 836 1458 ut
849 1428 889 1459 et
907 1422 1013 1472 apud
1033 1434 1103 1459 vos
1123 1428 1310 1459 testatum
1330 1427 1404 1466 est,
1424 1433 1504 1457 non
1525 1432 1633 1457 com-

159 1480 390 1520 mittendum
421 1495 509 1520 esse
539 1483 633 1520 duxi
666 1489 711 1520 ut
746 1495 793 1536 ea
824 1473 1151 1520 rescinderentur.
1208 1481 1307 1525 Quis
1340 1481 1443 1520 enim
1473 1481 1634 1519 tandem

158 1543 466 1581 transactionum
494 1543 621 1582 exitus
646 1549 824 1595 repertus
844 1552 961 1590 esset,
982 1543 1013 1582 si
1034 1551 1073 1582 et
1095 1544 1267 1594 legitime
1293 1544 1547 1595 pronunciata
1573 1557 1634 1581 re-

158 1604 374 1652 semissem,
402 1612 443 1643 et
470 1606 578 1643 alteri
611 1606 754 1644 arbitro
775 1606 970 1654 judicium
997 1606 1213 1644 earundem
1233 1619 1361 1645 rerum
1380 1604 1633 1644 detulissem?

159 1667 375 1718 praesertim
387 1679 477 1705 cum
498 1668 592 1705 satis
609 1668 760 1712 scirem,
775 1668 930 1705 tametsi
947 1667 1135 1705 adversus
1153 1667 1248 1706 alios
1265 1681 1421 1718 aequum
1436 1680 1515 1705 non
1530 1674 1635 1705 esset

161 1729 328 1767 arbitriis
358 1728 446 1774 niti,
471 1741 560 1766 cum
589 1728 665 1766 isto
691 1735 825 1767 tamen
852 1728 909 1767 sic
938 1729 1001 1780 agi
1032 1728 1206 1767 omnium
1236 1741 1322 1767 esse
1350 1728 1632 1779 aequissimum.

162 1790 278 1837 Nam,
298 1789 331 1829 si
359 1789 445 1841 quis
475 1803 564 1828 eum
585 1789 867 1841 peregrinitatis
898 1798 1072 1834 accuset,
1098 1804 1290 1836 asserens,
1311 1796 1463 1841 patrem
1482 1790 1633 1840 jureju-

160 1852 283 1890 rando
301 1851 530 1903 interposito
545 1864 712 1903 negasse
732 1851 851 1889 istum
865 1865 977 1889 suum
991 1864 1076 1889 esse
1092 1851 1227 1897 filium,
1243 1852 1370 1890 alione
1390 1851 1634 1889 firmamento

160 1913 232 1952 niti
260 1912 414 1965 poterit,
432 1911 506 1950 nisi
535 1925 594 1958 eo,
616 1926 705 1951 cum
720 1913 896 1964 jurasset
923 1919 1046 1951 mater
1073 1912 1259 1964 ipsorum,
1279 1912 1413 1950 arbitri
1442 1912 1636 1950 sententia

161 1975 402 2020 damnatum,
423 1982 603 2012 coactum
624 1987 709 2012 esse
728 1981 877 2025 patrem
896 1980 1072 2012 nostrum
1094 1974 1294 2012 arbitrium
1314 1980 1442 2012 ratum
1464 1974 1634 2013 habere?

162 2037 269 2080 Quid
287 2036 404 2088 igitur
422 2034 504 2073 fieri
522 2042 643 2087 queat
661 2035 845 2087 iniquius,
864 2049 979 2087 quam
999 2036 1115 2074 istum
1135 2036 1262 2087 ipsum
1282 2036 1413 2074 arbitri
1438 2036 1636 2074 sententia

160 2098 284 2137 civem
313 2103 486 2137 vestrum
517 2110 602 2136 esse
638 2097 800 2143 factum,
823 2105 863 2136 et
893 2110 1046 2136 mecum
1073 2097 1253 2136 divisisse
1284 2096 1574 2148 patrimonium,
1596 2105 1636 2136 et

163 2160 293 2198 omnia
310 2172 399 2210 quoe
418 2172 534 2210 aequa
553 2165 658 2206 sunt,
677 2172 762 2198 esse
782 2166 1053 2206 consecutum,
1073 2160 1214 2210 quibus
1242 2166 1372 2198 autem
1400 2172 1475 2211 ego
1504 2159 1633 2197 causis

163 2220 240 2259 isto
263 2227 452 2273 praesente
471 2227 510 2258 et
528 2227 738 2259 accusante
759 2227 800 2259 et
811 2221 991 2269 judicata
1010 2228 1095 2259 rata
1118 2221 1288 2259 habente
1309 2234 1395 2259 sum
1416 2221 1634 2266 absolutus,

163 2295 230 2321 eas
258 2282 374 2320 irritae
399 2288 444 2320 ut
461 2281 558 2320 fiant
587 2281 866 2332 postulantem,
895 2295 1009 2333 aequa
1040 2281 1148 2320 vobis
1178 2281 1301 2320 videri
1329 2282 1486 2320 dicere?
1524 2283 1635 2333 quasi

162 2357 266 2390 vero,
279 2356 369 2382 cum
388 2342 452 2381 isti
468 2342 698 2393 expedierit,
719 2349 803 2381 rata
817 2349 995 2395 oporteat
1012 2356 1099 2381 esse
1114 2343 1283 2389 arbitria,
1304 2342 1369 2381 ubi
1385 2344 1634 2382 commodum

163 2419 241 2445 non
260 2405 390 2451 fuerit,
411 2404 495 2456 ejus
515 2404 713 2443 libidinem
743 2404 832 2455 plus
852 2405 1058 2444 conveniat
1076 2405 1218 2443 habere
1240 2405 1495 2450 auctoritatis,
1517 2418 1634 2457 quam

163 2481 210 2507 ea
229 2481 317 2518 quae
333 2462 486 2519 legibus
505 2465 642 2505 vestris
664 2473 755 2505 sunt
773 2467 946 2506 decreta.
991 2466 1068 2510 Qui
1082 2466 1241 2517 quidem
1260 2467 1316 2506 ita
1334 2473 1393 2505 est
1411 2467 1633 2512 insidiosus,

165 2536 209 2568 ut
228 2536 267 2569 et
284 2529 385 2568 illius
405 2527 550 2568 arbitrii
570 2528 836 2567 conditionem
860 2528 953 2566 mihi
979 2528 1124 2574 tulerit,
1146 2541 1223 2569 non
1243 2536 1287 2567 ut
1306 2528 1398 2567 mihi
1416 2529 1635 2574 satisfieret,

167 2591 237 2631 sed
261 2597 317 2639 ut,
339 2589 667 2643 quemadmodum
688 2589 795 2641 prius
817 2590 1001 2629 undecim
1029 2603 1151 2629 annos
1178 2591 1290 2632 malis
1310 2591 1457 2629 artibus
1475 2603 1536 2630 me
1557 2590 1636 2629 dis-

165 2653 320 2700 tulerat,
351 2652 407 2692 sic
440 2651 556 2691 etiam
584 2650 630 2690 iis
665 2664 833 2703 quorum,
859 2665 921 2691 me
949 2652 1090 2691 arbiter
1118 2651 1338 2691 absolverat
1370 2652 1555 2697 rescissis,
1585 2651 1634 2690 de

165 2713 317 2766 integro
335 2712 650 2760 calumniaretur,
669 2721 710 2752 et
723 2713 915 2765 judicium
945 2713 1021 2753 hoc
1049 2714 1241 2754 eluderet.
1301 2715 1424 2764 Cujus
1445 2714 1498 2752 rei
1518 2727 1634 2764 argu-

168 2783 340 2815 mentum
376 2774 710 2815 evidentissimum
743 2784 821 2814 est:
871 2776 977 2828 quod
1010 2789 1133 2826 neque
1167 2775 1430 2814 conditionem
1469 2776 1634 2827 accepit,

168 2850 283 2888 quam
301 2852 375 2890 ego
393 2838 430 2877 ei
447 2836 619 2889 legitime
650 2837 835 2884 ferebam,
858 2845 896 2876 et
924 2838 1032 2889 prius
1054 2838 1210 2876 arbitrio
1238 2851 1306 2889 per
1332 2850 1393 2876 me
1414 2837 1464 2876 ad
1488 2837 1635 2889 Xenip-

170 2912 276 2949 pum,
295 2913 408 2950 quem
437 2899 511 2939 iste
537 2897 720 2937 arbitrum
741 2899 988 2950 designabat,
1009 2899 1140 2938 delato
1161 2899 1208 2937 de
1228 2899 1492 2938 controversia
1511 2900 1634 2938 nomi-

865 2963 889 2997 4
912 2974 934 2996 G
