1965 3356
586 226 875 267 ADVERSUS
907 225 1173 264 SPUDIAM.
1538 225 1610 261 601

147 335 326 388 pretium,
346 346 475 386 neque
505 333 745 387 Polyeuctus
771 332 894 370 solum
919 331 1087 369 moriens
1112 341 1177 367 eas
1203 329 1250 366 ab
1279 329 1353 366 isto
1374 326 1612 379 postularat:

147 398 302 438 inerant
317 404 358 437 et
376 397 479 437 mille
499 397 736 448 octingentae
755 394 964 434 drachmae.
1014 392 1088 430 His
1111 398 1239 430 autem
1257 390 1385 436 lectis,
1409 391 1442 429 si
1457 403 1503 430 ea
1521 390 1616 429 nihil

148 459 200 498 ad
220 473 263 499 se
278 460 506 507 attinebant,
528 472 655 510 neque
675 459 867 509 scriptura
886 470 980 494 vera
998 462 1093 501 erat,
1115 454 1368 507 quamobrem
1389 467 1467 492 non
1486 453 1618 492 statim

146 521 423 573 indignabatur
441 529 480 560 et
498 520 664 572 graviter
683 518 861 557 ferebat?
890 532 959 556 cur
981 524 1108 555 autem
1131 529 1176 554 ea
1196 528 1328 553 rursus
1350 521 1388 552 et
1415 514 1496 566 ipse
1523 528 1618 554 con-

148 583 316 635 signavit
333 597 421 635 quae
437 582 532 621 nihil
552 582 636 621 sani
655 581 918 626 continebant,
939 592 1065 630 neque
1083 591 1170 617 vere
1188 577 1333 629 scripta
1350 576 1487 615 erant?
1518 577 1619 615 Nam

147 645 189 684 id
207 647 363 698 quidem
382 645 447 698 qui
467 658 546 683 non
565 645 637 683 toti
657 645 858 696 scripturae
876 643 1128 682 assentiretur
1146 641 1293 679 faceret
1311 653 1440 678 nemo.
1488 640 1622 678 Enim·

148 721 255 756 vero,
274 708 449 754 Judices,
469 707 752 759 perabsurdum
773 706 812 744 id
833 706 904 745 erit
925 705 1114 757 profecto,
1135 704 1167 742 si
1200 703 1330 741 licebit
1352 702 1435 742 istis
1463 715 1510 740 ea
1535 715 1621 752 quae

149 769 224 821 ipsi
245 770 548 821 comprobarunt
567 782 670 807 nunc
690 781 851 820 negare,
871 767 1060 818 vobisque
1086 765 1239 804 nullum
1272 764 1312 802 id
1336 764 1490 816 signum
1515 762 1623 801 vide-

147 832 267 878 bitur,
289 832 396 883 quod
415 844 550 870 omnes
569 831 750 869 homines
777 830 826 869 ad
854 844 900 868 ea
920 829 1082 869 crimina
1111 841 1199 879 quae
1229 840 1355 878 neque
1379 839 1473 865 vera
1499 839 1625 877 neque

142 896 254 943 justa
283 900 387 942 sunt,
407 906 485 931 non
518 894 771 940 obticescere,
790 892 859 931 sed
881 906 902 930 e
929 891 1094 943 vestigio
1114 891 1221 929 litem
1243 902 1410 936 movere,
1429 888 1625 927 solemus:

150 952 257 1007 quod
286 957 352 1007 qui
376 969 455 994 non
482 956 659 1001 fecerint,
691 956 723 993 si
754 962 894 1007 postea
919 955 958 992 in
986 953 1137 1006 judicio
1160 952 1434 997 adversantur,
1463 949 1629 1003 improbi

151 1017 449 1056 calumniatores
481 1017 687 1056 habentur.
746 1019 845 1060 Quae
880 1029 999 1068 quum
1034 1015 1202 1068 Spudias
1225 1013 1477 1052 nihilominus
1510 1025 1629 1065 quam

153 1091 228 1130 ego
249 1078 456 1131 intelligat,
471 1093 516 1118 ac
535 1080 662 1131 potius
679 1093 726 1118 eo
746 1079 905 1125 certius,
925 1078 1003 1130 quo
1025 1078 1165 1129 saepius
1186 1077 1264 1115 huc
1284 1076 1512 1128 ingreditur,
1534 1089 1628 1114 con-

153 1141 271 1179 traria
286 1142 332 1179 iis
352 1155 441 1193 quae
464 1141 545 1192 egit
565 1142 745 1180 omnibus
761 1142 868 1192 loqui
887 1154 966 1178 non
987 1140 1195 1179 erubescit.
1229 1140 1314 1178 Vos
1333 1138 1490 1190 quidem
1509 1150 1629 1190 saepe,

153 1215 232 1241 una
251 1203 388 1241 fraude
418 1203 703 1248 animadversa,
725 1216 771 1241 ea
799 1216 868 1254 pro
889 1202 1108 1240 certissimo
1129 1203 1242 1253 signo
1270 1201 1319 1239 de
1348 1207 1431 1239 tota
1464 1213 1631 1239 accusa—

152 1265 256 1304 tione
275 1264 366 1303 estis
386 1264 473 1304 usi:
504 1265 567 1303 isti
594 1272 724 1304 autem
752 1265 944 1310 usuvenit,
968 1272 1010 1302 ut
1030 1264 1156 1302 omnis
1178 1264 1259 1316 ejus
1289 1263 1412 1301 oratio
1442 1263 1527 1314 ipsa
1548 1275 1632 1300 sese

153 1333 356 1377 coarguat.
414 1326 521 1378 Cape
550 1326 826 1374 testimonium,
848 1334 892 1364 ut
912 1332 1102 1378 appareat
1129 1333 1170 1363 et
1195 1333 1277 1364 tum
1305 1325 1525 1363 confessam
1546 1337 1634 1362 esse

155 1387 377 1426 tabularum
410 1386 524 1440 signa
557 1389 668 1427 istius
696 1401 871 1432 uxorem,
901 1396 939 1427 et
970 1402 1075 1427 nunc
1095 1402 1117 1427 a
1139 1388 1288 1440 Spudia
1315 1388 1544 1438 obsignatas
1573 1399 1634 1424 as-

154 1459 312 1489 servari.

669 1535 671 1537 ’
695 1528 1106 1586 TESTIMONIUM.

212 1653 252 1690 9.
282 1650 357 1689 His
376 1650 431 1688 ita
451 1650 576 1702 palam
597 1650 888 1697 demonstratis,
917 1650 1101 1702 equidem
1122 1650 1217 1688 nihil
1238 1663 1325 1689 esse
1342 1649 1517 1702 pluribus
1536 1662 1635 1701 opus

162 1712 368 1751 existimo:
399 1726 489 1750 nam
510 1726 600 1751 cum
619 1720 658 1750 et
684 1713 792 1764 leges
820 1713 990 1764 proferre
1009 1713 1170 1764 possim,
1192 1720 1231 1751 et
1251 1720 1373 1751 testes
1394 1725 1525 1750 eorum
1548 1725 1637 1762 quae

160 1775 267 1813 dicta
297 1781 390 1813 sunt
422 1775 607 1818 omnium,
643 1783 683 1813 et
716 1775 838 1826 ipsius
873 1775 1084 1813 adversarii
1119 1775 1425 1820 confessionem,
1452 1786 1639 1825 quorsum

160 1837 292 1874 multis
311 1837 437 1874 verbis
464 1850 562 1889 opus
595 1837 683 1875 est?
714 1838 793 1875 Sed
813 1843 958 1882 tamen,
975 1837 1006 1875 si
1028 1837 1075 1875 de
1101 1837 1191 1876 dote
1212 1837 1489 1889 indignabitur,
1508 1842 1547 1874 et
1566 1835 1639 1873 sibi

159 1899 210 1938 de
225 1899 329 1938 mille
349 1899 544 1938 drachmis
564 1900 745 1952 injuriam
769 1901 850 1939 fieri
871 1900 988 1947 dicet,
1009 1901 1217 1939 mentietur
1234 1914 1243 1938 t
1275 1901 1323 1939 de
1342 1900 1402 1938 his
1424 1899 1527 1938 enim
1546 1911 1639 1937 con-

161 1962 300 2009 tendit,
321 1975 410 2001 cum
442 1975 522 2000 non
551 1963 692 2009 minus,
712 1963 784 2001 sed
814 1963 901 2014 plus
932 1963 1049 2001 etiam
1079 1963 1286 2015 acceperit,
1307 1970 1352 2001 ut
1383 1962 1513 2001 statim
1532 1961 1639 1999 vobis

163 2025 438 2064 declarabitur.
497 2025 657 2072 Verum,
678 2026 710 2064 si
739 2026 813 2064 ista
844 2026 975 2063 omnia
1005 2038 1138 2064 revera
1168 2026 1417 2072 accidissent,
1441 2038 1521 2063 non
1549 2023 1639 2060 ideo

163 2095 266 2126 esset
289 2087 584 2139 utiquejustum
616 2101 678 2126 me
710 2087 942 2139 promissam
968 2088 1099 2126 dotem
1130 2101 1210 2125 non
1237 2088 1426 2140 accipere,
1461 2087 1493 2125 si
1522 2085 1640 2123 modo

163 2149 311 2201 aliquid
332 2157 394 2188 est
415 2150 453 2188 in
471 2149 620 2201 legibus
641 2150 826 2189 subsidii:
859 2163 985 2201 neque
1003 2150 1117 2188 etiam
1141 2150 1412 2202 Polyeuctum,
1426 2150 1457 2188 si
1476 2149 1641 2186 filiarum

163 2210 275 2250 alteri
292 2213 416 2250 minus
437 2212 548 2250 alteri
568 2212 656 2264 plus
674 2212 765 2250 dare
783 2212 905 2250 voluit
925 2212 1042 2258 dotis,
1063 2225 1166 2250 nunc
1184 2212 1386 2264 prohiberi.
1435 2211 1522 2250 Tibi
1537 2211 1641 2249 enim

165 2273 254 2325 ipsi,
289 2274 451 2326 Spudia,
472 2274 580 2312 licuit
611 2288 690 2312 non
723 2275 866 2313 ducere
895 2288 1069 2320 uxorem,
1097 2275 1201 2313 mille
1231 2275 1440 2321 drachmis,
1460 2281 1506 2313 ut
1534 2273 1640 2318 mihi,

166 2349 243 2374 non
278 2337 572 2376 annumerans:
605 2337 674 2375 sed
705 2344 743 2375 tu
775 2338 895 2376 nihilo
929 2337 1056 2375 minus
1089 2337 1274 2384 habuisti,
1302 2345 1347 2376 ut
1374 2351 1448 2390 ego
1478 2338 1642 2378 docebo.

168 2397 341 2438 Primum
363 2406 493 2437 autem
515 2412 614 2451 cape
633 2400 896 2438 testimonium
918 2399 966 2438 de
986 2401 1226 2452 sponsalium
1246 2401 1547 2440 conditionibus.

697 2554 1111 2595 TESTIMONIUM.

230 2648 291 2685 10.
323 2647 401 2693 Qui
416 2647 534 2700 igitur
553 2647 674 2687 nihilo
694 2649 819 2689 minus
839 2651 903 2689 ille
922 2651 1043 2690 habet
1062 2652 1167 2690 dicet
1185 2650 1337 2703 aliquis,
1350 2650 1381 2688 si
1401 2649 1464 2688 isti
1485 2648 1524 2686 in
1545 2661 1640 2700 qua-

170 2708 350 2760 draginta
381 2710 494 2748 minis
527 2723 661 2749 aurum
692 2718 731 2749 et
762 2712 880 2751 vestis
908 2713 1112 2759 aestimata,
1132 2712 1225 2750 mihi
1249 2725 1340 2750 vero
1366 2711 1499 2750 decem
1527 2709 1641 2749 minae

172 2771 330 2810 seorsim
351 2772 496 2811 additae
523 2773 709 2811 fuerunt?
759 2774 847 2812 Hoc
878 2775 1004 2826 ipsum
1037 2788 1130 2826 ergo
1160 2775 1299 2813 dicam.
1356 2773 1539 2824 Spudias,
1570 2772 1642 2810 Ju-

172 2832 290 2879 dices,
311 2846 335 2872 a
365 2834 553 2873 Leocrate
585 2835 783 2873 mulierem
813 2850 901 2875 cum
928 2850 1022 2876 auro
1055 2846 1096 2876 et
1123 2844 1229 2875 veste
1260 2836 1426 2887 accepit,
1445 2835 1643 2873 aestimatis

174 2894 349 2933 Leocrati
366 2896 628 2948 assPolyeucto
658 2897 780 2948 pluris
800 2912 918 2950 quam
944 2899 1047 2938 mille
1068 2899 1287 2937 drachmis:
1318 2911 1406 2949 quae
1432 2910 1525 2936 vero
1550 2896 1643 2935 mihi

174 2955 280 2994 misit
296 2962 436 3008 praeter
454 2957 600 3006 dotem,
620 2972 788 3011 quaeque
812 2960 943 2999 habeo
964 2962 1106 3008 solum,
1125 2973 1172 2999 ea
1191 2960 1311 3011 siquis
1344 2973 1434 3000 cum
1459 2959 1522 2999 his
1553 2973 1641 3012 quae

175 3019 237 3058 isti
259 3025 349 3057 sunt
369 3018 461 3058 data
479 3020 667 3065 conferat,
686 3022 903 3060 consimilia
922 3022 1201 3073 deprehendet,
1227 3022 1394 3075 demptis
1414 3023 1459 3062 iis
1477 3035 1565 3073 quae
1593 3023 1642 3061 ob

881 3087 905 3121 4
930 3098 955 3122 Η
