<?xml version="1.0" encoding="UTF-8"?>
<!DOCTYPE html PUBLIC "-//W3C//DTD XHTML 1.0 Transitional//EN"
    "http://www.w3.org/TR/xhtml1/DTD/xhtml1-transitional.dtd">
<html xmlns="http://www.w3.org/1999/xhtml" xml:lang="en" lang="en">
 <head>
  <title>
</title>
<meta http-equiv="Content-Type" content="text/html;charset=utf-8" />
  <meta name='ocr-system' content='tesseract 3.04.00' />
  <meta name='ocr-capabilities' content='ocr_page ocr_carea ocr_par ocr_line ocrx_word'/>
</head>
<body>
  <div class='ocr_page' id='page_1' title='image "./oratoresatticie16dobs_0124.png"; bbox 0 0 1948 3306; ppageno 0'>
   <div class='ocr_carea' id='block_1_1' title="bbox 332 192 1398 236">
    <p class='ocr_par' dir='ltr' id='par_1_1' title="bbox 332 192 1398 236">
     <span class='ocr_line' id='line_1_1' title="bbox 332 192 1398 236; baseline 0.002 -2"><span class='ocrx_word' id='word_1_1' title='bbox 332 198 410 235; x_wconf 78' lang='lat'>624</span> <span class='ocrx_word' id='word_1_2' title='bbox 722 192 1008 236; x_wconf 68' lang='lat' dir='ltr'>ADVERSUS</span> <span class='ocrx_word' id='word_1_3' title='bbox 1040 193 1398 236; x_wconf 88' lang='lat' dir='ltr'><strong>LEOCHAREM.</strong></span> 
     </span>
    </p>
   </div>
   <div class='ocr_carea' id='block_1_2' title="bbox 323 299 1831 3023">
    <p class='ocr_par' dir='ltr' id='par_1_2' title="bbox 324 299 1831 906">
     <span class='ocr_line' id='line_1_2' title="bbox 331 299 1789 354; baseline 0.003 -17"><span class='ocrx_word' id='word_1_4' title='bbox 331 312 463 338; x_wconf 82' lang='lat' dir='ltr'>causae</span> <span class='ocrx_word' id='word_1_5' title='bbox 482 299 707 338; x_wconf 86' lang='lat' dir='ltr'>defensores</span> <span class='ocrx_word' id='word_1_6' title='bbox 733 308 773 339; x_wconf 87' lang='lat' dir='ltr'>et</span> <span class='ocrx_word' id='word_1_7' title='bbox 797 302 916 339; x_wconf 82' lang='lat' dir='ltr'>falsos</span> <span class='ocrx_word' id='word_1_8' title='bbox 938 308 1058 339; x_wconf 88' lang='lat' dir='ltr'>testes</span> <span class='ocrx_word' id='word_1_9' title='bbox 1078 301 1223 340; x_wconf 88' lang='lat' dir='ltr'>multos</span> <span class='ocrx_word' id='word_1_10' title='bbox 1242 307 1541 354; x_wconf 84' lang='lat' dir='ltr'>compararunt:</span> <span class='ocrx_word' id='word_1_11' title='bbox 1573 308 1683 354; x_wconf 90' lang='lat' dir='ltr'>pater</span> <span class='ocrx_word' id='word_1_12' title='bbox 1700 315 1789 341; x_wconf 91' lang='lat' dir='ltr'>vero</span> 
     </span>
     <span class='ocr_line' id='line_1_3' title="bbox 331 361 1792 414; baseline 0.003 -16"><span class='ocrx_word' id='word_1_13' title='bbox 331 361 646 400; x_wconf 48' lang='lat' dir='ltr'>meus-“dicetur</span> <span class='ocrx_word' id='word_1_14' title='bbox 664 362 896 401; x_wconf 84' lang='lat' dir='ltr'>enim—-una</span> <span class='ocrx_word' id='word_1_15' title='bbox 914 376 1001 401; x_wconf 90' lang='lat' dir='ltr'>cum</span> <span class='ocrx_word' id='word_1_16' title='bbox 1028 369 1269 414; x_wconf 89' lang='lat' dir='ltr'>paupertate,</span> <span class='ocrx_word' id='word_1_17' title='bbox 1292 370 1335 401; x_wconf 92' lang='lat' dir='ltr'>ut</span> <span class='ocrx_word' id='word_1_18' title='bbox 1353 376 1421 402; x_wconf 87' lang='lat' dir='ltr'>vos</span> <span class='ocrx_word' id='word_1_19' title='bbox 1443 376 1577 402; x_wconf 89' lang='lat' dir='ltr'>omnes</span> <span class='ocrx_word' id='word_1_20' title='bbox 1596 363 1733 412; x_wconf 85' lang='lat' dir='ltr'>nostis,</span> <span class='ocrx_word' id='word_1_21' title='bbox 1752 370 1792 402; x_wconf 93' lang='lat' dir='ltr'>et</span> 
     </span>
     <span class='ocr_line' id='line_1_4' title="bbox 332 421 1790 477; baseline 0.004 -19"><span class='ocrx_word' id='word_1_22' title='bbox 332 421 524 473; x_wconf 83' lang='lat' dir='ltr'>imperitia</span> <span class='ocrx_word' id='word_1_23' title='bbox 563 437 689 462; x_wconf 89' lang='lat' dir='ltr'>rerum</span> <span class='ocrx_word' id='word_1_24' title='bbox 725 425 938 462; x_wconf 84' lang='lat' dir='ltr'>manifestis</span> <span class='ocrx_word' id='word_1_25' title='bbox 970 425 1199 463; x_wconf 83' lang='lat' dir='ltr'>testimoniis</span> <span class='ocrx_word' id='word_1_26' title='bbox 1228 432 1390 477; x_wconf 82' lang='lat' dir='ltr'>pugnat.</span> <span class='ocrx_word' id='word_1_27' title='bbox 1464 426 1567 464; x_wconf 89' lang='lat' dir='ltr'>Nam</span> <span class='ocrx_word' id='word_1_28' title='bbox 1601 425 1640 463; x_wconf 89' lang='lat' dir='ltr'>in</span> <span class='ocrx_word' id='word_1_29' title='bbox 1670 426 1790 464; x_wconf 83' lang='lat' dir='ltr'>Pirae-</span> 
     </span>
     <span class='ocr_line' id='line_1_5' title="bbox 333 486 1790 540; baseline 0.003 -17"><span class='ocrx_word' id='word_1_30' title='bbox 333 497 379 523; x_wconf 87' lang='lat' dir='ltr'>eo</span> <span class='ocrx_word' id='word_1_31' title='bbox 397 486 636 536; x_wconf 76' lang='lat' dir='ltr'>praeconium</span> <span class='ocrx_word' id='word_1_32' title='bbox 661 486 834 525; x_wconf 83' lang='lat' dir='ltr'>factitat:</span> <span class='ocrx_word' id='word_1_33' title='bbox 865 486 904 524; x_wconf 88' lang='lat' dir='ltr'>id</span> <span class='ocrx_word' id='word_1_34' title='bbox 930 487 1035 538; x_wconf 90' lang='lat' dir='ltr'>quod</span> <span class='ocrx_word' id='word_1_35' title='bbox 1068 500 1145 526; x_wconf 90' lang='lat' dir='ltr'>non</span> <span class='ocrx_word' id='word_1_36' title='bbox 1178 488 1292 527; x_wconf 89' lang='lat' dir='ltr'>modo</span> <span class='ocrx_word' id='word_1_37' title='bbox 1322 488 1559 540; x_wconf 80' lang='lat' dir='ltr'>paupertatis</span> <span class='ocrx_word' id='word_1_38' title='bbox 1586 501 1790 540; x_wconf 84' lang='lat' dir='ltr'>argumen-</span> 
     </span>
     <span class='ocr_line' id='line_1_6' title="bbox 332 547 1791 602; baseline 0.003 -18"><span class='ocrx_word' id='word_1_39' title='bbox 332 552 427 593; x_wconf 90' lang='lat' dir='ltr'>tum,</span> <span class='ocrx_word' id='word_1_40' title='bbox 447 547 515 586; x_wconf 90' lang='lat' dir='ltr'>sed</span> <span class='ocrx_word' id='word_1_41' title='bbox 536 554 575 585; x_wconf 91' lang='lat' dir='ltr'>et</span> <span class='ocrx_word' id='word_1_42' title='bbox 592 548 857 600; x_wconf 84' lang='lat' dir='ltr'>occupationis</span> <span class='ocrx_word' id='word_1_43' title='bbox 878 555 936 587; x_wconf 91' lang='lat' dir='ltr'>est</span> <span class='ocrx_word' id='word_1_44' title='bbox 955 563 1042 600; x_wconf 87' lang='lat' dir='ltr'>quae</span> <span class='ocrx_word' id='word_1_45' title='bbox 1062 549 1148 587; x_wconf 87' lang='lat' dir='ltr'>lites</span> <span class='ocrx_word' id='word_1_46' title='bbox 1168 550 1307 588; x_wconf 87' lang='lat' dir='ltr'>sectari</span> <span class='ocrx_word' id='word_1_47' title='bbox 1324 550 1574 602; x_wconf 86' lang='lat' dir='ltr'>prohibebat;</span> <span class='ocrx_word' id='word_1_48' title='bbox 1605 550 1670 601; x_wconf 88' lang='lat' dir='ltr'>qui</span> <span class='ocrx_word' id='word_1_49' title='bbox 1689 551 1791 589; x_wconf 88' lang='lat' dir='ltr'>enim</span> 
     </span>
     <span class='ocr_line' id='line_1_7' title="bbox 324 608 1831 661; baseline 0.003 -15"><span class='ocrx_word' id='word_1_50' title='bbox 324 608 446 647; x_wconf 43' lang='lat' dir='ltr'>*talem</span> <span class='ocrx_word' id='word_1_51' title='bbox 469 616 658 661; x_wconf 81' lang='lat' dir='ltr'>quaestum</span> <span class='ocrx_word' id='word_1_52' title='bbox 679 610 786 657; x_wconf 85' lang='lat' dir='ltr'>facit,</span> <span class='ocrx_word' id='word_1_53' title='bbox 807 623 896 649; x_wconf 91' lang='lat' dir='ltr'>eum</span> <span class='ocrx_word' id='word_1_54' title='bbox 916 624 1074 649; x_wconf 90' lang='lat' dir='ltr'>necesse</span> <span class='ocrx_word' id='word_1_55' title='bbox 1094 618 1154 650; x_wconf 88' lang='lat' dir='ltr'>est</span> <span class='ocrx_word' id='word_1_56' title='bbox 1172 617 1276 650; x_wconf 91' lang='lat' dir='ltr'>totos</span> <span class='ocrx_word' id='word_1_57' title='bbox 1299 612 1381 651; x_wconf 86' lang='lat' dir='ltr'>dies</span> <span class='ocrx_word' id='word_1_58' title='bbox 1400 613 1438 650; x_wconf 94' lang='lat' dir='ltr'>in</span> <span class='ocrx_word' id='word_1_59' title='bbox 1457 612 1540 650; x_wconf 85' lang='lat' dir='ltr'>foro</span> <span class='ocrx_word' id='word_1_60' title='bbox 1559 624 1660 650; x_wconf 87' lang='lat' dir='ltr'>esse.</span> <span class='ocrx_word' id='word_1_61' title='bbox 1692 611 1793 656; x_wconf 86' lang='lat' dir='ltr'>Quae</span> <span class='ocrx_word' id='word_1_62' title='bbox 1826 631 1831 645; x_wconf 57' lang='grc' dir='ltr'>ι</span> 
     </span>
     <span class='ocr_line' id='line_1_8' title="bbox 330 672 1792 724; baseline 0.003 -17"><span class='ocrx_word' id='word_1_63' title='bbox 330 683 401 709; x_wconf 90' lang='lat' dir='ltr'>vos</span> <span class='ocrx_word' id='word_1_64' title='bbox 421 678 646 722; x_wconf 88' lang='lat' dir='ltr'>reputantes</span> <span class='ocrx_word' id='word_1_65' title='bbox 666 672 899 723; x_wconf 80' lang='lat' dir='ltr'>cogitabitis,</span> <span class='ocrx_word' id='word_1_66' title='bbox 920 685 1004 720; x_wconf 87' lang='lat' dir='ltr'>nos,</span> <span class='ocrx_word' id='word_1_67' title='bbox 1024 673 1096 712; x_wconf 86' lang='lat' dir='ltr'>nisi</span> <span class='ocrx_word' id='word_1_68' title='bbox 1118 672 1270 721; x_wconf 87' lang='lat' dir='ltr'>justitia</span> <span class='ocrx_word' id='word_1_69' title='bbox 1289 673 1375 711; x_wconf 86' lang='lat' dir='ltr'>freti</span> <span class='ocrx_word' id='word_1_70' title='bbox 1393 686 1579 719; x_wconf 84' lang='lat' dir='ltr'>essemus,</span> <span class='ocrx_word' id='word_1_71' title='bbox 1594 686 1792 724; x_wconf 87' lang='lat' dir='ltr'>nunquam</span> 
     </span>
     <span class='ocr_line' id='line_1_9' title="bbox 331 732 1793 787; baseline 0.003 -18"><span class='ocrx_word' id='word_1_72' title='bbox 331 732 370 769; x_wconf 92' lang='lat' dir='ltr'>in</span> <span class='ocrx_word' id='word_1_73' title='bbox 390 739 640 784; x_wconf 88' lang='lat' dir='ltr'>conspectum</span> <span class='ocrx_word' id='word_1_74' title='bbox 658 741 827 771; x_wconf 86' lang='lat' dir='ltr'>vestrum</span> <span class='ocrx_word' id='word_1_75' title='bbox 849 733 967 773; x_wconf 88' lang='lat' dir='ltr'>fuisse</span> <span class='ocrx_word' id='word_1_76' title='bbox 994 734 1228 786; x_wconf 87' lang='lat' dir='ltr'>prodituros.</span> <span class='ocrx_word' id='word_1_77' title='bbox 1287 735 1365 773; x_wconf 88' lang='lat' dir='ltr'>Sed</span> <span class='ocrx_word' id='word_1_78' title='bbox 1387 749 1474 787; x_wconf 89' lang='lat' dir='ltr'>quae</span> <span class='ocrx_word' id='word_1_79' title='bbox 1500 735 1617 787; x_wconf 89' lang='lat' dir='ltr'>hujus</span> <span class='ocrx_word' id='word_1_80' title='bbox 1643 736 1793 787; x_wconf 87' lang='lat' dir='ltr'>generis</span> 
     </span>
     <span class='ocr_line' id='line_1_10' title="bbox 332 796 1793 849; baseline 0.003 -17"><span class='ocrx_word' id='word_1_81' title='bbox 332 801 438 841; x_wconf 86' lang='lat' dir='ltr'>sunt,</span> <span class='ocrx_word' id='word_1_82' title='bbox 457 808 666 846; x_wconf 78' lang='lat' dir='ltr'>progressu</span> <span class='ocrx_word' id='word_1_83' title='bbox 691 796 887 841; x_wconf 87' lang='lat' dir='ltr'>orationis,</span> <span class='ocrx_word' id='word_1_84' title='bbox 909 796 1050 836; x_wconf 90' lang='lat' dir='ltr'>clarius</span> <span class='ocrx_word' id='word_1_85' title='bbox 1082 797 1270 835; x_wconf 87' lang='lat' dir='ltr'>audietis:</span> <span class='ocrx_word' id='word_1_86' title='bbox 1305 798 1353 836; x_wconf 90' lang='lat' dir='ltr'>de</span> <span class='ocrx_word' id='word_1_87' title='bbox 1383 798 1469 849; x_wconf 89' lang='lat' dir='ltr'>ipsa</span> <span class='ocrx_word' id='word_1_88' title='bbox 1497 804 1626 836; x_wconf 87' lang='lat' dir='ltr'>autem</span> <span class='ocrx_word' id='word_1_89' title='bbox 1659 805 1793 836; x_wconf 92' lang='lat' dir='ltr'>conte-</span> 
     </span>
     <span class='ocr_line' id='line_1_11' title="bbox 331 858 1392 906; baseline 0.004 -11"><span class='ocrx_word' id='word_1_90' title='bbox 331 858 497 896; x_wconf 83' lang='lat' dir='ltr'>statione</span> <span class='ocrx_word' id='word_1_91' title='bbox 514 865 553 896; x_wconf 90' lang='lat' dir='ltr'>et</span> <span class='ocrx_word' id='word_1_92' title='bbox 573 872 703 906; x_wconf 84' lang='lat' dir='ltr'>causa,</span> <span class='ocrx_word' id='word_1_93' title='bbox 719 874 822 898; x_wconf 89' lang='lat' dir='ltr'>nunc</span> <span class='ocrx_word' id='word_1_94' title='bbox 842 860 991 898; x_wconf 87' lang='lat' dir='ltr'>videtur</span> <span class='ocrx_word' id='word_1_95' title='bbox 1011 874 1097 898; x_wconf 90' lang='lat' dir='ltr'>esse</span> <span class='ocrx_word' id='word_1_96' title='bbox 1114 860 1392 899; x_wconf 87' lang='lat' dir='ltr'>disserendum.</span> 
     </span>
    </p>

    <p class='ocr_par' dir='ltr' id='par_1_3' title="bbox 323 922 1795 2212">
     <span class='ocr_line' id='line_1_12' title="bbox 388 922 1792 974; baseline -0.001 -14"><span class='ocrx_word' id='word_1_97' title='bbox 388 924 424 960; x_wconf 90' lang='lat'>3.</span> <span class='ocrx_word' id='word_1_98' title='bbox 455 922 570 965; x_wconf 87' lang='lat' dir='ltr'>Quod</span> <span class='ocrx_word' id='word_1_99' title='bbox 593 922 637 969; x_wconf 86' lang='lat' dir='ltr'>si,</span> <span class='ocrx_word' id='word_1_100' title='bbox 663 923 836 968; x_wconf 68' lang='lat' dir='ltr'>judices,</span> <span class='ocrx_word' id='word_1_101' title='bbox 860 935 908 960; x_wconf 85' lang='lat' dir='ltr'>ex</span> <span class='ocrx_word' id='word_1_102' title='bbox 931 922 1017 974; x_wconf 87' lang='lat' dir='ltr'>ipsa</span> <span class='ocrx_word' id='word_1_103' title='bbox 1045 923 1329 960; x_wconf 82' lang='lat' dir='ltr'>contestatione</span> <span class='ocrx_word' id='word_1_104' title='bbox 1356 922 1572 961; x_wconf 86' lang='lat' dir='ltr'>Leochares</span> <span class='ocrx_word' id='word_1_105' title='bbox 1602 922 1792 974; x_wconf 84' lang='lat' dir='ltr'>petiturus</span> 
     </span>
     <span class='ocr_line' id='line_1_13' title="bbox 332 977 1793 1035; baseline 0.002 -16"><span class='ocrx_word' id='word_1_106' title='bbox 332 977 598 1020; x_wconf 77' lang='lat' dir='ltr'>defensionem</span> <span class='ocrx_word' id='word_1_107' title='bbox 629 990 745 1034; x_wconf 89' lang='lat' dir='ltr'>atque</span> <span class='ocrx_word' id='word_1_108' title='bbox 775 990 1002 1022; x_wconf 84' lang='lat' dir='ltr'>ostensurus</span> <span class='ocrx_word' id='word_1_109' title='bbox 1024 991 1141 1031; x_wconf 87' lang='lat' dir='ltr'>esset,</span> <span class='ocrx_word' id='word_1_110' title='bbox 1168 997 1207 1022; x_wconf 92' lang='lat' dir='ltr'>se</span> <span class='ocrx_word' id='word_1_111' title='bbox 1228 998 1455 1035; x_wconf 86' lang='lat' dir='ltr'>germanum</span> <span class='ocrx_word' id='word_1_112' title='bbox 1474 998 1560 1024; x_wconf 91' lang='lat' dir='ltr'>esse</span> <span class='ocrx_word' id='word_1_113' title='bbox 1588 984 1793 1023; x_wconf 81' lang='lat' dir='ltr'>Archiadae</span> 
     </span>
     <span class='ocr_line' id='line_1_14' title="bbox 329 1045 1794 1098; baseline 0.001 -16"><span class='ocrx_word' id='word_1_114' title='bbox 329 1045 463 1091; x_wconf 83' lang='lat' dir='ltr'>filium,</span> <span class='ocrx_word' id='word_1_115' title='bbox 479 1045 570 1083; x_wconf 87' lang='lat' dir='ltr'>nihil</span> <span class='ocrx_word' id='word_1_116' title='bbox 589 1058 687 1096; x_wconf 88' lang='lat' dir='ltr'>opus</span> <span class='ocrx_word' id='word_1_117' title='bbox 708 1053 810 1084; x_wconf 88' lang='lat' dir='ltr'>esset</span> <span class='ocrx_word' id='word_1_118' title='bbox 837 1047 970 1084; x_wconf 90' lang='lat' dir='ltr'>multis</span> <span class='ocrx_word' id='word_1_119' title='bbox 991 1046 1128 1093; x_wconf 84' lang='lat' dir='ltr'>verbis,</span> <span class='ocrx_word' id='word_1_120' title='bbox 1149 1060 1276 1098; x_wconf 88' lang='lat' dir='ltr'>neque</span> <span class='ocrx_word' id='word_1_121' title='bbox 1296 1047 1560 1085; x_wconf 87' lang='lat' dir='ltr'>necessarium</span> <span class='ocrx_word' id='word_1_122' title='bbox 1584 1059 1656 1085; x_wconf 90' lang='lat' dir='ltr'>nos</span> <span class='ocrx_word' id='word_1_123' title='bbox 1677 1059 1700 1084; x_wconf 86' lang='lat' dir='ltr'>a</span> <span class='ocrx_word' id='word_1_124' title='bbox 1718 1045 1794 1097; x_wconf 86' lang='lat' dir='ltr'>pri-</span> 
     </span>
     <span class='ocr_line' id='line_1_15' title="bbox 330 1106 1795 1159; baseline 0.001 -16"><span class='ocrx_word' id='word_1_125' title='bbox 330 1107 480 1144; x_wconf 89' lang='lat' dir='ltr'>mordio</span> <span class='ocrx_word' id='word_1_126' title='bbox 513 1106 605 1144; x_wconf 90' lang='lat' dir='ltr'>inde</span> <span class='ocrx_word' id='word_1_127' title='bbox 638 1113 811 1144; x_wconf 87' lang='lat' dir='ltr'>nostrum</span> <span class='ocrx_word' id='word_1_128' title='bbox 846 1121 969 1159; x_wconf 85' lang='lat' dir='ltr'>genus</span> <span class='ocrx_word' id='word_1_129' title='bbox 989 1120 1243 1158; x_wconf 85' lang='lat' dir='ltr'>percensere:</span> <span class='ocrx_word' id='word_1_130' title='bbox 1274 1108 1344 1145; x_wconf 92' lang='lat' dir='ltr'>sed</span> <span class='ocrx_word' id='word_1_131' title='bbox 1372 1107 1463 1159; x_wconf 88' lang='lat' dir='ltr'>quia</span> <span class='ocrx_word' id='word_1_132' title='bbox 1495 1121 1536 1147; x_wconf 90' lang='lat' dir='ltr'>se</span> <span class='ocrx_word' id='word_1_133' title='bbox 1561 1107 1795 1146; x_wconf 81' lang='lat' dir='ltr'>contestatio</span> 
     </span>
     <span class='ocr_line' id='line_1_16' title="bbox 330 1159 1792 1220; baseline 0.002 -16"><span class='ocrx_word' id='word_1_134' title='bbox 330 1168 440 1205; x_wconf 88' lang='lat' dir='ltr'>aliter</span> <span class='ocrx_word' id='word_1_135' title='bbox 457 1159 587 1213; x_wconf 86' lang='lat' dir='ltr'>habet,</span> <span class='ocrx_word' id='word_1_136' title='bbox 608 1176 722 1220; x_wconf 87' lang='lat' dir='ltr'>atque</span> <span class='ocrx_word' id='word_1_137' title='bbox 744 1169 802 1207; x_wconf 90' lang='lat' dir='ltr'>isti</span> <span class='ocrx_word' id='word_1_138' title='bbox 824 1170 1030 1207; x_wconf 86' lang='lat' dir='ltr'>maximam</span> <span class='ocrx_word' id='word_1_139' title='bbox 1051 1169 1233 1207; x_wconf 87' lang='lat' dir='ltr'>orationis</span> <span class='ocrx_word' id='word_1_140' title='bbox 1253 1176 1401 1220; x_wconf 90' lang='lat' dir='ltr'>partem</span> <span class='ocrx_word' id='word_1_141' title='bbox 1423 1170 1461 1207; x_wconf 88' lang='lat' dir='ltr'>in</span> <span class='ocrx_word' id='word_1_142' title='bbox 1481 1183 1527 1208; x_wconf 89' lang='lat' dir='ltr'>eo</span> <span class='ocrx_word' id='word_1_143' title='bbox 1546 1176 1792 1213; x_wconf 87' lang='lat' dir='ltr'>consument,</span> 
     </span>
     <span class='ocr_line' id='line_1_17' title="bbox 331 1230 1794 1283; baseline 0.002 -17"><span class='ocrx_word' id='word_1_144' title='bbox 331 1242 371 1266; x_wconf 92' lang='lat' dir='ltr'>se</span> <span class='ocrx_word' id='word_1_145' title='bbox 392 1230 598 1280; x_wconf 88' lang='lat' dir='ltr'>adoptatos</span> <span class='ocrx_word' id='word_1_146' title='bbox 618 1244 715 1277; x_wconf 88' lang='lat' dir='ltr'>esse,</span> <span class='ocrx_word' id='word_1_147' title='bbox 737 1237 776 1269; x_wconf 91' lang='lat' dir='ltr'>et</span> <span class='ocrx_word' id='word_1_148' title='bbox 805 1244 893 1269; x_wconf 90' lang='lat' dir='ltr'>cum</span> <span class='ocrx_word' id='word_1_149' title='bbox 916 1232 1086 1282; x_wconf 84' lang='lat' dir='ltr'>germani</span> <span class='ocrx_word' id='word_1_150' title='bbox 1115 1231 1179 1268; x_wconf 84' lang='lat' dir='ltr'>filii</span> <span class='ocrx_word' id='word_1_151' title='bbox 1210 1232 1301 1278; x_wconf 88' lang='lat' dir='ltr'>sint,</span> <span class='ocrx_word' id='word_1_152' title='bbox 1323 1231 1469 1270; x_wconf 84' lang='lat' dir='ltr'>ratione</span> <span class='ocrx_word' id='word_1_153' title='bbox 1494 1230 1794 1283; x_wconf 88' lang='lat' dir='ltr'>propinquitatis</span> 
     </span>
     <span class='ocr_line' id='line_1_18' title="bbox 323 1292 1794 1344; baseline 0.003 -17"><span class='ocrx_word' id='word_1_154' title='bbox 323 1292 412 1341; x_wconf 88' lang='lat' dir='ltr'>jure</span> <span class='ocrx_word' id='word_1_155' title='bbox 440 1299 690 1343; x_wconf 87' lang='lat' dir='ltr'>percepturos</span> <span class='ocrx_word' id='word_1_156' title='bbox 720 1293 996 1338; x_wconf 67' lang='lat' dir='ltr'>haereditatem,</span> <span class='ocrx_word' id='word_1_157' title='bbox 1027 1305 1188 1331; x_wconf 86' lang='lat' dir='ltr'>necesse</span> <span class='ocrx_word' id='word_1_158' title='bbox 1209 1293 1320 1331; x_wconf 92' lang='lat' dir='ltr'>nobis</span> <span class='ocrx_word' id='word_1_159' title='bbox 1340 1295 1420 1340; x_wconf 77' lang='lat' dir='ltr'>est,</span> <span class='ocrx_word' id='word_1_160' title='bbox 1441 1293 1618 1339; x_wconf 84' lang='lat' dir='ltr'>Judices‚</span> <span class='ocrx_word' id='word_1_161' title='bbox 1639 1298 1794 1344; x_wconf 88' lang='lat' dir='ltr'>propter</span> 
     </span>
     <span class='ocr_line' id='line_1_19' title="bbox 329 1347 1793 1406; baseline 0.003 -17"><span class='ocrx_word' id='word_1_162' title='bbox 329 1351 400 1389; x_wconf 87' lang='lat' dir='ltr'>has</span> <span class='ocrx_word' id='word_1_163' title='bbox 421 1365 556 1390; x_wconf 85' lang='lat' dir='ltr'>causas</span> <span class='ocrx_word' id='word_1_164' title='bbox 576 1347 695 1404; x_wconf 87' lang='lat' dir='ltr'>paulo</span> <span class='ocrx_word' id='word_1_165' title='bbox 711 1354 825 1392; x_wconf 87' lang='lat' dir='ltr'>altius</span> <span class='ocrx_word' id='word_1_166' title='bbox 842 1367 965 1405; x_wconf 81' lang='lat' dir='ltr'>genus</span> <span class='ocrx_word' id='word_1_167' title='bbox 982 1360 1156 1393; x_wconf 87' lang='lat' dir='ltr'>nostrum</span> <span class='ocrx_word' id='word_1_168' title='bbox 1175 1356 1285 1393; x_wconf 91' lang='lat' dir='ltr'>vobis</span> <span class='ocrx_word' id='word_1_169' title='bbox 1307 1367 1516 1406; x_wconf 85' lang='lat' dir='ltr'>exponere.</span> <span class='ocrx_word' id='word_1_170' title='bbox 1574 1355 1661 1393; x_wconf 93' lang='lat' dir='ltr'>Hoc</span> <span class='ocrx_word' id='word_1_171' title='bbox 1691 1354 1793 1393; x_wconf 90' lang='lat' dir='ltr'>enim</span> 
     </span>
     <span class='ocr_line' id='line_1_20' title="bbox 329 1415 1793 1468; baseline 0.001 -16"><span class='ocrx_word' id='word_1_172' title='bbox 329 1416 531 1466; x_wconf 81' lang='lat' dir='ltr'>perspicue</span> <span class='ocrx_word' id='word_1_173' title='bbox 551 1417 724 1467; x_wconf 83' lang='lat' dir='ltr'>cognito,</span> <span class='ocrx_word' id='word_1_174' title='bbox 742 1417 868 1455; x_wconf 89' lang='lat' dir='ltr'>verbis</span> <span class='ocrx_word' id='word_1_175' title='bbox 890 1429 1024 1454; x_wconf 89' lang='lat' dir='ltr'>eorum</span> <span class='ocrx_word' id='word_1_176' title='bbox 1051 1430 1128 1454; x_wconf 90' lang='lat' dir='ltr'>non</span> <span class='ocrx_word' id='word_1_177' title='bbox 1150 1416 1407 1468; x_wconf 89' lang='lat' dir='ltr'>decipiemini.</span> <span class='ocrx_word' id='word_1_178' title='bbox 1464 1416 1568 1454; x_wconf 87' lang='lat' dir='ltr'>Nam</span> <span class='ocrx_word' id='word_1_179' title='bbox 1593 1415 1678 1454; x_wconf 79' lang='lat' dir='ltr'>hae‘c</span> <span class='ocrx_word' id='word_1_180' title='bbox 1700 1429 1793 1455; x_wconf 89' lang='lat' dir='ltr'>con-</span> 
     </span>
     <span class='ocr_line' id='line_1_21' title="bbox 331 1477 1793 1531; baseline 0.001 -16"><span class='ocrx_word' id='word_1_181' title='bbox 331 1478 515 1516; x_wconf 85' lang='lat' dir='ltr'>troversia</span> <span class='ocrx_word' id='word_1_182' title='bbox 545 1479 776 1531; x_wconf 86' lang='lat' dir='ltr'>disceptatio</span> <span class='ocrx_word' id='word_1_183' title='bbox 808 1486 868 1517; x_wconf 91' lang='lat' dir='ltr'>est</span> <span class='ocrx_word' id='word_1_184' title='bbox 898 1479 946 1516; x_wconf 90' lang='lat' dir='ltr'>de</span> <span class='ocrx_word' id='word_1_185' title='bbox 976 1479 1227 1517; x_wconf 81' lang='lat' dir='ltr'>haereditate:</span> <span class='ocrx_word' id='word_1_186' title='bbox 1257 1478 1294 1516; x_wconf 90' lang='lat' dir='ltr'>in</span> <span class='ocrx_word' id='word_1_187' title='bbox 1321 1492 1406 1517; x_wconf 87' lang='lat' dir='ltr'>eam</span> <span class='ocrx_word' id='word_1_188' title='bbox 1425 1490 1516 1516; x_wconf 88' lang='lat' dir='ltr'>vero</span> <span class='ocrx_word' id='word_1_189' title='bbox 1550 1477 1698 1528; x_wconf 86' lang='lat' dir='ltr'>agimus</span> <span class='ocrx_word' id='word_1_190' title='bbox 1722 1490 1793 1516; x_wconf 83' lang='lat' dir='ltr'>nos</span> 
     </span>
     <span class='ocr_line' id='line_1_22' title="bbox 330 1539 1793 1592; baseline 0.001 -16"><span class='ocrx_word' id='word_1_191' title='bbox 330 1540 478 1577; x_wconf 84' lang='lat' dir='ltr'>ratione</span> <span class='ocrx_word' id='word_1_192' title='bbox 511 1541 663 1591; x_wconf 85' lang='lat' dir='ltr'>generis</span> <span class='ocrx_word' id='word_1_193' title='bbox 698 1550 737 1579; x_wconf 88' lang='lat' dir='ltr'>et</span> <span class='ocrx_word' id='word_1_194' title='bbox 767 1540 1072 1592; x_wconf 80' lang='lat' dir='ltr'>propinquitatis,</span> <span class='ocrx_word' id='word_1_195' title='bbox 1102 1541 1165 1579; x_wconf 89' lang='lat' dir='ltr'>isti</span> <span class='ocrx_word' id='word_1_196' title='bbox 1195 1541 1342 1579; x_wconf 87' lang='lat' dir='ltr'>ratione</span> <span class='ocrx_word' id='word_1_197' title='bbox 1371 1539 1604 1592; x_wconf 88' lang='lat' dir='ltr'>adoptionis.</span> <span class='ocrx_word' id='word_1_198' title='bbox 1663 1540 1793 1578; x_wconf 87' lang='lat' dir='ltr'>Confi-</span> 
     </span>
     <span class='ocr_line' id='line_1_23' title="bbox 333 1602 1794 1654; baseline 0.001 -15"><span class='ocrx_word' id='word_1_199' title='bbox 333 1610 457 1640; x_wconf 77' lang='lat' dir='ltr'>temur</span> <span class='ocrx_word' id='word_1_200' title='bbox 473 1609 602 1640; x_wconf 89' lang='lat' dir='ltr'>autem</span> <span class='ocrx_word' id='word_1_201' title='bbox 622 1616 752 1641; x_wconf 82' lang='lat' dir='ltr'>coram</span> <span class='ocrx_word' id='word_1_202' title='bbox 771 1603 880 1641; x_wconf 88' lang='lat' dir='ltr'>vobis</span> <span class='ocrx_word' id='word_1_203' title='bbox 900 1610 1004 1641; x_wconf 87' lang='lat' dir='ltr'>ratas</span> <span class='ocrx_word' id='word_1_204' title='bbox 1024 1616 1111 1641; x_wconf 83' lang='lat' dir='ltr'>esse</span> <span class='ocrx_word' id='word_1_205' title='bbox 1127 1610 1305 1654; x_wconf 86' lang='lat' dir='ltr'>oportere</span> <span class='ocrx_word' id='word_1_206' title='bbox 1325 1603 1571 1654; x_wconf 84' lang='lat' dir='ltr'>adoptiones,</span> <span class='ocrx_word' id='word_1_207' title='bbox 1587 1615 1674 1653; x_wconf 88' lang='lat' dir='ltr'>quae</span> <span class='ocrx_word' id='word_1_208' title='bbox 1694 1602 1794 1654; x_wconf 87' lang='lat' dir='ltr'>legi-</span> 
     </span>
     <span class='ocr_line' id='line_1_24' title="bbox 330 1664 1793 1713; baseline 0.001 -12"><span class='ocrx_word' id='word_1_209' title='bbox 330 1664 404 1701; x_wconf 89' lang='lat' dir='ltr'>bus</span> <span class='ocrx_word' id='word_1_210' title='bbox 438 1664 509 1702; x_wconf 90' lang='lat' dir='ltr'>rite</span> <span class='ocrx_word' id='word_1_211' title='bbox 544 1664 659 1702; x_wconf 80' lang='lat' dir='ltr'>factae</span> <span class='ocrx_word' id='word_1_212' title='bbox 693 1665 849 1703; x_wconf 86' lang='lat' dir='ltr'>fuerint.</span> <span class='ocrx_word' id='word_1_213' title='bbox 909 1666 1041 1707; x_wconf 81' lang='lat' dir='ltr'>Quare</span> <span class='ocrx_word' id='word_1_214' title='bbox 1070 1678 1154 1712; x_wconf 86' lang='lat' dir='ltr'>VOS,</span> <span class='ocrx_word' id='word_1_215' title='bbox 1171 1665 1311 1703; x_wconf 87' lang='lat' dir='ltr'>horum</span> <span class='ocrx_word' id='word_1_216' title='bbox 1342 1665 1680 1713; x_wconf 79' lang='lat' dir='ltr'>fundamentorum</span> <span class='ocrx_word' id='word_1_217' title='bbox 1711 1677 1793 1702; x_wconf 89' lang='lat' dir='ltr'>me-</span> 
     </span>
     <span class='ocr_line' id='line_1_25' title="bbox 331 1725 1793 1778; baseline 0.001 -17"><span class='ocrx_word' id='word_1_218' title='bbox 331 1737 471 1771; x_wconf 88' lang='lat' dir='ltr'>mores,</span> <span class='ocrx_word' id='word_1_219' title='bbox 491 1725 521 1762; x_wconf 87' lang='lat' dir='ltr'>si</span> <span class='ocrx_word' id='word_1_220' title='bbox 537 1725 779 1764; x_wconf 88' lang='lat' dir='ltr'>ostenderint</span> <span class='ocrx_word' id='word_1_221' title='bbox 807 1726 915 1764; x_wconf 92' lang='lat' dir='ltr'>vobis</span> <span class='ocrx_word' id='word_1_222' title='bbox 934 1725 1043 1776; x_wconf 90' lang='lat' dir='ltr'>leges</span> <span class='ocrx_word' id='word_1_223' title='bbox 1062 1739 1109 1763; x_wconf 86' lang='lat' dir='ltr'>ea</span> <span class='ocrx_word' id='word_1_224' title='bbox 1127 1726 1348 1777; x_wconf 87' lang='lat' dir='ltr'>permittere</span> <span class='ocrx_word' id='word_1_225' title='bbox 1368 1739 1455 1777; x_wconf 86' lang='lat' dir='ltr'>quae</span> <span class='ocrx_word' id='word_1_226' title='bbox 1482 1726 1554 1778; x_wconf 88' lang='lat' dir='ltr'>ipsi</span> <span class='ocrx_word' id='word_1_227' title='bbox 1588 1726 1793 1764; x_wconf 87' lang='lat' dir='ltr'>contestati</span> 
     </span>
     <span class='ocr_line' id='line_1_26' title="bbox 332 1786 1793 1838; baseline 0.001 -15"><span class='ocrx_word' id='word_1_228' title='bbox 332 1793 435 1832; x_wconf 83' lang='lat' dir='ltr'>sunt,</span> <span class='ocrx_word' id='word_1_229' title='bbox 458 1786 694 1825; x_wconf 89' lang='lat' dir='ltr'>decernitote</span> <span class='ocrx_word' id='word_1_230' title='bbox 713 1787 768 1825; x_wconf 88' lang='lat' dir='ltr'>eis</span> <span class='ocrx_word' id='word_1_231' title='bbox 794 1787 1084 1825; x_wconf 78' lang='lat' dir='ltr'>haereditatem:</span> <span class='ocrx_word' id='word_1_232' title='bbox 1124 1788 1179 1825; x_wconf 89' lang='lat' dir='ltr'>sin</span> <span class='ocrx_word' id='word_1_233' title='bbox 1198 1787 1354 1838; x_wconf 70' lang='lat' dir='ltr'>rlegibus</span> <span class='ocrx_word' id='word_1_234' title='bbox 1378 1787 1418 1825; x_wconf 93' lang='lat' dir='ltr'>id</span> <span class='ocrx_word' id='word_1_235' title='bbox 1446 1787 1604 1838; x_wconf 91' lang='lat' dir='ltr'>quidem</span> <span class='ocrx_word' id='word_1_236' title='bbox 1633 1787 1793 1826; x_wconf 88' lang='lat' dir='ltr'>demon-</span> 
     </span>
     <span class='ocr_line' id='line_1_27' title="bbox 331 1848 1794 1900; baseline 0.002 -15"><span class='ocrx_word' id='word_1_237' title='bbox 331 1854 450 1886; x_wconf 85' lang='lat' dir='ltr'>strare</span> <span class='ocrx_word' id='word_1_238' title='bbox 470 1861 549 1886; x_wconf 90' lang='lat' dir='ltr'>non</span> <span class='ocrx_word' id='word_1_239' title='bbox 568 1855 763 1900; x_wconf 89' lang='lat' dir='ltr'>poterunt,</span> <span class='ocrx_word' id='word_1_240' title='bbox 786 1849 853 1886; x_wconf 91' lang='lat' dir='ltr'>sed</span> <span class='ocrx_word' id='word_1_241' title='bbox 881 1862 994 1899; x_wconf 76' lang='lat' dir='ltr'>aequa</span> <span class='ocrx_word' id='word_1_242' title='bbox 1012 1855 1143 1886; x_wconf 90' lang='lat' dir='ltr'>tamen</span> <span class='ocrx_word' id='word_1_243' title='bbox 1162 1855 1201 1887; x_wconf 91' lang='lat' dir='ltr'>et</span> <span class='ocrx_word' id='word_1_244' title='bbox 1218 1848 1387 1888; x_wconf 87' lang='lat' dir='ltr'>humana</span> <span class='ocrx_word' id='word_1_245' title='bbox 1400 1849 1528 1887; x_wconf 85' lang='lat' dir='ltr'>dicere</span> <span class='ocrx_word' id='word_1_246' title='bbox 1547 1849 1794 1896; x_wconf 79' lang='lat' dir='ltr'>videbuntur,</span> 
     </span>
     <span class='ocr_line' id='line_1_28' title="bbox 330 1909 1795 1963; baseline 0.003 -17"><span class='ocrx_word' id='word_1_247' title='bbox 330 1909 445 1947; x_wconf 88' lang='lat' dir='ltr'>etiam</span> <span class='ocrx_word' id='word_1_248' title='bbox 465 1910 519 1948; x_wconf 89' lang='lat' dir='ltr'>sic</span> <span class='ocrx_word' id='word_1_249' title='bbox 534 1910 799 1949; x_wconf 90' lang='lat' dir='ltr'>concedimus.</span> <span class='ocrx_word' id='word_1_250' title='bbox 859 1911 912 1948; x_wconf 93' lang='lat' dir='ltr'>Ut</span> <span class='ocrx_word' id='word_1_251' title='bbox 930 1917 1059 1948; x_wconf 88' lang='lat' dir='ltr'>autem</span> <span class='ocrx_word' id='word_1_252' title='bbox 1077 1910 1206 1949; x_wconf 85' lang='lat' dir='ltr'>sciatis</span> <span class='ocrx_word' id='word_1_253' title='bbox 1226 1924 1296 1949; x_wconf 89' lang='lat' dir='ltr'>nos</span> <span class='ocrx_word' id='word_1_254' title='bbox 1314 1924 1456 1963; x_wconf 88' lang='lat' dir='ltr'>genere</span> <span class='ocrx_word' id='word_1_255' title='bbox 1478 1924 1564 1949; x_wconf 88' lang='lat' dir='ltr'>esse</span> <span class='ocrx_word' id='word_1_256' title='bbox 1583 1911 1795 1962; x_wconf 86' lang='lat' dir='ltr'>proximos,</span> 
     </span>
     <span class='ocr_line' id='line_1_29' title="bbox 331 1972 1795 2025; baseline 0.001 -14"><span class='ocrx_word' id='word_1_257' title='bbox 331 1986 456 2024; x_wconf 88' lang='lat' dir='ltr'>neque</span> <span class='ocrx_word' id='word_1_258' title='bbox 477 1986 523 2011; x_wconf 91' lang='lat' dir='ltr'>eo</span> <span class='ocrx_word' id='word_1_259' title='bbox 544 1974 613 2011; x_wconf 89' lang='lat' dir='ltr'>niti</span> <span class='ocrx_word' id='word_1_260' title='bbox 642 1972 781 2020; x_wconf 91' lang='lat' dir='ltr'>solum,</span> <span class='ocrx_word' id='word_1_261' title='bbox 802 1973 871 2011; x_wconf 89' lang='lat' dir='ltr'>sed</span> <span class='ocrx_word' id='word_1_262' title='bbox 892 1979 931 2010; x_wconf 90' lang='lat' dir='ltr'>et</span> <span class='ocrx_word' id='word_1_263' title='bbox 959 1973 1109 2011; x_wconf 82' lang='lat' dir='ltr'>caeteris</span> <span class='ocrx_word' id='word_1_264' title='bbox 1134 1973 1325 2021; x_wconf 88' lang='lat' dir='ltr'>omnibus,</span> <span class='ocrx_word' id='word_1_265' title='bbox 1344 1973 1508 2025; x_wconf 88' lang='lat' dir='ltr'>primum</span> <span class='ocrx_word' id='word_1_266' title='bbox 1536 1985 1602 2011; x_wconf 91' lang='lat' dir='ltr'>vos</span> <span class='ocrx_word' id='word_1_267' title='bbox 1628 1973 1677 2011; x_wconf 91' lang='lat' dir='ltr'>de</span> <span class='ocrx_word' id='word_1_268' title='bbox 1709 1973 1795 2025; x_wconf 88' lang='lat' dir='ltr'>ipso</span> 
     </span>
     <span class='ocr_line' id='line_1_30' title="bbox 331 2034 1794 2085; baseline 0.001 -12"><span class='ocrx_word' id='word_1_269' title='bbox 331 2047 475 2085; x_wconf 79' lang='lat' dir='ltr'>genere</span> <span class='ocrx_word' id='word_1_270' title='bbox 503 2035 745 2082; x_wconf 79' lang='lat' dir='ltr'>docebimus,</span> <span class='ocrx_word' id='word_1_271' title='bbox 777 2035 882 2074; x_wconf 91' lang='lat' dir='ltr'>unde</span> <span class='ocrx_word' id='word_1_272' title='bbox 914 2035 1122 2074; x_wconf 69' lang='lat' dir='ltr'>haereditas</span> <span class='ocrx_word' id='word_1_273' title='bbox 1158 2042 1244 2074; x_wconf 89' lang='lat' dir='ltr'>est:</span> <span class='ocrx_word' id='word_1_274' title='bbox 1279 2035 1459 2074; x_wconf 86' lang='lat' dir='ltr'>existimo</span> <span class='ocrx_word' id='word_1_275' title='bbox 1493 2035 1610 2082; x_wconf 89' lang='lat' dir='ltr'>enim,</span> <span class='ocrx_word' id='word_1_276' title='bbox 1624 2034 1662 2073; x_wconf 84' lang='lat' dir='ltr'>si</span> <span class='ocrx_word' id='word_1_277' title='bbox 1691 2035 1794 2074; x_wconf 89' lang='lat' dir='ltr'>hanc</span> 
     </span>
     <span class='ocr_line' id='line_1_31' title="bbox 330 2097 1795 2150; baseline -0.001 -14"><span class='ocrx_word' id='word_1_278' title='bbox 330 2110 458 2137; x_wconf 83' lang='lat' dir='ltr'>causae</span> <span class='ocrx_word' id='word_1_279' title='bbox 491 2106 639 2150; x_wconf 87' lang='lat' dir='ltr'>partem</span> <span class='ocrx_word' id='word_1_280' title='bbox 673 2098 820 2149; x_wconf 89' lang='lat' dir='ltr'>liquido</span> <span class='ocrx_word' id='word_1_281' title='bbox 847 2098 1121 2149; x_wconf 86' lang='lat' dir='ltr'>cognoveritis,</span> <span class='ocrx_word' id='word_1_282' title='bbox 1140 2097 1223 2137; x_wconf 91' lang='lat' dir='ltr'>fore</span> <span class='ocrx_word' id='word_1_283' title='bbox 1249 2105 1294 2137; x_wconf 86' lang='lat' dir='ltr'>ut</span> <span class='ocrx_word' id='word_1_284' title='bbox 1323 2111 1398 2137; x_wconf 89' lang='lat' dir='ltr'>nec</span> <span class='ocrx_word' id='word_1_285' title='bbox 1428 2103 1656 2136; x_wconf 84' lang='lat' dir='ltr'>caeterorum</span> <span class='ocrx_word' id='word_1_286' title='bbox 1686 2097 1795 2149; x_wconf 89' lang='lat' dir='ltr'>quic—</span> 
     </span>
     <span class='ocr_line' id='line_1_32' title="bbox 329 2167 776 2212; baseline 0.002 -15"><span class='ocrx_word' id='word_1_287' title='bbox 329 2173 448 2210; x_wconf 89' lang='lat' dir='ltr'>quam</span> <span class='ocrx_word' id='word_1_288' title='bbox 466 2174 534 2199; x_wconf 86' lang='lat' dir='ltr'>vos</span> <span class='ocrx_word' id='word_1_289' title='bbox 561 2167 776 2212; x_wconf 84' lang='lat' dir='ltr'>praetereat.</span> 
     </span>
    </p>

    <p class='ocr_par' dir='ltr' id='par_1_4' title="bbox 325 2222 1795 2960">
     <span class='ocr_line' id='line_1_33' title="bbox 382 2222 1792 2276; baseline 0.001 -17"><span class='ocrx_word' id='word_1_290' title='bbox 382 2226 421 2259; x_wconf 83' lang='lat'>4.</span> <span class='ocrx_word' id='word_1_291' title='bbox 452 2222 662 2274; x_wconf 87' lang='lat' dir='ltr'>Principio,</span> <span class='ocrx_word' id='word_1_292' title='bbox 683 2224 705 2261; x_wconf 87' lang='lat' dir='ltr'>J</span> <span class='ocrx_word' id='word_1_293' title='bbox 711 2223 858 2270; x_wconf 89' lang='lat' dir='ltr'>udices,</span> <span class='ocrx_word' id='word_1_294' title='bbox 879 2223 960 2262; x_wconf 88' lang='lat' dir='ltr'>nati</span> <span class='ocrx_word' id='word_1_295' title='bbox 981 2228 1073 2261; x_wconf 91' lang='lat' dir='ltr'>sunt</span> <span class='ocrx_word' id='word_1_296' title='bbox 1093 2223 1365 2276; x_wconf 86' lang='lat' dir='ltr'>Euthymacho</span> <span class='ocrx_word' id='word_1_297' title='bbox 1386 2223 1599 2276; x_wconf 86' lang='lat' dir='ltr'>Otrynensi</span> <span class='ocrx_word' id='word_1_298' title='bbox 1617 2222 1685 2261; x_wconf 90' lang='lat' dir='ltr'>filii</span> <span class='ocrx_word' id='word_1_299' title='bbox 1703 2228 1792 2270; x_wconf 90' lang='lat' dir='ltr'>tres,</span> 
     </span>
     <span class='ocr_line' id='line_1_34' title="bbox 330 2285 1793 2338; baseline 0.001 -16"><span class='ocrx_word' id='word_1_300' title='bbox 330 2285 557 2336; x_wconf 86' lang='lat' dir='ltr'>Midylides‚</span> <span class='ocrx_word' id='word_1_301' title='bbox 575 2286 809 2338; x_wconf 84' lang='lat' dir='ltr'>Archippus,</span> <span class='ocrx_word' id='word_1_302' title='bbox 830 2286 1057 2331; x_wconf 84' lang='lat' dir='ltr'>Archiades,</span> <span class='ocrx_word' id='word_1_303' title='bbox 1079 2294 1120 2324; x_wconf 90' lang='lat' dir='ltr'>et</span> <span class='ocrx_word' id='word_1_304' title='bbox 1133 2286 1212 2324; x_wconf 85' lang='lat' dir='ltr'>filia</span> <span class='ocrx_word' id='word_1_305' title='bbox 1231 2287 1294 2326; x_wconf 92' lang='lat' dir='ltr'>cui</span> <span class='ocrx_word' id='word_1_306' title='bbox 1314 2299 1457 2325; x_wconf 89' lang='lat' dir='ltr'>nomen</span> <span class='ocrx_word' id='word_1_307' title='bbox 1477 2285 1552 2329; x_wconf 89' lang='lat' dir='ltr'>fuit</span> <span class='ocrx_word' id='word_1_308' title='bbox 1570 2285 1793 2324; x_wconf 90' lang='lat' dir='ltr'>Archidice.</span> 
     </span>
     <span class='ocr_line' id='line_1_35' title="bbox 327 2346 1795 2398; baseline 0.002 -15"><span class='ocrx_word' id='word_1_309' title='bbox 327 2346 383 2383; x_wconf 92' lang='lat' dir='ltr'>Hi</span> <span class='ocrx_word' id='word_1_310' title='bbox 399 2354 508 2398; x_wconf 90' lang='lat' dir='ltr'>patre</span> <span class='ocrx_word' id='word_1_311' title='bbox 529 2348 726 2398; x_wconf 84' lang='lat' dir='ltr'>defuncto,</span> <span class='ocrx_word' id='word_1_312' title='bbox 748 2347 981 2386; x_wconf 89' lang='lat' dir='ltr'>Archidicen</span> <span class='ocrx_word' id='word_1_313' title='bbox 1007 2348 1209 2388; x_wconf 87' lang='lat' dir='ltr'>Leostrato</span> <span class='ocrx_word' id='word_1_314' title='bbox 1240 2348 1440 2386; x_wconf 88' lang='lat' dir='ltr'>Eleusinio</span> <span class='ocrx_word' id='word_1_315' title='bbox 1467 2347 1674 2386; x_wconf 86' lang='lat' dir='ltr'>collocant.</span> <span class='ocrx_word' id='word_1_316' title='bbox 1733 2348 1795 2386; x_wconf 87' lang='lat' dir='ltr'>Ex</span> 
     </span>
     <span class='ocr_line' id='line_1_36' title="bbox 328 2408 1793 2464; baseline 0.003 -18"><span class='ocrx_word' id='word_1_317' title='bbox 328 2408 421 2460; x_wconf 86' lang='lat' dir='ltr'>ipsis</span> <span class='ocrx_word' id='word_1_318' title='bbox 440 2423 530 2447; x_wconf 87' lang='lat' dir='ltr'>vero</span> <span class='ocrx_word' id='word_1_319' title='bbox 550 2411 671 2448; x_wconf 84' lang='lat' dir='ltr'>tribus</span> <span class='ocrx_word' id='word_1_320' title='bbox 692 2410 910 2462; x_wconf 90' lang='lat' dir='ltr'>Archippus</span> <span class='ocrx_word' id='word_1_321' title='bbox 930 2411 1070 2449; x_wconf 87' lang='lat' dir='ltr'>triremi</span> <span class='ocrx_word' id='word_1_322' title='bbox 1084 2411 1293 2464; x_wconf 78' lang='lat' dir='ltr'>praefectus</span> <span class='ocrx_word' id='word_1_323' title='bbox 1306 2410 1547 2462; x_wconf 84' lang='lat' dir='ltr'>Methymnae</span> <span class='ocrx_word' id='word_1_324' title='bbox 1563 2409 1666 2448; x_wconf 84' lang='lat' dir='ltr'>diem</span> <span class='ocrx_word' id='word_1_325' title='bbox 1685 2409 1793 2450; x_wconf 90' lang='lat' dir='ltr'>obiit.</span> 
     </span>
     <span class='ocr_line' id='line_1_37' title="bbox 329 2470 1795 2524; baseline 0 -15"><span class='ocrx_word' id='word_1_326' title='bbox 329 2470 543 2523; x_wconf 86' lang='lat' dir='ltr'>Midylides</span> <span class='ocrx_word' id='word_1_327' title='bbox 575 2485 654 2510; x_wconf 89' lang='lat' dir='ltr'>non</span> <span class='ocrx_word' id='word_1_328' title='bbox 682 2472 803 2510; x_wconf 81' lang='lat' dir='ltr'>multo</span> <span class='ocrx_word' id='word_1_329' title='bbox 836 2480 923 2524; x_wconf 90' lang='lat' dir='ltr'>post</span> <span class='ocrx_word' id='word_1_330' title='bbox 951 2479 1125 2524; x_wconf 89' lang='lat' dir='ltr'>tempore</span> <span class='ocrx_word' id='word_1_331' title='bbox 1151 2472 1260 2511; x_wconf 90' lang='lat' dir='ltr'>ducit</span> <span class='ocrx_word' id='word_1_332' title='bbox 1291 2471 1611 2518; x_wconf 84' lang='lat' dir='ltr'>Mnesimacham‚</span> <span class='ocrx_word' id='word_1_333' title='bbox 1634 2471 1795 2523; x_wconf 88' lang='lat' dir='ltr'>Lysippi</span> 
     </span>
     <span class='ocr_line' id='line_1_38' title="bbox 328 2533 1794 2586; baseline 0.001 -16"><span class='ocrx_word' id='word_1_334' title='bbox 328 2534 524 2573; x_wconf 89' lang='lat' dir='ltr'>Crioensis</span> <span class='ocrx_word' id='word_1_335' title='bbox 544 2535 674 2581; x_wconf 87' lang='lat' dir='ltr'>filiam,</span> <span class='ocrx_word' id='word_1_336' title='bbox 697 2535 811 2586; x_wconf 90' lang='lat' dir='ltr'>eique</span> <span class='ocrx_word' id='word_1_337' title='bbox 832 2535 912 2573; x_wconf 87' lang='lat' dir='ltr'>filia</span> <span class='ocrx_word' id='word_1_338' title='bbox 931 2536 1102 2574; x_wconf 87' lang='lat' dir='ltr'>nascitur</span> <span class='ocrx_word' id='word_1_339' title='bbox 1121 2535 1278 2574; x_wconf 91' lang='lat' dir='ltr'>nomine</span> <span class='ocrx_word' id='word_1_340' title='bbox 1309 2533 1567 2582; x_wconf 88' lang='lat' dir='ltr'>Clitomacha,</span> <span class='ocrx_word' id='word_1_341' title='bbox 1586 2546 1703 2585; x_wconf 91' lang='lat' dir='ltr'>quam</span> <span class='ocrx_word' id='word_1_342' title='bbox 1728 2533 1794 2571; x_wconf 91' lang='lat' dir='ltr'>ille</span> 
     </span>
     <span class='ocr_line' id='line_1_39' title="bbox 327 2595 1793 2648; baseline -0.001 -14"><span class='ocrx_word' id='word_1_343' title='bbox 327 2596 450 2635; x_wconf 89' lang='lat' dir='ltr'>voluit</span> <span class='ocrx_word' id='word_1_344' title='bbox 466 2597 574 2635; x_wconf 84' lang='lat' dir='ltr'>fratri</span> <span class='ocrx_word' id='word_1_345' title='bbox 601 2611 670 2635; x_wconf 93' lang='lat' dir='ltr'>suo</span> <span class='ocrx_word' id='word_1_346' title='bbox 691 2598 756 2648; x_wconf 88' lang='lat' dir='ltr'>qui</span> <span class='ocrx_word' id='word_1_347' title='bbox 777 2597 922 2636; x_wconf 89' lang='lat' dir='ltr'>coelebs</span> <span class='ocrx_word' id='word_1_348' title='bbox 943 2605 1026 2637; x_wconf 85' lang='lat' dir='ltr'>erat</span> <span class='ocrx_word' id='word_1_349' title='bbox 1046 2599 1151 2636; x_wconf 85' lang='lat' dir='ltr'>dare.</span> <span class='ocrx_word' id='word_1_350' title='bbox 1209 2598 1308 2635; x_wconf 87' lang='lat' dir='ltr'>Cum</span> <span class='ocrx_word' id='word_1_351' title='bbox 1329 2603 1457 2636; x_wconf 84' lang='lat' dir='ltr'>autem</span> <span class='ocrx_word' id='word_1_352' title='bbox 1478 2595 1693 2634; x_wconf 88' lang='lat' dir='ltr'>Archiades</span> <span class='ocrx_word' id='word_1_353' title='bbox 1719 2595 1793 2634; x_wconf 85' lang='lat' dir='ltr'>sibi</span> 
     </span>
     <span class='ocr_line' id='line_1_40' title="bbox 327 2655 1792 2711; baseline -0.001 -15"><span class='ocrx_word' id='word_1_354' title='bbox 327 2671 407 2697; x_wconf 85' lang='lat' dir='ltr'>non</span> <span class='ocrx_word' id='word_1_355' title='bbox 428 2672 512 2698; x_wconf 91' lang='lat' dir='ltr'>esse</span> <span class='ocrx_word' id='word_1_356' title='bbox 531 2659 568 2696; x_wconf 90' lang='lat' dir='ltr'>in</span> <span class='ocrx_word' id='word_1_357' title='bbox 590 2659 718 2698; x_wconf 88' lang='lat' dir='ltr'>animo</span> <span class='ocrx_word' id='word_1_358' title='bbox 738 2673 897 2697; x_wconf 89' lang='lat' dir='ltr'>uxorem</span> <span class='ocrx_word' id='word_1_359' title='bbox 918 2660 1060 2711; x_wconf 75' lang='lat' dir='ltr'>ducere</span> <span class='ocrx_word' id='word_1_360' title='bbox 1081 2660 1241 2705; x_wconf 89' lang='lat' dir='ltr'>diceret,</span> <span class='ocrx_word' id='word_1_361' title='bbox 1262 2659 1334 2698; x_wconf 85' lang='lat' dir='ltr'>sed</span> <span class='ocrx_word' id='word_1_362' title='bbox 1361 2664 1401 2697; x_wconf 89' lang='lat' dir='ltr'>et</span> <span class='ocrx_word' id='word_1_363' title='bbox 1417 2655 1689 2710; x_wconf 85' lang='lat' dir='ltr'>patrimonium</span> <span class='ocrx_word' id='word_1_364' title='bbox 1705 2670 1792 2709; x_wconf 92' lang='lat' dir='ltr'>pro-</span> 
     </span>
     <span class='ocr_line' id='line_1_41' title="bbox 326 2718 1794 2773; baseline -0.001 -15"><span class='ocrx_word' id='word_1_365' title='bbox 326 2726 460 2770; x_wconf 87' lang='lat' dir='ltr'>pterea</span> <span class='ocrx_word' id='word_1_366' title='bbox 478 2721 685 2760; x_wconf 85' lang='lat' dir='ltr'>indivisum</span> <span class='ocrx_word' id='word_1_367' title='bbox 702 2735 785 2760; x_wconf 89' lang='lat' dir='ltr'>esse</span> <span class='ocrx_word' id='word_1_368' title='bbox 806 2735 962 2773; x_wconf 85' lang='lat' dir='ltr'>passus,</span> <span class='ocrx_word' id='word_1_369' title='bbox 983 2722 1144 2760; x_wconf 86' lang='lat' dir='ltr'>seorsim</span> <span class='ocrx_word' id='word_1_370' title='bbox 1159 2721 1351 2761; x_wconf 87' lang='lat' dir='ltr'>Salamine</span> <span class='ocrx_word' id='word_1_371' title='bbox 1379 2720 1596 2763; x_wconf 84' lang='lat' dir='ltr'>habitaret:</span> <span class='ocrx_word' id='word_1_372' title='bbox 1627 2718 1684 2757; x_wconf 89' lang='lat' dir='ltr'>sic</span> <span class='ocrx_word' id='word_1_373' title='bbox 1708 2725 1794 2758; x_wconf 86' lang='lat' dir='ltr'>tan-</span> 
     </span>
     <span class='ocr_line' id='line_1_42' title="bbox 327 2780 1792 2838; baseline 0.001 -20"><span class='ocrx_word' id='word_1_374' title='bbox 327 2780 418 2820; x_wconf 87' lang='lat' dir='ltr'>dem</span> <span class='ocrx_word' id='word_1_375' title='bbox 446 2783 659 2835; x_wconf 84' lang='lat' dir='ltr'>Midylides</span> <span class='ocrx_word' id='word_1_376' title='bbox 694 2797 803 2822; x_wconf 87' lang='lat' dir='ltr'>suam</span> <span class='ocrx_word' id='word_1_377' title='bbox 837 2783 953 2821; x_wconf 82' lang='lat' dir='ltr'>filiam</span> <span class='ocrx_word' id='word_1_378' title='bbox 982 2783 1181 2822; x_wconf 86' lang='lat' dir='ltr'>Aristoteli</span> <span class='ocrx_word' id='word_1_379' title='bbox 1210 2783 1431 2821; x_wconf 85' lang='lat' dir='ltr'>Pallenensi</span> <span class='ocrx_word' id='word_1_380' title='bbox 1463 2780 1691 2834; x_wconf 88' lang='lat' dir='ltr'>despondet,</span> <span class='ocrx_word' id='word_1_381' title='bbox 1720 2794 1792 2838; x_wconf 81' lang='lat' dir='ltr'>avo</span> 
     </span>
     <span class='ocr_line' id='line_1_43' title="bbox 327 2843 1794 2897; baseline 0.001 -16"><span class='ocrx_word' id='word_1_382' title='bbox 327 2856 428 2891; x_wconf 88' lang='lat' dir='ltr'>meo,</span> <span class='ocrx_word' id='word_1_383' title='bbox 446 2858 467 2882; x_wconf 89' lang='lat' dir='ltr'>e</span> <span class='ocrx_word' id='word_1_384' title='bbox 487 2859 566 2896; x_wconf 92' lang='lat' dir='ltr'>quo</span> <span class='ocrx_word' id='word_1_385' title='bbox 582 2852 795 2885; x_wconf 86' lang='lat' dir='ltr'>nascuntur</span> <span class='ocrx_word' id='word_1_386' title='bbox 811 2845 882 2884; x_wconf 81' lang='lat' dir='ltr'>filii</span> <span class='ocrx_word' id='word_1_387' title='bbox 913 2853 1003 2892; x_wconf 78' lang='lat' dir='ltr'>tres,</span> <span class='ocrx_word' id='word_1_388' title='bbox 1029 2846 1305 2885; x_wconf 86' lang='lat' dir='ltr'>Aristodemus</span> <span class='ocrx_word' id='word_1_389' title='bbox 1330 2851 1439 2897; x_wconf 82' lang='lat' dir='ltr'>pater</span> <span class='ocrx_word' id='word_1_390' title='bbox 1469 2843 1533 2882; x_wconf 87' lang='lat' dir='ltr'>hic</span> <span class='ocrx_word' id='word_1_391' title='bbox 1562 2856 1686 2891; x_wconf 89' lang='lat' dir='ltr'>meus,</span> <span class='ocrx_word' id='word_1_392' title='bbox 1711 2843 1794 2882; x_wconf 89' lang='lat' dir='ltr'>Ha-</span> 
     </span>
     <span class='ocr_line' id='line_1_44' title="bbox 325 2905 1365 2960; baseline 0.003 -18"><span class='ocrx_word' id='word_1_393' title='bbox 325 2905 534 2945; x_wconf 83' lang='lat' dir='ltr'>bronichus</span> <span class='ocrx_word' id='word_1_394' title='bbox 554 2915 730 2959; x_wconf 85' lang='lat' dir='ltr'>patruus,</span> <span class='ocrx_word' id='word_1_395' title='bbox 751 2913 791 2947; x_wconf 93' lang='lat' dir='ltr'>et</span> <span class='ocrx_word' id='word_1_396' title='bbox 807 2908 1023 2960; x_wconf 86' lang='lat' dir='ltr'>-Midylides</span> <span class='ocrx_word' id='word_1_397' title='bbox 1043 2909 1107 2959; x_wconf 91' lang='lat' dir='ltr'>qui</span> <span class='ocrx_word' id='word_1_398' title='bbox 1134 2921 1238 2947; x_wconf 90' lang='lat' dir='ltr'>nunc</span> <span class='ocrx_word' id='word_1_399' title='bbox 1257 2907 1365 2946; x_wconf 90' lang='lat' dir='ltr'>obiit.</span> 
     </span>
    </p>

    <p class='ocr_par' dir='ltr' id='par_1_5' title="bbox 380 2967 1793 3023">
     <span class='ocr_line' id='line_1_45' title="bbox 380 2967 1793 3023; baseline 0.001 -19"><span class='ocrx_word' id='word_1_400' title='bbox 380 2969 419 3005; x_wconf 83' lang='lat'>5.</span> <span class='ocrx_word' id='word_1_401' title='bbox 451 2969 508 3007; x_wconf 92' lang='lat' dir='ltr'>Ac</span> <span class='ocrx_word' id='word_1_402' title='bbox 528 2970 681 3020; x_wconf 85' lang='lat' dir='ltr'>generis</span> <span class='ocrx_word' id='word_1_403' title='bbox 707 2970 865 3022; x_wconf 89' lang='lat' dir='ltr'>quidem</span> <span class='ocrx_word' id='word_1_404' title='bbox 894 2970 1014 3010; x_wconf 86' lang='lat' dir='ltr'>nostri</span> <span class='ocrx_word' id='word_1_405' title='bbox 1033 2969 1316 3023; x_wconf 82' lang='lat' dir='ltr'>propinquitas,</span> <span class='ocrx_word' id='word_1_406' title='bbox 1335 2969 1372 3008; x_wconf 92' lang='lat' dir='ltr'>in</span> <span class='ocrx_word' id='word_1_407' title='bbox 1395 2981 1472 3021; x_wconf 93' lang='lat' dir='ltr'>quo</span> <span class='ocrx_word' id='word_1_408' title='bbox 1492 2974 1554 3008; x_wconf 86' lang='lat' dir='ltr'>est</span> <span class='ocrx_word' id='word_1_409' title='bbox 1571 2967 1793 3013; x_wconf 72' lang='lat' dir='ltr'>haereditas,</span> 
     </span>
    </p>
   </div>
   <div class='ocr_carea' id='block_1_3' title="bbox 1929 2236 1948 3306">
    <p class='ocr_par' dir='ltr' id='par_1_6' title="bbox 1929 2236 1948 3306">
     <span class='ocr_line' id='line_1_46' title="bbox 1929 2236 1948 3306; baseline 0 0"><span class='ocrx_word' id='word_1_410' title='bbox 1929 2236 1948 3306; x_wconf 95' lang='lat' dir='ltr'> </span> 
     </span>
    </p>
   </div>
  </div>
 </body>
</html>
