1915 3356
569 189 793 230 CONTRA
825 192 1188 233 TIMARCHUM.
1589 202 1614 238 9

141 299 219 324 non
239 294 364 338 potes,
381 302 430 328 ne
446 292 652 330 consilium
667 293 824 344 quidem
846 294 938 332 dare
953 295 1061 332 velis·
1092 296 1222 335 Tertio
1239 311 1327 336 curn
1346 299 1485 350 quibus
1506 301 1614 351 agit?

141 347 193 386 Si
230 350 360 399 quis,
386 351 533 403 inquit,
581 356 785 393 meretri
803 356 931 393 cium
979 364 1236 407 quaestum
1278 361 1481 398 fecerit
1522 375 1616 406 aut,

137 410 463 460 pudicitiam
499 417 862 466 prostituerit.
904 416 1005 455 Nam
1028 419 1093 468 qui
1123 432 1236 456 suum
1265 435 1405 472 corpus
1427 424 1476 460 ad
1497 423 1610 474 igno-

137 470 295 510 miniam
313 475 541 522 vendiderit,
562 490 648 514 eum
670 477 783 514 etiam
803 477 1029 528 reipublicae
1050 481 1207 531 negotia
1229 482 1342 520 facile
1365 484 1609 522 venditurum

137 535 301 582 putavit.
332 537 482 578 Quarto
499 537 598 583 loco,
614 550 701 574 cum
718 537 858 587 quibus
880 538 987 589 agit?
1019 539 1071 577 Si
1105 554 1162 590 qu
1178 541 1218 579 is
1246 544 1608 592 patrimonium,

138 601 230 632 aut
259 595 579 635 hereditaria
607 599 755 643 bona,
790 611 876 649 per
908 600 1078 637 luxum
1108 601 1470 652 absumpserit.
1503 605 1607 643 Nam

136 655 201 704 qui
229 669 339 694 suam
369 658 554 696 familiam
573 660 673 697 male
701 660 989 708 administrarit,
1020 663 1157 700 eodem
1188 664 1303 701 modo
1327 665 1607 715 rempublicam

134 716 250 753 etiam
271 725 495 755 curaturum
515 721 678 759 censuit.
724 721 861 772 Neque
889 724 970 760 fieri
991 737 1106 774 posse
1132 725 1364 763 existimavit
1389 727 1605 776 legislator,

131 784 176 814 ut
201 777 306 816 idem
333 779 450 817 homo
477 787 515 818 et
540 782 716 832 privatim
746 790 847 821 esset
872 784 1083 834 improbus,
1103 792 1151 823 et.
1168 787 1325 835 publice
1351 789 1508 826 bonus:
1539 796 1607 826 aut

130 839 283 886 decere,
305 847 348 878 ut
376 849 503 880 orator
533 851 761 893 suggestum
786 847 1080 891 conscenderet,
1111 848 1177 897 qui
1197 848 1378 886 orationis
1408 849 1603 887 habendae

128 900 234 951 prius
254 915 371 952 quam
391 903 582 954 degendae
598 905 686 941 vitae
705 906 893 943 rationem
915 907 1101 945 duxisset.
1136 908 1239 946 Nam
1259 909 1328 945 viri
1347 910 1440 947 boni
1457 911 1601 948 oratio-

127 975 218 1000 nem
237 964 412 1013 quamvis
433 965 592 1012 nudam,
613 967 790 1016 quamvis
820 967 1047 1018 simplicem,
1069 969 1309 1008 auditoribus
1330 971 1600 1021 profuturam:

127 1015 294 1063 hominis
310 1034 437 1064 autem
456 1027 633 1078 improbi,
651 1028 715 1078 qui
734 1034 774 1065 et
788 1041 928 1080 corpus
942 1043 1054 1067 suum
1068 1031 1158 1068 risui
1174 1032 1409 1081 exposuerit,
1427 1041 1464 1070 et
1481 1034 1600 1084 patri-

125 1086 298 1124 monium
311 1088 472 1139 turpiter
489 1088 696 1134 devorarit,
712 1091 966 1139 quantumvis
983 1098 1171 1137 ornatam,
1188 1105 1267 1129 non
1289 1106 1309 1130 e
1331 1107 1370 1131 re
1386 1094 1466 1131 fore
1488 1095 1598 1132 audi-

123 1152 263 1186 torum.
317 1149 401 1187 Hos
430 1163 524 1200 ergo
559 1150 709 1200 repellit
730 1164 753 1188 a
776 1159 989 1202 suggestu:
1020 1152 1079 1189 his
1103 1153 1356 1192 concionibus
1383 1154 1594 1195 interdicit.

126 1209 245 1251 Quod
260 1209 290 1246 si
307 1211 394 1260 quis
411 1218 547 1249 contra
560 1211 660 1259 haec,
677 1225 754 1250 non
775 1219 924 1251 tantum
945 1215 1063 1251 verba
1082 1214 1212 1261 faciat,
1236 1215 1305 1253 sed
1325 1224 1364 1254 et
1382 1216 1594 1256 calumnia-

124 1277 246 1308 torem
267 1278 371 1322 agat,
391 1279 430 1310 et
461 1272 681 1324 petulanter
708 1287 796 1311 sese
817 1281 940 1325 gerat,
962 1282 1006 1312 ut
1037 1289 1126 1313 eum
1153 1276 1289 1314 civitas
1320 1278 1465 1315 diutius
1494 1279 1593 1317 ferre

123 1345 203 1370 non
234 1334 380 1383 possit:
419 1333 472 1371 in
509 1347 632 1380 eum,
678 1335 816 1386 inquit,
862 1336 1053 1374 civium
1091 1337 1345 1387 quilibet,
1393 1339 1473 1376 eui
1511 1340 1591 1378 fas

122 1400 212 1439 est,
260 1395 557 1441 censoriam
598 1396 859 1434 actionem
906 1397 1195 1435 instituat:
1225 1412 1372 1450 vosque
1395 1399 1509 1450 jubet
1542 1401 1591 1451 de

120 1461 166 1492 eo
179 1455 262 1506 jam
281 1469 352 1507 pro
372 1456 555 1495 tribunali
581 1456 802 1495 decernere.
851 1459 936 1508 Ego
956 1460 1086 1510 itaque
1106 1472 1212 1498 nunc
1233 1473 1280 1498 ex
1301 1474 1346 1498 ac
1370 1460 1458 1511 lege
1478 1463 1590 1501 venio

121 1516 171 1554 ad
186 1529 269 1554 vos.
663 1559 665 1562 ,
772 1553 779 1562 ,

174 1579 211 1616 8.
243 1578 294 1616 Et
317 1578 403 1617 haec
433 1579 589 1629 quidem
617 1579 705 1616 olim
736 1580 885 1617 sancita
911 1588 1014 1625 sunt,
1041 1595 1117 1629 vos¹
1132 1594 1221 1619 vero
1241 1582 1335 1631 quid
1364 1583 1588 1634 adjecistis?

117 1639 270 1678 Novam
288 1640 428 1690 legem,
445 1647 531 1690 post
545 1640 687 1678 bellam
702 1641 810 1678 istius
825 1653 895 1691 pro
912 1641 1098 1680 concione
1114 1643 1274 1680 luctam.
1306 1643 1466 1682 Summo
1484 1645 1586 1683 enim

113 1701 164 1739 ob
184 1701 288 1739 istud
309 1701 460 1740 facinus
487 1702 634 1752 pudore
663 1701 804 1746 affecti,
832 1702 957 1753 legem
986 1703 1126 1741 tulistis
1157 1717 1323 1742 novam:
1354 1706 1392 1742 in
1423 1707 1585 1757 singulis

113 1763 366 1801 concionibus
387 1763 524 1801 sortito
545 1763 828 1801 decernendam
855 1777 942 1802 esse
964 1765 1119 1814 tribum,
1140 1779 1226 1816 quae
1245 1767 1458 1816 praesideat
1481 1769 1583 1807 circa

112 1831 352 1876 suggestum.
384 1825 435 1862 Et
450 1825 541 1875 quid
558 1825 656 1875 legis
675 1825 959 1873 auctorjussit?
981 1827 1125 1864 Sedere
1141 1827 1302 1865 tribules
1318 1835 1357 1866 et
1370 1829 1582 1869 defendere

110 1887 220 1938 leges
251 1892 366 1936 atque
395 1886 698 1937 rempublicam:
730 1886 835 1936 quod
863 1886 935 1924 nisi
966 1887 1144 1925 alicunde
1174 1889 1320 1926 auxilia
1348 1897 1483 1928 contra
1511 1891 1581 1929 ho-

110 1947 233 1986 mines
251 1948 312 1985 his
332 1947 504 1985 moribus
525 1946 704 1998 praeditos
734 1948 1063 1993 accersiverimus‚
1093 1962 1141 1987 ne
1163 1949 1403 1987 deliberandi
1423 1951 1581 2002 quidem

111 2009 349 2061 gravissimis
365 2009 412 2046 de
432 2010 546 2046 rebus
566 2008 793 2046 facultatem
810 2009 930 2046 simus
951 2009 1130 2047 habituri.
1163 2010 1293 2048 Inanis
1312 2018 1441 2048 autem
1462 2025 1581 2063 opera

110 2072 289 2117 sumitur,
311 2070 584 2114 Athenienses,
613 2070 645 2107 si
665 2070 762 2108 tales
790 2070 966 2108 homines
987 2071 1222 2110 clamoribus
1244 2085 1266 2110 a
1288 2080 1478 2124 suggestu
1508 2075 1576 2113 de—

107 2133 252 2184 pellere
273 2131 659 2181 studeatis‚—neque
679 2131 779 2169 enim
801 2145 866 2169 eos
894 2132 1084 2182 pudet—,
1114 2133 1184 2170 sed
1215 2134 1414 2184 suppliciis
1444 2148 1576 2175 eorum

106 2192 353 2231 consuetudo
373 2199 435 2230 est
454 2193 685 2230 coercenda.
728 2192 829 2229 Nam
850 2193 903 2230 ita
917 2192 1073 2230 demum
1093 2194 1181 2231 ferri
1207 2202 1388 2244 possunt.
1418 2196 1576 2236 Recita-

105 2255 251 2292 buntur
268 2253 385 2304 igitur
403 2254 511 2291 vobis
531 2253 637 2303 leges
658 2252 705 2290 de
726 2261 920 2290 oratorlfln
941 2254 1144 2304 disciplina
1163 2254 1269 2301 latae,
1290 2263 1329 2292 et
1353 2269 1398 2294 ea
1417 2271 1504 2306 quae
1525 2259 1574 2297 de

105 2306 339 2368 praesidente
358 2315 460 2353 tribu
481 2314 562 2365 agit
579 2327 588 2351 :
619 2327 735 2365 quam
755 2315 980 2352 Timarchus
1010 2321 1050 2352 et
1074 2315 1137 2352 alii
1158 2316 1379 2367 hujusmodi
1400 2326 1573 2358 oratores

102 2391 172 2429 per
189 2377 529 2428 conspirationem,
550 2376 661 2427 quasi
686 2388 707 2412 e
736 2376 935 2426 republica
964 2389 1041 2413 non
1072 2385 1188 2424 esset,
1219 2379 1407 2429 abrogare
1435 2381 1572 2419 studu-

104 2444 227 2484 erunt,
267 2444 310 2476 ut
341 2438 397 2476 eis
437 2450 506 2475 suo
534 2436 737 2475 arbritratu
768 2443 806 2473 et
833 2436 960 2475 facere
989 2443 1028 2474 et
1053 2437 1181 2476 dicere
1210 2438 1353 2485 omnia,
1374 2446 1413 2477 et
1439 2441 1568 2480 vivere

103 2500 248 2539 liceret.

737 2576 922 2614 LEGES.

144 2663 178 2693 Si
189 2663 257 2702 quis
269 2668 423 2694 oratorum
439 2663 470 2694 in
485 2667 604 2700 senatu,
618 2667 670 2693 aut
686 2673 742 2702 pro
759 2662 920 2697 concione,
939 2662 987 2691 vel
1002 2672 1059 2692 non
1077 2663 1204 2693 seorsim
1222 2664 1260 2694 de
1276 2674 1309 2693 re
1325 2664 1497 2702 proposita,
1516 2666 1565 2697 vel

101 2714 149 2744 bis
163 2715 202 2744 de
216 2714 322 2744 eadem
334 2726 365 2745 re
381 2716 462 2754 apud
475 2714 601 2744 eosdem
615 2714 741 2750 dixerit,
755 2714 821 2743 sive
833 2712 1049 2748 conviciando,
1063 2713 1129 2743 sive
1143 2714 1356 2743 maledicendo
1373 2714 1479 2750 alicui,
1496 2715 1563 2745 sive

101 2765 180 2805 pede
197 2765 423 2803 supplodendo,
444 2765 490 2795 vel
506 2765 586 2794 inter
603 2764 828 2794 decernendum
846 2763 1021 2802 importune
1038 2764 1162 2793 locutus
1183 2765 1276 2794 suerit
1292 2764 1331 2793 de
1347 2765 1439 2793 rebus
1457 2775 1472 2793 a
1490 2776 1564 2805 sug-

100 2819 189 2855 gestu
203 2816 325 2851 alienis,
335 2815 384 2844 vel
397 2816 527 2855 aliquem
545 2814 717 2850 concitauit,
731 2814 778 2843 vel
796 2814 977 2853 praesectum
993 2815 1134 2850 traxerit,
1148 2815 1276 2844 dimissa
1292 2815 1438 2844 concione
1450 2820 1501 2845 aut
1518 2826 1564 2847 se.

99 2872 185 2903 natu,
198 2869 264 2906 ejus
280 2866 447 2896 mulctandi
462 2872 601 2906 poteslas
615 2871 682 2896 esto
698 2875 794 2905 penes
807 2864 956 2904 praesides
972 2875 1067 2904 usque
1084 2866 1121 2895 ad
1140 2866 1346 2900 Ldrachmas,
1362 2865 1474 2895 deinde
1492 2877 1563 2897 unu·

100 2927 230 2958 quaeque
245 2917 362 2958 injuria
376 2917 560 2948 inscribatur
580 2917 801 2948 exactoribus:
827 2916 908 2955 quod
929 2916 955 2946 si
976 2916 1150 2956 graviorem
1173 2916 1324 2947 meruisse
1339 2926 1458 2954 poenam
1477 2918 1561 2951 vide.

793 2968 811 2987 ³⁵
833 2980 855 3004 c
