1915 3356
477 186 698 246 CONTRA
730 203 1200 244 DIONYSODORUM.
1492 201 1567 237 737

112 308 190 352 tum
220 312 521 359 exonerandum,
542 311 704 350 eandem
732 321 867 348 navem
903 307 1134 357 navigationi
1168 307 1350 345 exsistere
1384 311 1567 357 opportu-

113 387 200 413 nam
216 373 232 411 ἲ
279 374 359 412 Cur
377 375 506 425 igitur,
527 373 663 424 inquit,
684 372 758 409 alia
779 370 932 420 navigia
950 368 1132 415 conduxi,
1148 376 1186 406 et
1201 381 1348 406 merces
1363 366 1568 406 translatas

111 435 186 474 huc
206 435 319 473 misi?
366 436 496 481 Quod,
525 434 792 477 Athenienses,
821 445 891 469 nec
926 431 1008 482 ipse
1037 443 1110 468 nec
1144 430 1225 481 ejus
1260 429 1387 468 socius
1421 440 1568 466 merces

109 509 244 536 omnes
264 497 303 534 in
326 511 398 536 sua
417 501 605 548 potestate
623 495 803 539 habebat,
822 493 891 531 sed
911 500 1086 531 vectores
1108 504 1199 530 suas
1220 504 1278 529 res
1298 491 1334 528 in
1357 491 1438 528 aliis
1460 490 1566 529 navi-

110 558 182 610 giis
201 558 417 599 necessario
437 557 611 594 nimirum
643 556 719 594 huc
745 555 961 600 mittebant,
982 567 1100 606 quum
1123 554 1184 592 isti
1205 552 1487 603 navigationem
1509 552 1565 589 in-

108 626 407 671 terrumperent:
438 631 599 670 quarum
619 625 747 656 autem
768 630 894 655 rerum
914 617 976 654 isti
997 622 1105 654 erant
1123 615 1281 660 domini,
1303 627 1368 652 eas
1382 626 1473 651 vero
1487 626 1564 650 non

103 695 236 720 omnes
256 681 333 719 huc
353 680 553 727 miserunt,
574 679 644 717 sed
664 692 731 717 eas
753 679 911 716 demum
931 678 1134 729 elegerunt
1152 689 1317 728 quarum
1339 675 1462 726 pretia
1482 687 1565 712 cre-

105 750 250 782 verant.
306 741 462 792 Alioqui
488 755 576 779 cum
597 741 705 787 alias,
727 748 768 779 ut
787 741 926 786 dicitis,
947 753 1064 779 naves
1083 738 1367 783 conduceretis,
1390 750 1459 775 cur
1490 748 1565 774 non

105 815 238 842 omnes
269 816 416 842 merces
433 803 487 841 ,in
519 816 584 842 eas
613 803 880 848 transtulistis,
902 802 971 841 sed
992 799 1228 840 frumentum
1254 800 1384 839 Rhodi
1412 799 1567 850 reliqui-

105 864 205 904 stis?
234 865 440 912 Quoniam,
457 865 628 912 Judices,
649 865 702 903 eis
721 865 949 917 expediebat
975 864 1070 902 illud
1101 863 1154 901 ibi
1186 862 1424 904 distrahere;
1447 861 1571 913 pretia

105 926 206 966 enim
226 927 290 966 hic
309 928 439 966 laxata
458 940 544 966 esse
565 927 770 965 audierant
787 941 796 964 ε
845 933 1007 965 caeteras
1027 938 1118 964 vero
1144 924 1317 963 sarcinas
1345 923 1423 960 huc
1452 922 1567 960 mise-

103 995 208 1036 runt,
226 989 330 1028 unde
349 989 498 1027 lucrum
520 990 741 1040 sperabant.
799 989 898 1028 Cum
928 988 1044 1039 igitur
1063 987 1112 1025 de
1132 986 1392 1025 conductione
1413 984 1568 1023 navium

101 1050 288 1101 loqueris,
325 1050 475 1088 nullum
506 1057 631 1102 ruptae
665 1050 788 1095 navis,
812 1050 880 1088 sed
913 1049 1028 1099 vestri
1070 1047 1288 1099 compendii
1322 1045 1567 1090 nonnullum,

106 1119 376 1164 argumentum
399 1112 524 1151 affers.

161 1176 198 1212 8.
226 1176 286 1213 Ac
306 1175 354 1213 de
373 1175 432 1213 his
461 1175 616 1226 quidem
645 1176 729 1213 haec
758 1175 904 1213 dixisse
925 1175 1115 1213 sufficiat:
1145 1174 1250 1225 quod
1286 1180 1414 1211 autem
1445 1172 1568 1210 credi-

103 1242 206 1278 tores
226 1236 437 1274 assensisse
457 1236 552 1274 dicit
571 1250 612 1274 se
632 1250 770 1275 usuras
788 1236 962 1274 Rhodias
980 1242 1221 1286 accepturos,
1239 1234 1278 1272 id
1299 1234 1393 1271 nihil
1413 1233 1462 1271 ad
1482 1245 1566 1270 nos.

106 1297 148 1334 Si
165 1297 252 1348 quis
279 1297 382 1335 enim
410 1298 459 1336 de
491 1311 561 1337 suo
582 1298 690 1337 vobis
718 1297 955 1336 condonavit
978 1297 1136 1348 aliquid,
1156 1296 1262 1335 nulla
1280 1296 1323 1334 fit
1349 1296 1486 1344 injuria
1505 1294 1567 1332 vel

105 1358 343 1408 condonanti
363 1359 424 1397 vel
444 1359 674 1411 accipienti:
705 1360 775 1399 sed
793 1372 864 1397 nos
890 1373 1016 1411 neque
1044 1359 1112 1397 tibi
1140 1358 1345 1410 quicquam
1370 1356 1571 1395 condona-

104 1419 243 1468 vimus,
261 1434 387 1472 neque
408 1423 679 1460 consensimus
699 1421 738 1460 in
759 1421 954 1459 Rhodiam
980 1420 1281 1471 navigationem,
1302 1431 1428 1470 neque
1461 1418 1569 1470 quic-

60 1497 63 1498 ’
105 1494 222 1534 quam
241 1482 328 1534 plus
349 1483 454 1534 apud
473 1497 544 1522 nos
563 1483 667 1522 valet
691 1497 808 1535 quam
826 1483 1059 1535 syngrapha.
1118 1482 1175 1521 Ea
1192 1495 1283 1520 vero
1304 1481 1397 1532 quid
1417 1480 1481 1526 ait,
1504 1489 1571 1518 aut

103 1557 180 1595 quo
199 1544 484 1597 navigationem
519 1545 673 1597 suscipi
689 1543 833 1597 jubet?
864 1545 1031 1584 Athenis
1057 1544 1096 1582 in
1116 1544 1348 1596 AEgyptum,
1367 1549 1408 1581 et
1427 1556 1475 1581 ex
1498 1542 1569 1580 AE-

101 1613 221 1658 gypto
241 1607 441 1647 Athenas:
471 1608 577 1660 quod
596 1607 670 1646 nisi
688 1607 771 1654 fiat,
792 1607 954 1660 duplum
975 1607 1072 1646 solvi
1085 1607 1211 1658 jubet.
1253 1606 1351 1643 Haec
1373 1604 1405 1642 si
1427 1604 1569 1651 fecisti,

104 1668 249 1707 nullam
279 1669 459 1722 injuriam
488 1669 608 1708 facis:
642 1669 675 1707 si
706 1682 784 1707 non
818 1669 954 1715 fecisti,
986 1681 1112 1719 neque
1143 1680 1280 1705 navem
1309 1666 1482 1704 Athenas
1510 1679 1570 1704 re-

109 1730 267 1778 duxisti,
287 1744 334 1771 ea
355 1738 392 1770 te
412 1744 528 1784 poena
551 1731 728 1770 mulctari
759 1731 874 1769 decet
898 1744 984 1782 quae
1017 1731 1054 1768 in
1088 1729 1313 1782 syngrapha
1337 1729 1569 1767 continetur.

109 1792 153 1830 Id
174 1793 276 1831 enim
289 1792 355 1845 jus
375 1806 453 1831 non
471 1793 674 1845 quisquam
697 1792 809 1840 alius,
830 1792 899 1830 sed
920 1799 1001 1831 tute
1022 1792 1090 1830 tibi
1109 1791 1358 1842 descripsisti.
1416 1791 1570 1829 Alteru-

48 1856 50 1859 ’
105 1861 207 1892 trum
227 1854 343 1906 igitur
362 1855 524 1893 ostende
538 1854 753 1906 judicibus,
776 1861 844 1892 aut
864 1867 932 1892 vos
961 1854 1222 1905 syngrapham
1253 1860 1374 1891 ratam
1401 1866 1482 1891 non
1501 1853 1569 1890 ha-

107 1918 210 1963 bere,
230 1924 297 1956 aut
328 1931 405 1956 non
439 1931 526 1957 esse
557 1930 712 1969 aequum
746 1923 791 1954 ut
817 1930 865 1955 ex
898 1919 981 1966 ejus
1016 1916 1244 1968 praescripto
1279 1928 1391 1967 geras
1428 1914 1569 1952 omnia.

106 1978 222 2024 Quod
255 1979 288 2017 si
319 1979 388 2031 qui
417 1979 485 2018 tibi
514 1979 662 2030 aliquid
689 1978 920 2017 remiserunt
945 1984 984 2016 et
1007 1977 1185 2016 Rhodias
1206 1986 1344 2016 usuras
1367 1989 1571 2016 concesse-

106 2046 209 2088 runt,
224 2054 457 2093 quocunque
471 2041 628 2079 tandem
649 2047 766 2092 pacto
786 2039 959 2088 adducti,
976 2047 1226 2091 proptereane
1243 2046 1285 2077 tu
1300 2038 1445 2078 nullam
1463 2038 1573 2077 nobis

104 2101 282 2153 injuriam
300 2102 409 2148 facis,
431 2102 574 2140 violata
604 2102 830 2154 syngrapha
854 2102 918 2153 qui
943 2114 1082 2139 navem
1114 2101 1298 2139 Rhodum
1319 2099 1572 2151 perduxeris?

107 2163 198 2201 Non
215 2163 395 2216 equidem
416 2163 565 2215 opinor.
624 2164 764 2215 Neque
784 2164 886 2202 enim
915 2163 955 2201 hi
984 2177 1087 2202 nunc
1119 2163 1166 2201 de
1193 2162 1354 2201 aliorum
1375 2162 1572 2200 condona-

106 2225 292 2273 flonibus,
312 2228 381 2264 sed
399 2225 447 2264 de
466 2225 708 2277 pactionibus
730 2225 806 2263 tuis
826 2224 1030 2263 nobiscum
1048 2226 1162 2264 factis
1177 2224 1242 2276 jus
1264 2224 1409 2262 dicunt.

158 2288 198 2326 9.
228 2287 329 2326 Nam
359 2301 562 2326 usurarum
605 2287 884 2334 remissionem,
917 2287 948 2325 si
985 2300 1062 2339 qua
1097 2286 1226 2333 modo,
1257 2292 1301 2324 ut
1330 2286 1392 2324 isti
1424 2285 1573 2334 dicunt,

108 2348 213 2388 facta
232 2356 304 2396 est,
324 2362 412 2388 cum
433 2348 596 2387 utilitate
615 2348 850 2386 creditorum
871 2361 956 2386 esse
977 2348 1136 2394 factam,
1154 2349 1264 2385 'vobis
1289 2346 1466 2385 omnibus
1487 2360 1574 2398 per-

105 2410 281 2462 spicuum
301 2419 374 2449 est.
432 2410 535 2448 Nam
555 2411 620 2461 qui
641 2423 689 2448 ex
709 2410 882 2462 AEgypto
907 2409 990 2449 istis
1018 2410 1224 2462 pecuniam
1248 2409 1424 2448 Athenas
1449 2422 1573 2460 usque

106 2472 294 2512 duntaxat
313 2479 550 2518 mutuarant,
571 2478 614 2510 ut
634 2470 822 2510 Rhodum
842 2478 1041 2516 venerunt,
1062 2478 1101 2510 et
1120 2470 1181 2510 isti
1204 2484 1343 2509 navem
1375 2483 1421 2510 eo
1449 2483 1572 2522 appu-

107 2533 248 2580 lerunt,
267 2546 401 2573 eorum
431 2533 526 2572 nihil
551 2532 685 2584 opinor
705 2531 881 2570 interfuit
901 2533 1038 2571 solutis
1059 2532 1185 2571 usuris
1204 2539 1243 2570 et
1263 2531 1395 2570 Rhodi
1416 2538 1574 2583 recepto

107 2601 257 2641 mutuo,
276 2608 409 2634 rursus
434 2595 474 2633 id
500 2593 725 2646 negotiandi
751 2606 873 2632 causa
901 2594 1078 2633 conferre
1107 2594 1146 2632 in
1168 2594 1405 2645 AEgyptum:
1436 2593 1512 2631 imo
1532 2592 1571 2630 id

107 2658 229 2698 multo
248 2658 374 2710 magis
392 2656 552 2710 profuit,
573 2669 691 2708 quam
708 2656 790 2694 huc
808 2656 1018 2708 appellere.
1076 2655 1175 2694 Illuc
1195 2655 1294 2693 enim
1313 2654 1437 2693 brevis
1457 2661 1518 2692 est
1535 2661 1574 2692 et

108 2720 288 2773 expedita
305 2718 514 2771 navigatio,
532 2724 571 2757 et
588 2718 648 2758 bis
666 2724 733 2758 aut
757 2725 819 2756 ter
835 2718 890 2756 eis
905 2716 1095 2769 negotiari
1109 2717 1216 2756 licuit
1231 2717 1369 2755 eodem
1380 2722 1573 2768 argento:

109 2781 214 2834 quod
232 2781 263 2820 si
281 2781 359 2820 huc
378 2780 582 2827 redissent,
595 2780 894 2833 hybernandum
915 2779 1052 2818 suisset
1070 2780 1149 2826 hic,
1175 2786 1215 2817 et
1241 2779 1438 2830 navigatio
1458 2791 1576 2816 verna

65 2851 68 2854 ’
107 2842 382 2896 exspectanda.
409 2840 577 2881 Proinde
596 2841 651 2880 illi
669 2841 879 2881 creditores
901 2854 978 2879 non
998 2840 1116 2879 modo
1132 2840 1227 2879 nihil
1246 2838 1490 2887 remiserunt,
1506 2840 1577 2878 sed

108 2904 257 2944 lucrum
286 2905 402 2944 etiam
434 2904 622 2943 fecerunt.
680 2903 764 2942 Nos
797 2910 940 2949 autem,
960 2909 1003 2940 ut
1034 2902 1083 2940 de
1116 2902 1243 2940 usuris
1279 2908 1490 2948 taceamus,
1524 2914 1575 2940 ne

110 2971 251 3005 sortem
269 2965 434 3017 quidem,
445 2978 674 3018 recuperare
694 2977 914 3017 possumus.
968 2964 1027 3002 Ne
1047 2964 1162 3014 igitur
1182 2963 1409 3003 auscultetis
1428 2964 1490 3003 isti
1505 2976 1576 3002 vos

811 3028 836 3062 5
857 3038 881 3062 B
