1915 3356
447 187 522 224 DE
554 187 702 224 MALE
731 185 914 225 GESTA
946 184 1277 223 LEGATIONE.
1548 184 1597 220 57

130 290 276 329 amicos
294 290 529 330 habiturum.
571 292 632 330 Ne
657 304 749 329 vero
777 289 1019 329 sermonibus
1040 288 1117 325 illic
1136 288 1278 326 habitis
1295 293 1476 326 accurate
1495 286 1598 337 apud

130 365 203 390 vos
232 353 582 391 commemorandis
610 354 799 398 immorer,
832 351 896 388 ubi
925 350 1147 387 summatim
1174 350 1223 388 de
1245 350 1424 387 omnibus
1453 349 1598 392 dixero,

130 413 322 451 desinam.
363 414 490 452 Penes
520 415 714 452 fortunam
749 420 788 450 et
819 411 1056 462 Philippum,
1083 424 1208 447 rerum
1241 411 1498 461 gerendarum
1526 410 1601 447 fuit

129 475 366 514 auctoritas:
397 489 517 527 penes
537 489 612 520 me,
630 473 914 512 benevolentife
934 486 1026 523 erga
1045 485 1127 518 vos,
1148 478 1187 510 et
1206 473 1388 510 orationis
1409 472 1598 510 habendae

129 545 322 588 potestas
360 539 418 577 Ea
436 552 549 590 porro
578 552 601 576 a
625 551 687 575 me
708 536 811 574 dicta
832 542 936 582 sunt,
958 549 1044 587 quae
1061 535 1135 573 dici
1156 534 1228 572 fuit
1247 548 1417 584 aequum,
1435 548 1598 585 quaeque

127 613 152 638 e
172 613 211 638 re
231 607 358 639 vestra
376 601 553 638 fuerunt:
586 606 748 636 eventus
770 605 899 636 autem
920 598 951 635 is
981 602 1218 635 consecutus
1248 602 1321 640 est,
1352 597 1417 645 qui
1445 609 1523 633 non
1555 609 1598 633 o-

127 661 246 712 ptatis
262 663 417 707 nostris,
434 660 504 698 sed
517 660 686 712 Philippi
708 660 803 698 actis
819 659 1028 711 respondit.
1068 658 1210 696 Utrum
1225 657 1342 707 igitur
1360 657 1509 707 aequius
1526 664 1599 703 est,

126 723 360 761 auctoritate
397 722 547 768 florere,
577 736 666 760 eum
695 736 757 768 ne,
791 722 856 772 qui
886 735 933 759 ne
971 720 1122 759 studuit
1153 719 1309 770 quidem
1351 718 1598 756 commodare

126 783 347 834 quicquam,
369 796 417 822 an
444 797 545 829 eum,
567 784 631 834 qui
650 783 744 821 nihil
764 783 867 834 quod
888 783 1014 834 potuit
1031 780 1301 834 praetermisit?
1332 780 1448 818 Nunc
1469 786 1598 817 autem

126 851 284 896 propter
303 852 493 896 tempora,
513 845 636 884 multa
660 845 927 897 praetermitto.

183 908 249 945 37.
293 907 403 945 Dixit
439 914 583 952 autem,
622 908 828 946 mentitum
866 920 950 945 esse
995 919 1071 951 me,
1118 919 1208 944 cum
1247 905 1459 956 profiterer,
1498 906 1600 943 intra

126 981 275 1020 paucos
307 969 388 1007 dies
414 969 569 1007 Thebas
599 969 680 1007 fore
713 968 907 1013 humiles;
940 975 979 1007 et
1008 968 1293 1006 Euboeensibus
1328 974 1512 1005 terrorem
1540 966 1599 1003 in-

125 1030 310 1076 cussisse,
330 1043 419 1069 cum
447 1043 515 1068 vos
536 1043 603 1081 spe
623 1030 754 1082 aliqua
772 1030 1043 1081 producerem.
1078 1029 1183 1073 Quid
1205 1036 1334 1073 autem
1354 1027 1484 1073 faciat,
1504 1039 1598 1078 cog-

127 1093 295 1145 noscite,
314 1094 589 1132 Athenienses.
641 1094 724 1145 Ego
746 1094 838 1132 dum
859 1094 963 1145 apud
978 1093 1201 1144 Philippum
1224 1105 1364 1137 essem,
1385 1091 1491 1142 petii,
1511 1103 1600 1128 cum

128 1155 180 1193 ad
207 1168 278 1194 vos
297 1162 520 1202 reverterer,
549 1156 786 1203 renunciavi,
806 1169 965 1194 censere
991 1169 1067 1203 me,
1086 1168 1169 1194 esse
1195 1168 1365 1205 aequum,
1386 1160 1429 1191 ut
1457 1152 1600 1189 Thebae

123 1224 259 1255 essent
284 1217 459 1262 Boeotiae,
479 1230 571 1264 non,
590 1224 636 1256 ut
664 1218 815 1256 Boeotia
837 1218 1056 1256 Thebarum
1085 1223 1201 1255 esset.
1234 1216 1322 1254 Hoc
1346 1216 1420 1253 iste
1439 1228 1501 1252 me
1521 1227 1599 1251 non

125 1278 390 1325 renunciasse,
412 1280 482 1317 sed
502 1280 727 1331 promisisse
756 1280 821 1318 ait.
853 1280 946 1317 Dixi
967 1286 1096 1318 autem
1117 1279 1223 1330 apud
1242 1292 1326 1325 vos,
1346 1277 1601 1316 Cleocharem

126 1340 433 1379 Chalcidensem
460 1341 621 1387 dixisse,
641 1341 772 1380 mirari
792 1354 834 1379 se
853 1331 1023 1379 uestram
1050 1347 1091 1378 et
1109 1340 1278 1391 Philippi
1310 1340 1478 1377 subitam
1505 1351 1601 1375 con-

123 1401 324 1456 cordiam,-
348 1409 466 1453 atque
503 1403 610 1441 illam
640 1404 757 1442 etiam
790 1403 1065 1442 mandatorum
1098 1409 1319 1440 nostrorum
1354 1414 1401 1438 ex
1440 1400 1601 1437 decreto

123 1464 359 1511 clausulam,
378 1465 575 1516 agendum
596 1478 684 1504 esse
710 1466 820 1503 nobis
849 1465 1034 1516 quicquid
1059 1471 1249 1515 praeterea
1274 1462 1470 1513 possimus
1493 1460 1601 1499 boni.

129 1525 233 1564 Nam
252 1526 319 1577 qui
335 1539 557 1578 parvorum,
583 1533 629 1565 ut
646 1527 732 1582 ipsi,
753 1526 984 1581 oppidorum
1005 1531 1140 1563 essent
1158 1524 1275 1569 cives,
1297 1524 1342 1561 iis
1358 1523 1494 1561 terrori
1513 1536 1601 1561 esse

126 1599 272 1626 arcana
294 1591 482 1637 maj0rum
508 1588 722 1626 civitatum.
753 1588 853 1625 Haec
878 1587 950 1624 iste
970 1599 1032 1624 me
1059 1599 1139 1624 non
1164 1586 1413 1624 renunciasse
1441 1584 1508 1631 ait,
1530 1585 1602 1623 sed

125 1648 364 1700 promisisse,
383 1649 494 1687 vobis
524 1649 715 1686 Euboeam
736 1646 978 1685 traditurum.
1025 1647 1110 1697 Ego
1137 1660 1228 1685 vero
1256 1647 1295 1684 in
1324 1660 1370 1685 ea
1393 1659 1496 1685 eram
1518 1647 1600 1697 opi-

125 1711 256 1757 nione,
275 1711 409 1749 urbem
423 1710 472 1748 de
492 1723 646 1748 summa
661 1723 788 1748 rerum
807 1708 1121 1756 deliberaturam,
1139 1709 1288 1747 nullam
1308 1722 1388 1747 non
1407 1722 1431 1748 a
1449 1709 1599 1747 Graecis

125 1772 298 1812 habitam
311 1772 525 1811 orationem
544 1772 678 1810 audire
698 1778 889 1823 oportere.

182 1835 244 1873 38.
278 1834 392 1872 Illam
411 1835 528 1872 etiam
549 1834 764 1873 orationem
780 1833 970 1872 insidiosa
983 1832 1234 1872 distinctione
1248 1834 1509 1873 calumniatus
1525 1842 1599 1880 est,

124 1909 183 1944 se,
202 1909 295 1935 vera
312 1897 644 1943 renunciaturum,
673 1909 697 1934 a
716 1909 778 1933 me
796 1902 837 1934 et
858 1895 1079 1934 Philocrate
1104 1909 1192 1934 esse
1222 1896 1471 1947 prohibitum.
1514 1897 1599 1948 Ego

125 1972 220 1998 vero
237 1971 307 1997 vos
332 1965 489 2009 rogatos
509 1957 611 2006 volo,
631 1971 681 1996 an
699 1971 871 2008 unquam
892 1958 1098 2008 quisquam
1127 1958 1421 1996 Atheniensium
1446 1958 1601 2009 legatus

127 2021 343 2074 prohibitus
358 2020 487 2067 fuerit,
507 2033 585 2071 quo
604 2020 729 2057 minus
749 2026 838 2058 acta
857 2033 929 2058 sua
946 2020 1093 2071 populo
1113 2020 1373 2068 renunciaret,
1392 2021 1512 2072 idque
1531 2035 1601 2072 per

126 2083 318 2134 collegaS‚
347 2088 386 2120 et
415 2082 464 2120 ab
488 2082 627 2120 iisdem
655 2082 902 2120 contumeliis
931 2081 1109 2129 affectus,
1134 2088 1265 2120 tamen
1294 2083 1505 2133 scripserit,
1532 2096 1599 2123 eos

124 2144 365 2191 laudandos,
385 2150 426 2182 et
443 2144 495 2183 ad
519 2157 674 2182 coenam
694 2144 928 2183 invitandos.
970 2144 1257 2183 Demosthenes
1277 2151 1407 2183 autem
1429 2158 1452 2183 a
1469 2154 1601 2196 poste·

126 2206 228 2245 tiore
239 2205 438 2258 legatione
457 2219 650 2253 reversus,
670 2219 748 2258 qua
763 2213 907 2245 statum
929 2206 1095 2245 Graeciae
1113 2208 1286 2257 queritur
1306 2220 1499 2255 eversum,
1520 2221 1598 2246 non

127 2269 290 2307 decreto
327 2268 520 2307 duntaxat
549 2282 621 2307 nos
652 2268 844 2313 laudavit,
877 2269 950 2307 sed
983 2282 1072 2307 cum
1103 2269 1205 2320 apud
1232 2270 1422 2321 populum
1456 2282 1601 2308 renun-

126 2330 294 2368 ciassem
309 2329 480 2368 habitam
499 2336 583 2368 tum
597 2330 645 2368 de
663 2330 1014 2382 Amphictyonibus
1030 2331 1257 2377 orationem,
1278 2331 1403 2382 deque
1420 2331 1601 2379 Boeotiis,

129 2405 209 2430 non
228 2404 297 2442 per
316 2391 589 2442 compendium
609 2397 650 2429 et
667 2391 969 2437 festinationem,
997 2399 1042 2430 ut
1068 2405 1184 2438 nunc,
1206 2392 1275 2430 sed
1304 2405 1421 2443 quam
1441 2406 1599 2432 accura-

127 2454 275 2492 tissime
293 2454 415 2505 potui,
440 2453 604 2492 totidem
622 2453 764 2499 verbis,
794 2467 959 2505 eamque
987 2454 1155 2505 populus
1182 2454 1432 2492 vehementer
1460 2467 1601 2506 appro-

127 2515 277 2561 basset,
299 2515 514 2553 advocatus
528 2528 553 2552 a
572 2527 633 2553 me
652 2522 690 2554 et
707 2515 883 2567 collegis,
905 2521 944 2553 et
962 2521 1144 2554 accurate
1171 2522 1330 2566 rogatus
1351 2515 1398 2553 de
1420 2517 1598 2566 singulis,

128 2585 259 2616 utrum
274 2590 367 2615 vera
384 2583 424 2615 et
436 2576 575 2615 eadem
586 2577 851 2616 renunciarem
871 2577 977 2628 apud
991 2577 1267 2627 Athenienses,
1283 2591 1370 2628 quoe
1387 2578 1491 2628 apud
1507 2578 1599 2616 Phi-

128 2639 277 2691 lippum
291 2639 489 2686 dixissem,
504 2640 682 2677 omnibus
697 2639 838 2691 legatis
852 2639 1142 2685 attestantibus,
1156 2646 1262 2677 etme
1272 2639 1600 2687 collaudantibus,

127 2700 296 2740 surrexit
313 2708 404 2752 post
423 2714 573 2748 omnes,
593 2707 634 2740 et
652 2701 760 2747 dixit,
783 2714 843 2739 me
865 2713 957 2746 non,
977 2701 1308 2752 quemadmodum
1330 2700 1367 2737 in
1391 2702 1601 2750 proesentia

129 2763 313 2808 dicerem,
332 2769 428 2801 tunc
444 2763 559 2801 etiam
576 2764 738 2810 dixisse,
752 2764 822 2802 sed
839 2763 916 2801 illic
937 2763 1058 2814 duplo
1074 2763 1226 2801 melius.
1258 2764 1412 2801 Horum
1432 2777 1515 2809 VOS,
1536 2765 1600 2814 qui

129 2824 315 2875 suffragia
328 2824 475 2872 feretis,
493 2826 759 2866 testimonium
774 2826 867 2863 mihi
885 2825 1148 2877 perhibebitis,
1181 2825 1386 2862 Enimvero
1407 2839 1493 2875 quse
1514 2828 1599 2877 pul-

128 2886 230 2926 cr10r
249 2886 284 2924 ei
300 2885 382 2924 dari
405 2887 533 2938 potuit
559 2887 717 2926 occasio
737 2886 998 2937 redarguendi
1018 2886 1106 2933 mei,
1134 2899 1251 2937 quam
1281 2894 1362 2924 tum
1391 2887 1534 2933 statim,
1570 2890 1598 2926 si

127 2961 209 3000 qua
225 2947 265 2986 in
283 2961 324 2987 re
340 2948 475 2987 urbem
495 2948 767 3000 decipiebam?

829 3009 853 3033 *
886 3023 897 3045 ι
