1981 3356
214 368 617 414 ARGUMENTUM
654 367 962 406 ORATIONIS
997 367 1292 407 ADVERSUS
1324 369 1572 409 BOEOTUM

611 430 685 468 DE
720 429 868 468 DOTE
897 429 1181 468 MATERNA.

209 528 326 559 Erum
353 528 420 557 haec
435 532 466 557 et
482 528 519 557 ab
537 526 647 556 eodem
664 532 696 556 et
711 529 818 556 contra
843 526 975 556 eundem
997 526 1081 556 dicta
1098 531 1146 556 est
1163 525 1270 555 oratio.
1316 527 1363 557 Ac
1380 531 1495 556 caetera
1509 526 1631 566 quidem

163 579 263 609 omnia
279 583 350 609 sunt
366 579 484 614 eadem,
501 578 632 617 Plango,
643 578 869 617 jusjurandum,
885 577 1016 607 filiorum
1040 581 1147 608 coacta
1170 577 1306 617 adoptio.
1352 578 1509 608 Defuncto
1532 583 1632 607 autem

163 630 294 666 Manlia,
313 630 368 660 filii
391 631 458 669 ejus
479 635 554 665 tres,
571 628 761 659 Mantitbeus
783 639 800 658 e
822 628 962 668 legitima
979 639 1076 659 uxore
1094 634 1268 668 susceptus,
1284 634 1316 658 et
1334 629 1464 659 Boeotus
1488 639 1522 658 ac
1546 630 1632 658 Pam-

162 682 267 721 philus
283 681 450 721 Plangouis
470 681 537 718 filii,
554 680 761 712 haereditatem
786 680 970 712 diviserunt.
1015 680 1184 711 Asserente
1206 685 1308 710 autem
1335 679 1509 711 Mantitheo
1529 680 1635 709 dotem

163 733 223 763 sibi
239 738 401 764 maternam
418 734 538 768 deberi,
554 734 682 763 Boeotus
695 743 730 762 ac
747 732 928 772 Pamphilus
939 737 970 762 et
982 732 1042 771 ipsi
1056 733 1096 762 de
1110 732 1182 762 dote
1196 733 1396 768 contendunt,
1410 731 1499 772 qnasi
1513 732 1633 771 Plango

161 784 252 814 etiam
271 784 301 813 in
318 783 447 813 Mantiae
464 783 610 814 familiam
628 788 751 814 centnm
768 783 864 813 minas
880 783 1074 815 contulisset.
1119 783 1272 815 Convenit
1294 783 1390 822 igitur
1413 783 1493 813 inter
1517 793 1571 813 eos
1593 792 1633 812 ex

162 846 250 875 aequo
265 835 366 865 omnia
382 835 541 875 partienda
559 845 639 870 esse,
657 839 769 876 praeter
785 834 878 870 aedes,
895 839 929 864 ut
950 834 1009 864 utri
1033 835 1114 874 parti
1129 839 1226 864 mater
1242 834 1384 864 attulisse
1401 834 1505 864 dotem
1522 833 1635 874 proba-

161 891 256 922 retur,
280 887 308 917 ei
336 887 375 916 de
400 886 518 916 aedibus
539 886 593 916 illa
616 886 748 926 pecunia
770 886 974 916 redderetur:
1000 890 1031 916 et
1054 889 1167 926 praeter
1188 886 1352 926 mancipia,
1369 891 1403 916 ut
1419 887 1548 916 Boeotus
1565 896 1633 915 cum

161 939 266 974 fratre,
292 938 318 968 si
341 938 416 977 quid
443 938 649 968 domesticum
675 937 878 977 requirerent,
896 937 1046 968 haberent
1071 948 1132 976 qno
1157 942 1372 976 coarguerent.
1420 937 1497 967 Post
1519 937 1584 967 liaec
1600 947 1634 966 se

161 995 268 1019 mutuo
279 994 432 1025 accusant,
442 989 631 1020 Mantitheus
646 989 716 1019 illos
725 990 763 1020 de
774 989 918 1020 maternis
934 988 1142 1026 facultatibus,
1155 988 1201 1018 illi
1217 989 1297 1018 hunc
1310 989 1349 1019 de
1363 989 1433 1020 aliis
1449 988 1633 1029 quibusdam

162 1042 266 1071 rebus.
291 1042 337 1071 Ao
353 1041 467 1071 arbiter
479 1041 683 1072 Mantitheum
698 1041 843 1077 absolvit,
856 1042 1003 1083 Boeotum
1019 1041 1203 1070 condemnat
1216 1042 1389 1071 absentem.
1411 1041 1510 1078 Quem
1525 1041 1633 1071 eadem

163 1094 281 1125 actione
297 1094 486 1125 Mantitheus
498 1094 528 1125 in
541 1094 695 1134 judicium
711 1100 814 1131 vocat,
830 1094 933 1124 dotem
950 1098 1115 1124 maternam
1131 1099 1286 1134 repetens.

551 1405 1222 1464 DEMOSTHENIS

443 1524 904 1599 ADVERSUS
965 1545 1349 1598 BOEOTUM

345 1684 439 1726 DE
484 1684 678 1726 DOTE
724 1682 1093 1726 MATERNA
1146 1679 1450 1723 ORATIO.

222 1796 254 1833 l.
276 1793 475 1833 OMNmM
495 1793 811 1832 molestissimum
832 1799 906 1838 est,
929 1792 1105 1837 Judices,
1125 1803 1214 1828 cum
1235 1789 1321 1840 quis
1342 1787 1498 1826 nomine
1518 1787 1636 1825 frater

160 1868 294 1894 eorum
323 1855 554 1907 appellatur,
581 1869 679 1908 quos
706 1856 792 1907 ipsa
810 1869 850 1893 re
869 1854 1002 1892 hostes
1030 1853 1161 1899 habet,
1183 1859 1222 1890 et
1240 1851 1372 1889 multis
1407 1850 1637 1901 magnisque

162 1918 326 1957 affectus
361 1919 409 1956 ab
438 1919 493 1956 eis
518 1918 679 1970 injuriis,
704 1919 743 1956 in
765 1917 958 1969 judicium
977 1916 1111 1955 venire
1144 1914 1311 1965 cogitur,
1340 1913 1380 1951 id
1404 1912 1512 1964 quod
1544 1912 1636 1949 mihi

162 1993 267 2018 nunc
285 1979 482 2018 usuvenit.
539 1980 683 2031 Neque
704 1980 806 2018 enim
827 1992 873 2018 ea
892 1978 1019 2017 solum
1042 1979 1091 2015 ab
1111 1977 1219 2015 initio
1235 1975 1438 2014 calamitas
1459 1974 1551 2012 mihi
1572 1986 1636 2012 ac-

162 2041 269 2088 cidit,
290 2048 335 2080 ut
361 2042 528 2093 thgo,
549 2042 712 2081 istorum
741 2048 877 2090 mater,
898 2047 1050 2092 patrem
1082 2052 1210 2077 meum
1239 2037 1447 2075 manifesto
1468 2036 1637 2088 perjurio

162 2104 372 2156 deceptum
403 2104 453 2142 ad
479 2103 576 2142 istos
603 2103 852 2155 adoptandos
872 2103 1061 2153 adegerit,
1082 2114 1232 2152 egoque
1252 2106 1462 2150 propterea
1481 2098 1635 2136 duabus

162 2166 383 2218 patrimonii
402 2166 578 2217 partibus
600 2165 669 2203 sim
692 2164 923 2202 fraudatus:
958 2164 1028 2201 sed
1056 2169 1198 2214 praeter
1221 2162 1306 2199 haee
1329 2160 1442 2198 etiam
1463 2159 1635 2211 paternis

163 2228 314 2266 aedibus
341 2228 389 2265 ab
415 2227 499 2265 istis
527 2234 704 2273 exactus,
719 2228 758 2264 in
784 2227 924 2278 quibus
947 2233 986 2263 et
1007 2232 1123 2263 natus
1145 2236 1230 2262 sum
1251 2229 1290 2261 et
1309 2222 1516 2269 educatus,
1538 2222 1634 2259 etin

162 2303 260 2341 quas
281 2303 360 2328 non
386 2296 496 2341 pater
528 2302 608 2336 θος,
637 2289 708 2327 sed
735 2302 822 2340 ego,
844 2288 1030 2326 defuncto
1057 2287 1138 2332 illo,
1159 2286 1306 2336 recepi;
1338 2285 1497 2323 fraudor
1518 2284 1634 2322 etiam

162 2352 253 2391 dote
281 2359 469 2397 materna,
489 2352 537 2390 de
559 2364 637 2403 qua
662 2364 766 2389 nunc
795 2364 884 2402 ago.
943 2351 1046 2388 Cum
1070 2361 1144 2400 ego
1172 2348 1227 2386 eis
1257 2348 1306 2386 de
1336 2347 1514 2385 omnibus
1547 2360 1636 2398 quae

162 2415 426 2466 querebantur
445 2414 715 2460 satisfecerim,
740 2420 999 2465 praeterquam
1026 2412 1057 2450 si
1089 2424 1165 2462 qua
1191 2423 1298 2448 nune
1324 2416 1479 2461 propter
1493 2409 1635 2460 judici-

162 2489 227 2514 um
241 2475 319 2514 huc
337 2476 581 2515 resortitione
598 2475 779 2513 instituta
797 2488 866 2526 per
885 2473 1119 2512 calumniam
1140 2472 1357 2524 postulant,
1378 2478 1420 2509 ut
1438 2471 1548 2508 vobis
1568 2470 1636 2508 de-

162 2538 396 2577 clarabitur:
431 2538 478 2577 ab
505 2538 588 2576 istis
616 2543 746 2576 autem
764 2550 852 2575 cun]
873 2536 1057 2574 undecim
1078 2535 1191 2574 annis
1211 2534 1304 2572 nihil
1324 2533 1425 2584 aequi
1444 2532 1635 2583 potuerim

161 2601 380 2653 impetrare,
400 2612 502 2638 nunc
523 2600 573 2638 ad
592 2612 660 2638 vos
682 2599 882 2650 confugio,
905 2606 1023 2650 atque
1040 2610 1176 2635 omnes
1196 2609 1266 2634 vos
1294 2609 1374 2642 oro,
1395 2594 1572 2639 Judices‚
1593 2599 1637 2630 ut

162 2675 226 2701 me
252 2664 438 2715 benigne,
461 2662 517 2701 sic
545 2668 590 2700 ut
616 2669 752 2714 potero
771 2661 980 2707 dicentem,
1001 2659 1183 2704 audiatis,
1204 2666 1255 2704 et,
1278 2658 1309 2695 si
1330 2669 1485 2694 mecum
1504 2655 1636 2706 inique

164 2731 293 2763 actum
327 2724 528 2777 putabitis,
549 2724 701 2762 veniam
734 2723 834 2762 detis
868 2735 956 2761 mea
988 2733 1220 2772 recuperare
1250 2719 1436 2770 cupienti,
1466 2717 1516 2755 ad
1546 2717 1635 2754 filiae

165 2786 381 2837 praesertim
409 2786 694 2829 elocationem;
745 2784 889 2824 accidit
919 2785 1036 2831 enim,
1074 2791 1117 2821 ut
1152 2790 1312 2835 propter
1344 2780 1464 2832 patris
1497 2792 1636 2832 preces

167 2847 304 2886 decem
319 2854 359 2886 et
372 2855 462 2889 octo
477 2855 593 2887 natus
615 2861 740 2886 annos
760 2860 920 2886 uxorem
937 2847 1126 2892 duxerim,
1148 2852 1431 2897 proptereaque
1447 2843 1540 2881 mihi
1558 2843 1638 2881 filia

166 2908 217 2947 sit
230 2909 314 2961 jam
334 2910 489 2949 nubilis.
518 2910 687 2948 Proinde
701 2917 740 2947 et
755 2922 816 2947 me
831 2908 1012 2948 affectum
1031 2908 1172 2960 injuria
1188 2907 1324 2944 merito
1339 2912 1499 2957 propter
1512 2905 1637 2943 multa

159 2971 368 3022 juvabitis:
405 2979 444 3010 et
474 2972 558 3011 istis
590 2972 820 3018 irascemini,
846 2972 926 3022 qui,
952 2971 1047 3022 proh
1078 2969 1208 3007 divum
1229 2968 1361 3015 fidem,
1382 2981 1470 3008 cum
1501 2967 1636 3006 liceret
