1948 3306
373 206 450 242 678
832 204 888 242 IN
919 205 1396 246 OLYMPIODORUM.

371 307 566 347 instituto:
599 314 651 354 et,
670 307 775 359 quod
794 308 913 347 Solon
933 307 1047 346 etiam
1063 307 1258 360 legislator
1275 309 1384 356 dixit,
1402 309 1453 348 ita
1470 309 1650 357 deliram,
1665 319 1709 350 ut
1724 324 1838 351 nemo

372 382 542 420 unquam
564 368 783 408 mortalium
804 369 994 414 deliravit,
1009 368 1074 419 qui
1093 369 1243 407 mulieri
1262 370 1449 409 meretrici
1468 378 1613 422 pareat.
1648 373 1778 424 Atque
1792 385 1839 410 ea

372 430 502 469 omnia
530 430 636 469 irrita
661 444 743 469 esse
769 430 970 469 constituit
997 430 1099 468 idem
1132 430 1266 477 Solon,
1287 445 1375 483 quae
1401 431 1487 483 quis
1517 433 1665 471 mulieri
1695 447 1836 485 parens

371 500 477 545 agat,
498 494 710 545 praesertim
731 493 812 531 tali.

429 556 489 592 14.
519 555 573 593 Et
604 555 689 593 haec
720 555 840 606 probe
861 553 1011 592 curavit
1041 552 1261 604 legislator:
1295 567 1370 605 ego
1395 567 1486 593 vero
1508 567 1580 593 vos
1608 567 1690 602 oro,
1710 568 1836 605 neque

368 628 442 666 ego
462 615 601 662 solum,
623 615 692 653 sed
711 622 751 654 et
768 628 866 653 uxor
884 628 984 662 mea,
1000 614 1267 666 Olympiodori
1285 628 1404 662 soror,
1424 622 1464 654 et
1477 614 1557 653 fllia
1574 628 1676 662 mea,
1696 616 1838 667 Olym·-

366 677 517 730 piodori
543 677 684 728 neptis,
703 676 969 728 supplicamus
1002 676 1110 714 vobis
1138 683 1178 714 et
1207 677 1462 724 obtestamur,
1491 677 1670 726 Judices,
1698 689 1834 715 omnes

367 745 631 790 nos—putate
663 737 765 777 enlm
784 738 870 777 illas
904 738 1138 776 adesse—in
1157 738 1287 789 primis
1308 746 1351 776 ut
1371 738 1654 790 Olympiodoro
1674 751 1835 789 persua·

366 800 492 838 deatis
512 812 562 838 ne
581 799 718 851 injuria
730 813 802 838 nos
822 799 965 838 afficiat
982 812 992 837 :
1019 799 1079 837 sin
1098 813 1233 851 parere
1253 800 1360 838 vobis
1385 800 1563 847 noluerit,
1584 800 1638 838 uti
1664 813 1733 838 vos
1754 813 1832 838 me-

367 876 491 901 mores
510 875 643 900 eorum
662 875 750 913 quae
771 862 937 900 diximus
953 861 1124 899 omnium
1152 861 1192 899 id
1219 862 1415 908 statuatis,
1432 862 1538 913 quod
1558 861 1665 900 vobis
1684 861 1832 900 videbi-

365 931 427 962 tur
445 924 632 975 optimum
652 930 692 962 et
703 922 963 974 justissimum
983 935 1084 960 esse.
1141 922 1240 966 Quae
1259 923 1294 961 si
1314 923 1499 968 feceritis,
1516 929 1556 961 et
1571 923 1680 974 justa
1697 923 1829 962 decer-

364 986 464 1025 netis
484 993 525 1024 et
542 986 650 1025 utilia
668 985 780 1025 nobis
800 985 995 1033 omnibus,
1013 984 1051 1022 in
1069 985 1203 1037 primis
1224 992 1353 1024 autem
1377 985 1450 1038 ipsi
1470 985 1762 1038 Olympiodoro.
