1948 3306
352 191 430 229 666
648 190 706 228 ΙΝ
737 190 1004 229 EVERGUM
1038 191 1107 229 ET
1139 191 1521 231 MNESIBULUM.

353 294 560 346 mancipia,
576 294 646 333 sed
665 302 705 333 et
721 295 977 347 supellectilia
996 307 1084 345 quae
1103 295 1224 346 pridie
1244 297 1529 348 superfuerant,
1549 301 1742 348 occupat:
1768 308 1815 334 ac

351 356 521 408 lapicida
539 356 711 408 quidam,
732 358 796 408 qui
826 357 1086 408 propinquum
1106 365 1404 397 monumentum
1433 357 1666 410 expoliebat,
1686 357 1817 396 denuo

351 418 456 456 abire
476 418 669 470 Evergum
690 419 838 470 reliquo
856 419 1115 457 instrumento
1134 433 1185 457 ex
1206 420 1356 458 aedibus
1377 420 1471 459 meis
1489 427 1708 472 exportato,
1727 432 1816 458 cum

351 494 427 532 quo
458 481 551 519 nihil
578 481 669 519 mihi
701 481 845 532 negotii
876 481 961 528 fuit,
982 481 1153 520 nunciat.
1211 482 1310 526 Quae
1341 490 1384 521 ut
1408 495 1469 521 me
1491 495 1579 520 vere
1600 481 1745 529 dicere,
1765 488 1817 526 et,

351 556 417 582 eos
435 543 565 594 pridie
593 557 679 582 mea
705 544 868 595 pignora
893 544 1059 595 cepisse,
1079 551 1120 582 et
1148 557 1278 582 rursus
1298 545 1436 584 eodem
1466 544 1527 582 die
1557 544 1595 582 in
1624 544 1730 582 aedes
1759 544 1819 581 in-

351 619 504 658 gressos
519 607 652 648 fuisse,
664 619 725 644 me
746 619 837 644 vero
857 605 1043 656 postridie
1063 606 1226 644 solvisse
1240 606 1473 658 judicatum,
1488 613 1527 645 et
1544 606 1747 658 pecuniam
1763 605 1830 644 eis.

350 681 574 706 numerasse
593 668 868 718 constet—qui
888 668 1006 714 enim,
1026 668 1097 706 nisi
1112 675 1151 706 et
1169 675 1350 706 coactum
1379 669 1529 715 fuisset,
1550 675 1590 707 ct
1616 667 1671 706 eis
1701 681 1726 706 a
1756 680 1817 705 me

349 727 639 776 denunciatum,
660 730 790 769 statim
811 730 1050 782 recepissent
1061 729 1269 769 2-——harum
1301 744 1423 768 rerum
1458 729 1681 769 testimonia
1707 729 1817 767 vobis

348 793 623 832 recitabuntur.

905 938 1263 978 TESTIMONIA.

407 1037 468 1074 18.
499 1036 599 1073 Cum
620 1042 763 1081 autem,
777 1041 1033 1086 posteaquam
1050 1034 1104 1072 eis
1118 1034 1410 1080 denunciaram‚
1427 1034 1601 1080 Jmlices,
1619 1040 1664 1072 ut
1682 1046 1816 1084 anum,

347 1111 464 1150 quam
479 1098 579 1136 male
595 1098 841 1142 mulctarant,
863 1097 1045 1135 adductis
1059 1097 1218 1135 medicis
1236 1104 1429 1143 curarent,
1444 1109 1525 1135 rem
1545 1096 1816 1148 neglexerunt,

348 1173 422 1212 ego
441 1160 523 1212 ipse
536 1155 737 1199 ¹medicum
760 1173 837 1211 quo
858 1160 1001 1198 multos
1023 1173 1146 1198 annos
1166 1161 1315 1198 fueram
1346 1173 1454 1206 usus,
1472 1160 1538 1210 qui
1570 1172 1656 1198 eam
1691 1172 1818 1209 aegro-

347 1230 496 1261 tantem
525 1230 691 1268 curaret,
722 1221 935 1268 accersivi;
964 1222 1075 1272 eique
1108 1228 1152 1259 ut
1180 1222 1246 1259 illa
1273 1221 1412 1260 affecta
1441 1227 1546 1259 esset
1564 1221 1730 1259 testibus
1750 1221 1818 1258 ad-

347 1285 477 1323 ductis
493 1285 660 1323 ostendi.
702 1285 733 1320 E
751 1296 828 1335 quo
852 1297 941 1322 cum
963 1283 1175 1329 audissem,
1192 1284 1356 1334 graviter
1371 1296 1456 1321 eam
1474 1283 1664 1328 laborare,
1685 1295 1730 1321 ac
1750 1283 1817 1320 de—

346 1346 498 1399 plorata
525 1359 610 1384 esse
642 1343 876 1390 valetudine,
895 1358 1028 1383 rursus
1057 1344 1142 1383 aliis
1171 1345 1335 1383 testibus
1360 1345 1555 1390 adhibitis,
1576 1344 1632 1382 eis
1666 1345 1819 1383 ostendi

345 1416 391 1447 ut
407 1408 550 1447 affecta
568 1415 684 1454 esset,
709 1415 748 1446 et
768 1408 851 1446 istis
876 1407 1107 1445 denunciavi
1134 1413 1178 1445 ut
1203 1420 1287 1445 eam
1306 1412 1499 1444 curarent.
1548 1406 1670 1444 Sexto
1689 1413 1818 1445 autem

346 1471 424 1516 die,
446 1477 655 1522 postquam
670 1469 731 1507 isti
751 1469 789 1506 in
810 1468 916 1507 aedes
937 1468 1103 1520 ingressi
1120 1469 1288 1514 fuerant,
1309 1468 1404 1505 obiit
1423 1468 1552 1506 nutrix
1572 1481 1672 1506 mea.
1721 1468 1818 1512 Quae

348 1541 390 1571 ut
416 1545 507 1571 vera
526 1546 613 1571 esse
639 1538 807 1577 constet,
826 1531 1049 1570 testimonla
1075 1531 1184 1569 vob'rs
1215 1530 1496 1569 recitabuntur.

914 1685 1270 1724 TESTIMONIA.

348 1783 405 1821 Ea
423 1782 610 1821 defuncta
624 1781 915 1833 jureconsultos
938 1780 1027 1827 adii,
1048 1788 1090 1818 ut
1109 1793 1388 1831 cognoscerem
1408 1781 1502 1833 quid
1525 1794 1573 1820 ea
1597 1782 1692 1820 mihi
1710 1783 1758 1821 de
1779 1797 1819 1822 re

345 1845 565 1884 faciendum
579 1851 700 1887 esset,
719 1851 758 1882 et
777 1844 831 1881 eis
851 1856 1006 1881 omnem
1028 1856 1108 1880 rem
1130 1850 1280 1894 gestam
1297 1845 1473 1895 exposui,
1495 1843 1708 1882 adventum
1727 1845 1821 1884 isto-

345 1920 443 1953 rum,
463 1913 514 1951 et,
535 1906 850 1944 benevolentiam
870 1905 1056 1951 mulieris,
1076 1912 1116 1942 et
1140 1911 1185 1942 ut
1213 1918 1298 1943 earn
1328 1905 1366 1942 in
1398 1905 1550 1943 aedibus
1580 1906 1820 1957 habuissem,

344 1976 384 2007 et
402 1976 446 2007 ut
466 1975 622 2020 propter
640 1968 834 2020 cymbium
854 1973 1046 2005 retentum
1067 1967 1241 2005 obiisset.
1301 1967 1374 2005 His
1389 1967 1649 2019 jureconsulti
1678 1969 1821 2008 auditis

344 2045 407 2070 me
439 2031 742 2082 interrogarunt,
774 2036 954 2067 utrumne
985 2028 1078 2066 mihi
1100 2029 1149 2067 de
1170 2030 1256 2079 jure
1277 2028 1472 2067 duntaxat
1499 2029 1741 2080 responderi,
1769 2044 1819 2069 an

345 2094 461 2133 etiarn
494 2093 700 2132 consilium
731 2091 814 2130 dari
835 2091 999 2130 vellem?
1029 2091 1096 2129 Me
1117 2091 1379 2144 respondente
1409 2099 1633 2144 utrumque,
1657 2093 1819 2144 proinde

343 2157 413 2196 tibi
431 2162 469 2194 et
487 2156 537 2194 de
552 2155 652 2207 jure,
673 2154 864 2206 inquiunt,
885 2153 1223 2204 respondebimus,
1242 2160 1283 2192 et
1309 2153 1418 2192 utilia
1436 2155 1685 2193 consulemus
1704 2168 1713 2193 ε
1741 2156 1819 2206 pri-

342 2231 451 2257 mum
470 2225 513 2256 ut
531 2218 571 2256 in
598 2216 795 2255 efferendo
815 2217 952 2254 funere
971 2215 1124 2253 hastam
1144 2215 1348 2263 adhibeas,
1363 2223 1402 2254 et
1417 2215 1466 2254 ad
1485 2216 1709 2267 sepulcrum
1730 2230 1820 2268 pro-

342 2280 503 2326 clames,
525 2279 557 2318 si
584 2279 671 2330 quis
700 2279 735 2317 ei
768 2278 818 2317 sit
848 2284 1064 2329 cognatus3
1097 2278 1239 2317 deinde
1267 2285 1311 2316 ut
1335 2278 1558 2329 sepulcrum
1578 2278 1628 2317 ad
1648 2279 1819 2317 triduum

343 2341 557 2381 custodias.
615 2340 716 2378 Haec
737 2340 806 2378 tibi
829 2339 1054 2383 suademus,
1076 2339 1235 2390 quando
1251 2339 1333 2391 ipse
1355 2353 1434 2378 non
1454 2339 1610 2386 affuisti,
1632 2340 1703 2379 sed
1725 2354 1820 2379 uxor

343 2404 536 2442 duntaxat
554 2408 594 2440 et
612 2401 724 2440 liberi
752 2401 821 2447 tui,
841 2401 982 2452 aliique
999 2407 1120 2439 testes
1141 2401 1210 2439 tibi
1230 2415 1308 2440 non
1329 2408 1434 2449 sunt,
1465 2409 1506 2440 ut
1534 2402 1727 2441 neminem
1747 2416 1819 2441 no-

343 2465 518 2504 minatim
549 2464 659 2511 cites,
679 2463 749 2502 sed
779 2469 914 2501 sontes
948 2470 986 2501 et
1015 2463 1307 2502 interfectores:
1338 2464 1482 2503 deinde
1517 2463 1568 2503 ad
1601 2478 1733 2516 regem
1768 2479 1817 2504 ne

343 2527 519 2572 deferas;
549 2539 677 2577 neque
709 2525 812 2564 enim
847 2524 886 2562 id
920 2523 1006 2575 lege
1037 2524 1106 2562 tibi
1135 2525 1240 2565 licet.
1299 2526 1400 2563 Cum
1430 2540 1452 2564 e
1479 2533 1548 2565 tua
1572 2526 1720 2565 familia
1740 2540 1818 2565 non

342 2590 457 2630 fuerit
486 2601 533 2628 ea
561 2587 710 2634 mulier,
730 2600 856 2638 neque
877 2585 1032 2633 ancilla,
1053 2587 1085 2624 si
1107 2586 1162 2625 ita
1182 2594 1243 2625 est
1267 2594 1311 2626 ut
1329 2595 1369 2626 tu
1398 2588 1520 2627 dicis:
1551 2588 1656 2640 leges
1688 2596 1820 2627 autem

343 2651 521 2704 cognatis
541 2657 582 2689 et
600 2648 766 2688 dominis
789 2648 981 2687 actionem
1001 2647 1108 2687 dant.
1167 2648 1351 2695 Proinde,
1377 2649 1410 2687 si
1438 2650 1489 2688 ad
1508 2650 1729 2688 Palladium
1753 2651 1818 2703 ju-

342 2713 437 2752 raris
469 2713 567 2765 ipse,
599 2725 709 2758 uxor,
744 2711 866 2756 liberi,
895 2716 933 2748 et
964 2722 1034 2749 vos
1068 2710 1334 2762 familiamque
1369 2718 1537 2750 vestram
1572 2711 1817 2759 devoveritis,

343 2774 455 2813 multi
476 2781 516 2812 et
535 2774 647 2825 pejus
666 2772 714 2811 de
735 2779 772 2810 te
792 2772 1091 2816 existimabunt;
1123 2777 1176 2818 et,
1209 2772 1240 2809 si
1264 2771 1317 2809 illi
1338 2772 1604 2820 absolventur,
1626 2773 1819 2825 pejerasse

342 2845 382 2877 te
396 2837 605 2890 putabunt,
627 2836 687 2874 sin
706 2848 793 2874 reos
813 2835 1024 2887 peregeris,
1043 2834 1189 2873 invidia
1207 2840 1245 2873 te
1264 2833 1459 2873 onerabis.
1517 2835 1576 2873 Tu
1601 2848 1693 2874 vero
1712 2835 1818 2874 facta

341 2909 382 2940 et
415 2915 484 2953 pro
514 2907 552 2939 te
583 2906 624 2939 et
648 2912 720 2952 pro
749 2899 895 2937 familia
921 2897 1144 2951 expiatione
1175 2910 1291 2949 quam
1319 2890 1544 2949 aequissimo
1569 2898 1698 2938 animo
1717 2898 1818 2937 ferto

342 2962 619 3004 calamitatem,
641 2961 730 3000 alibi
751 2966 894 3006 autem,
918 2960 1040 2999 sicubi
1060 2959 1181 3006 voles,
1201 2959 1377 3010 injuriam
1397 2959 1615 2999 ulcisceris.
