1948 3306
331 191 404 226 66⁵<
626 189 681 225 IN
721 187 991 227 EVERGUM
1027 190 1091 227 ET
1123 189 1502 227 MNESIBULUM.

763 352 878 389 LEX.
936 351 1354 390 TESTIMONIUM.

383 448 449 485 21.
479 445 579 484 Eum
606 447 722 499 igitur
742 447 984 486 concessisse
1005 453 1043 484 et
1061 446 1261 485 distulisse
1293 446 1394 485 diem
1416 458 1438 483 e
1459 445 1626 483 testibus
1647 445 1798 484 audivi-

329 508 397 546 stis
415 522 423 547 :
454 522 514 546 me
536 515 666 548 autem
686 509 916 548 instruxisse
937 509 1145 556 triremem,
1164 517 1204 547 et
1223 509 1379 561 quidem
1400 521 1485 546 eam
1500 520 1576 559 qua
1593 507 1800 559 imperator

329 571 580 610 Alcimachus
601 572 818 619 veheretur,
839 572 992 623 collega
1023 571 1060 609 in
1091 571 1322 623 praefectura
1347 584 1456 609 meus
1478 578 1538 609 est
1558 569 1815 623 testificatus..

330 635 499 674 Proinde
521 635 616 673 nihil
635 649 660 674 a
680 648 738 673 me
769 642 899 688 petere
928 634 1057 687 potuit
1086 642 1241 686 propter
1261 633 1417 672 dilatam
1438 632 1684 680 solutionem,
1702 645 1799 683 prae·

329 698 460 736 sertim
494 711 582 735 cum
600 697 740 736 vellem
772 698 947 736 solvere:
979 697 1047 735 secl
1068 696 1206 748 ingens
1236 703 1294 735 est
1317 696 1484 734 hominis
1504 694 1665 733 avaritia
1682 701 1798 745 atque

328 759 535 812 cupiditas,
555 759 734 807 Judices‚
755 767 833 798 tam
855 759 1067 798 minoribus
1088 772 1203 811 quam
1220 758 1428 812 majoribus
1449 758 1487 796 in
1508 758 1633 796 rebus.
1673 755 1800 795 Probe

328 821 419 860 item
441 822 630 869 sciebant,
652 823 683 860 si
701 823 903 861 mulierem
923 822 1189 868 tradidissent,
1213 822 1342 873 palam
1362 821 1456 868 fore,
1472 834 1533 859 me
1551 820 1653 858 falso
1676 821 1724 858 ab
1744 820 1800 858 eis

328 896 416 922 esse
439 891 690 922 accusatum:
723 885 782 923 sin
801 899 879 923 non
906 884 1174 932 tradidissent,
1195 897 1310 934 quarn
1338 897 1424 921 eum
1454 883 1606 921 tradere
1631 882 1801 920 voluisse

327 946 521 984 testificati
542 947 710 993 fuerant,
731 947 812 985 fore
831 953 874 985 ut
901 947 987 985 falsi
1007 945 1219 984 testimonii
1239 946 1574 984 convincerentur.
1631 945 1712 982 Oro
1733 958 1800 982 au-

326 1012 410 1044 tem
426 1020 507 1054 vos,
527 1007 704 1054 Judices,
721 1009 750 1046 si
768 1009 855 1059 quis
875 1021 1006 1047 eorum
1026 1008 1124 1046 forte
1141 1007 1206 1059 qui
1219 1013 1303 1045 tum
1316 1008 1381 1058 jus
1399 1007 1583 1045 dixerunt
1596 1005 1659 1044 hic
1676 1005 1802 1052 adest,

327 1075 371 1106 ut
390 1069 529 1107 iisdem
561 1070 723 1108 utamini
755 1070 953 1116 institutis,
975 1069 1114 1121 quibus
1141 1076 1222 1108 tum
1253 1082 1424 1121 quoque.
1480 1068 1540 1107 Ac
1572 1068 1603 1106 si
1627 1067 1801 1106 testimo-

326 1130 432 1167 nium
464 1139 547 1169 tum
569 1132 645 1170 fide
667 1132 829 1183 dignum
848 1132 972 1171 visum
994 1138 1068 1179 est,
1088 1132 1119 1170 si
1145 1145 1206 1170 me
1233 1131 1385 1183 fugisse
1413 1143 1490 1181 quo
1515 1130 1638 1168 minus
1654 1129 1799 1168 'veritas

326 1202 633 1244 cognosceretur
655 1209 702 1233 ex
725 1195 882 1233 muliere
898 1195 1074 1246 putastis,
1094 1208 1182 1233 cum
1204 1207 1310 1232 nunc
1330 1193 1393 1232 isti
1414 1193 1557 1232 falsum
1578 1192 1723 1231 dixisse
1743 1198 1800 1230 te-

327 1255 548 1294 stimonium
571 1257 852 1295 convincantur
871 1264 909 1294 et
928 1257 1126 1294 mulierem
1147 1255 1300 1294 tradere
1320 1262 1515 1303 recusent,
1537 1261 1579 1292 ut
1608 1267 1667 1292 me
1686 1254 1800 1306 juve-

324 1316 400 1355 tis:
430 1319 535 1369 quod
569 1320 601 1357 si
635 1319 727 1357 mihi
762 1319 847 1357 irati
878 1319 1020 1365 fuistis,
1054 1319 1162 1370 quod
1192 1318 1354 1370 pignora
1385 1324 1571 1369 capturus
1611 1317 1661 1356 ad
1692 1317 1799 1355 aedes

324 1375 746 1432 Theophemi'accessi,
778 1388 821 1418 ut
850 1388 889 1419 et
918 1381 1001 1420 istis
1036 1395 1139 1420 nunc
1173 1381 1406 1427 irascamini,
1427 1379 1531 1432 quod
1561 1393 1668 1418 meas
1693 1379 1801 1418 aedes

326 1440 561 1481 invaserunt.

379 1505 445 1542 22.
477 1505 606 1556 Atque
637 1517 724 1556 eg0,
751 1505 904 1556 legibus
936 1513 976 1543 et
1003 1504 1169 1544 decretis
1197 1511 1375 1552 coactus,
1393 1511 1522 1543 tamen
1551 1504 1632 1542 cavi
1663 1517 1710 1542 ne
1740 1503 1799 1541 vel

324 1565 374 1604 ad
394 1574 543 1617 patrem
563 1566 675 1604 istius
695 1566 932 1618 ingrederer,
951 1567 1012 1605 vel
1032 1567 1082 1605 ad
1104 1574 1277 1614 matrem,
1295 1567 1356 1606 vel
1375 1566 1584 1618 quiequam
1599 1565 1707 1617 quod
1726 1565 1801 1604 fra-

325 1629 393 1666 tris
414 1632 496 1678 ejus
520 1636 625 1668 esset
644 1629 850 1676 auferrem,
875 1630 944 1667 sed
967 1643 1012 1668 eo
1033 1629 1121 1668 veni
1142 1630 1206 1668 ubi
1235 1630 1319 1681 ipse
1340 1629 1619 1680 Theophemus
1650 1628 1801 1666 habita-

323 1690 415 1729 bat:
447 1705 564 1742 quem
583 1705 670 1729 cum
692 1691 796 1729 domi
817 1705 895 1730 non
926 1691 1173 1742 reperissem,
1193 1692 1288 1730 nihil
1314 1705 1363 1730 ex
1397 1691 1546 1729 aedibus
1576 1690 1710 1742 eripui,
1731 1690 1800 1729 sed

324 1753 472 1790 accersi
485 1753 588 1804 jussi
604 1766 613 1791 z
645 1759 683 1791 et
702 1759 897 1804 praesente
918 1766 978 1798 ec,
994 1766 1070 1791 non
1095 1754 1269 1800 absente,
1288 1753 1452 1805 pignora
1466 1752 1574 1804 cepi;
1606 1765 1694 1804 quae
1710 1765 1798 1790 curn

324 1813 418 1852 mihi
457 1815 698 1866 eriperentur
729 1815 840 1853 amisi
871 1822 910 1852 et
935 1814 985 1852 ad
1011 1822 1187 1853 senatum
1215 1815 1510 1866 legitimumque
1533 1814 1801 1866 magistratum

324 1877 426 1915 abii:
458 1891 582 1928 eoque
616 1877 749 1916 delato
783 1884 822 1915 et
853 1876 1038 1915 damnato
1072 1877 1110 1915 in
1141 1884 1294 1924 senatu,
1315 1877 1407 1916 satis
1438 1891 1525 1915 esse
1549 1876 1643 1914 duxi
1674 1889 1799 1914 arma·

323 1945 456 1976 menta
486 1938 623 1991 simpla
655 1939 838 1990 recipere,
873 1939 921 1977 de
949 1938 1174 1977 verberibus
1201 1946 1332 1977 autem
1364 1938 1511 1990 sumpsi
1544 1938 1729 1976 arbitrum
1761 1945 1801 1977 et

322 2000 508 2039 mulctam
540 2008 663 2040 ratam
697 2001 828 2038 habui.
887 2001 943 2038 Ac
974 2014 1049 2052 ego
1080 2001 1238 2052 quidem
1269 2001 1370 2040 adeo
1390 2014 1452 2039 me
1478 2000 1608 2039 lenem
1636 2000 1675 2038 in
1703 2000 1798 2039 istos

322 2063 485 2113 praebui.
522 2063 589 2102 Isti
617 2076 708 2102 vero
728 2063 782 2102 ita
800 2064 1020 2115 petulantes
1042 2069 1081 2101 et
1097 2063 1304 2115 importuni
1325 2063 1495 2111 fuerunt,
1516 2070 1560 2101 ut
1578 2076 1736 2101 uxorem
1758 2069 1800 2101 et

322 2124 465 2163 liberos
485 2126 760 2177 opprimerent,
782 2138 869 2163 cum
891 2125 1047 2177 quidem
1066 2138 1158 2164 oves
1179 2132 1218 2164 et
1234 2125 1405 2164 famulos
1424 2124 1690 2172 abstulissent,
1709 2138 1798 2176 quae

322 2187 444 2238 pluris
467 2194 578 2226 erant
598 2200 713 2239 quam
746 2187 883 2239 quanti
912 2200 973 2226 me
999 2187 1336 2227 condemnarant:
1364 2201 1452 2226 cum
1472 2201 1586 2240 porro
1615 2188 1718 2226 diem
1739 2188 1798 2226 di-

322 2256 425 2287 ctam
446 2249 705 2295 distulissent,
726 2262 878 2301 egoque
909 2250 1174 2301 promisissem
1207 2264 1281 2299 me,
1303 2257 1347 2289 ut
1367 2264 1388 2289 e
1417 2249 1582 2289 testibus
1615 2249 1795 2295 audistis,

323 2312 508 2350 mulctam
538 2313 593 2350 eis
627 2312 859 2359 soluturum,
879 2312 916 2349 in
943 2312 1049 2350 aedes
1074 2312 1239 2364 ingressi
1260 2320 1364 2360 sunt,
1384 2319 1424 2351 et
1453 2310 1710 2364 supellectilia
1730 2325 1796 2350 ex-

322 2380 534 2424 portarunt,
555 2380 594 2412 et
615 2374 821 2420 nutricem,
844 2387 975 2412 senem
996 2374 1209 2422 mulierem,
1228 2382 1384 2427 propter
1403 2374 1601 2428 cymbium
1620 2375 1796 2414 excarni-

322 2437 512 2479 ficarunt3
545 2449 633 2487 quae
659 2435 789 2474 omnia
820 2436 1033 2474 etiamnum
1062 2443 1210 2483 tenent,
1232 2444 1271 2475 et
1290 2436 1465 2476 nondum
1484 2436 1710 2483 restituunt,
1732 2450 1795 2476 so-

323 2499 411 2537 lutis
427 2513 450 2537 a
468 2512 530 2537 me
550 2499 654 2538 mille
674 2499 860 2537 trecentis
881 2499 1041 2550 triginta
1059 2495 1179 2538 tribus
1198 2500 1394 2539 drachmis
1414 2500 1568 2538 duobus
1588 2499 1726 2538 obolis.

375 2563 439 2601 23.
472 2562 512 2599 Si
531 2561 618 2613 quis
650 2567 779 2599 autem
813 2574 879 2599 eos
911 2568 994 2599 tum
1020 2561 1226 2612 ignoravit,
1247 2561 1520 2614 ac‘simplices
1550 2561 1725 2600 homines
1756 2568 1795 2600 et

320 2623 471 2674 quietos
493 2636 578 2661 esse
598 2622 763 2674 putavit,
785 2623 1007 2661 testimonia
1026 2624 1135 2662 vobis
1162 2623 1211 2662 de
1231 2624 1301 2667 eis,
1330 2637 1419 2676 quae
1439 2623 1635 2662 testificati
1656 2622 1748 2661 mihi
1769 2624 1792 2661 ii

322 2678 412 2724 sunt
431 2699 529 2737 quos
560 2685 620 2723 isti
653 2684 801 2737 injuriis
832 2683 1059 2732 affecerunt,
1081 2686 1414 2730 recitab0‚-nam
1435 2684 1484 2724 ad
1512 2682 1558 2724 ea
1577 2686 1793 2724 enarranda

321 2762 421 2799 aqua
443 2748 533 2785 mihi
555 2748 735 2786 defutura
749 2754 919 2793 esset—-,
936 2747 1052 2786 uthis
1069 2748 1262 2795 omnibus,
1274 2761 1360 2799 quae
1377 2744 1450 2786 eta
1463 2761 1521 2784 me
1538 2754 1577 2786 et
1590 2761 1613 2786 a
1625 2747 1791 2787 testibus

319 2809 424 2848 dicta
454 2818 555 2856 sunt,
588 2809 857 2856 consideratis,
889 2809 943 2847 ita
974 2810 1235 2861 pronuncietis
1263 2817 1307 2848 ut
1331 2816 1461 2848 vestra
1492 2810 1589 2849 fides
1610 2817 1648 2849 et
1675 2806 1792 2862 juris-

315 2873 470 2923 jurandi
491 2872 626 2924 religio
646 2872 831 2924 postulat.
892 2873 1030 2910 Recita
1051 2871 1280 2910 testimonia.

890 2967 1242 3007 TESTIMONIA.
