1915 3356
836 466 904 506 VI.

380 582 472 629 AD
527 583 849 635 SENATUM
907 588 1376 649 POPULUMQUE

621 685 1127 740 ATHENIENSEM

313 903 723 950 DEMOSTHENES
753 912 988 954 SENATUI
1018 915 1351 964 POPULOQUE
1383 924 1422 959 S‚

194 1005 408 1047 Ri-:nm'rAE
434 1019 524 1050 sunt
543 1013 592 1051 ab
613 1015 818 1067 Antiphilo
839 1017 958 1056 literae
984 1022 1136 1059 senatui
1157 1023 1363 1071 sociorum,
1383 1026 1485 1064 bona
1504 1028 1589 1079 qui-

136 1066 225 1104 dem
258 1077 481 1122 exspectare
515 1075 732 1116 volentibus
765 1080 916 1131 scriptae
936 1084 1151 1131 commode,
1183 1086 1253 1124 sed
1278 1100 1363 1138 quae
1396 1089 1589 1140 Antipatri

136 1129 316 1169 ministris
335 1133 475 1173 multos
496 1143 535 1174 et
555 1137 729 1177 difficiles
751 1153 944 1181 sermones
966 1145 1227 1196 suppeditent,
1248 1148 1313 1198 qui
1343 1151 1511 1201 acceptis
1540 1153 1587 1190 ab

137 1191 340 1244 Antipatro
370 1195 491 1236 literis
532 1199 579 1237 ad
617 1200 857 1241 Dinarchum
887 1204 1115 1245 Corinthum
1152 1209 1278 1248 missis
1310 1223 1444 1250 omnes
1475 1212 1588 1252 Pelo-

133 1255 294 1302 ponnesi
324 1256 439 1295 urbes
461 1258 504 1297 iis
525 1262 766 1301 sermonibus
797 1265 1063 1317 impleverunt,
1092 1283 1189 1320 quos
1221 1271 1259 1309 in
1279 1272 1431 1312 illorum
1459 1276 1587 1326 capita

134 1312 187 1351 dii
218 1324 457 1357 convertant.
515 1321 615 1360 Cum
646 1337 734 1363 vero
772 1325 849 1365 huc
875 1330 1115 1379 pervenisset
1144 1331 1218 1370 iste
1247 1333 1312 1384 qui
1341 1349 1444 1373 nunc
1477 1336 1587 1375 adest

131 1388 220 1415 cum
255 1391 342 1418 meo
379 1382 579 1423 tabellario
626 1385 755 1426 literas
790 1389 935 1429 ferente
972 1404 995 1430 a
1032 1392 1263 1434 Polemaesto
1292 1397 1341 1434 ad
1383 1397 1584 1449 Epinicum

131 1437 301 1488 fratrem,
322 1442 445 1481 virum
465 1446 580 1484 vestri
606 1449 822 1488 studiosum
850 1458 891 1489 et
920 1454 994 1492 mei
1015 1462 1221 1503 amantem,
1242 1464 1356 1510 atque
1375 1460 1424 1498 ab
1443 1459 1508 1498 illo
1535 1460 1583 1498 ad

131 1513 192 1539 me
208 1502 415 1553 perductus
433 1514 550 1553 esset,
570 1522 646 1560 ego
667 1511 798 1563 audito
819 1514 954 1552 nuntio
974 1528 1062 1553 eum
1080 1517 1131 1554 ad
1150 1532 1216 1556 vos
1242 1520 1471 1559 mittendum
1492 1535 1583 1559 cen-

130 1563 202 1609 sui,
232 1570 289 1613 ut,
308 1567 509 1618 perspicue
536 1573 649 1610 rebus
681 1575 860 1614 omnibus
892 1590 980 1628 quae
1004 1577 1043 1615 in
1069 1581 1204 1619 castris
1230 1582 1454 1622 acciderunt
1471 1598 1517 1623 ex
1537 1598 1583 1623 eo

127 1626 192 1677 qui
212 1632 294 1665 tum
311 1629 444 1680 praelio
463 1631 637 1673 interfuit
655 1636 808 1685 auditis,
827 1647 866 1677 et
895 1639 934 1677 in
957 1642 1164 1692 praesentia
1192 1645 1303 1684 bonis
1329 1646 1462 1685 animis
1487 1648 1582 1693 sitis,

130 1694 170 1725 et
188 1688 336 1741 reliqua
365 1691 438 1730 diis
466 1693 565 1734 bene
596 1696 882 1739 fortunantibus
911 1701 1002 1741 talia
1032 1703 1127 1753 fore,
1145 1705 1276 1757 qualia
1295 1708 1424 1755 vultis,
1444 1722 1582 1761 exspe—

129 1750 258 1789 ctetis.
314 1752 466 1792 Valete.

532 2167 704 2193 LATINAE
737 2166 1129 2197 INTERPRETATION
1142 2173 1177 2197 15

589 2256 766 2284 OPERUM
799 2257 1063 2284 DEMOSTHEN
1075 2259 1110 2283 15

767 2349 922 2386 FINIS.
