1915 3356
548 196 841 236 ADVERSUS
873 196 1215 235 EUBULIDEM.·
1512 199 1587 234 747

131 299 280 338 merito.
336 301 530 342 Quorsum
563 301 666 339 enirn
687 300 837 347 attinet,
857 299 964 338 vobis
985 312 1032 337 ea
1051 311 1206 337 narrare
1225 312 1314 350 quae
1333 299 1407 351 ipsi
1435 299 1587 338 nostis?

131 361 386 401 Considerate
406 362 535 414 igitur.
559 363 674 407 Quod
687 375 758 400 nos
775 362 812 399 in
834 362 916 399 foro
936 368 1129 412 quaestum
1149 361 1324 406 facimus,
1346 361 1385 399 id
1404 361 1442 399 in
1457 360 1588 413 primis

128 430 360 474 argumento
378 437 465 463 esse
484 431 592 476 puto,
612 425 728 463 istum
749 423 849 462 falsa
868 423 979 461 nobis
999 423 1210 475 impingere
1230 424 1401 462 crimina.
1459 424 1587 469 Quam

127 483 230 523 enim
246 485 453 525 fasciarum
471 486 723 525 venditricem
741 486 862 524 fuisse
882 485 989 532 dicit,
1009 492 1048 523 et
1063 484 1307 523 manifestam
1327 486 1519 531 omnibus,
1539 485 1589 524 de

126 559 174 585 ea
191 561 262 599 par
280 549 354 589 fuit
373 549 507 599 utique
523 549 720 587 testificari
743 548 900 594 multos,
921 547 986 599 qui
1005 548 1078 599 ipsi
1097 561 1182 586 eam
1199 546 1410 593 novissent,
1430 560 1507 585 non
1522 548 1589 598 qui

126 608 222 647 nihil
254 616 393 662 praeter
422 610 596 649 auditum
627 611 830 649 referrent.
888 610 991 648 Nam
1018 610 1049 648 si
1076 609 1279 661 peregrina
1295 609 1449 655 fuisset,
1468 622 1588 648 excu-

125 671 258 710 tienda
288 673 444 711 fuerunt
460 673 667 724 vectigalia
694 674 734 712 in
767 674 866 721 foro,
892 680 932 711 et
957 687 1048 711 num
1077 672 1367 724 peregrinorum
1401 672 1586 710 tributum

125 734 354 785 pependerit
372 735 657 787 inquirendum,
686 743 726 774 et
746 736 854 787 cujas
875 735 991 774 fuerit
1010 735 1294 774 ostendendum
1314 749 1323 773 :
1354 735 1413 773 sin
1433 735 1588 782 ancilla,

123 795 163 833 in
183 797 314 847 primis
341 803 504 849 emptor,
526 797 583 835 sin
611 798 752 845 minus,
776 797 954 836 venditor
978 797 1253 849 producendus
1282 797 1367 844 fuit,
1396 797 1462 849 qui
1480 797 1589 835 testi-

121 858 294 896 monium
323 859 363 896 in
393 872 478 897 eam
507 859 665 906 diceret,
685 867 753 899 aut
783 860 918 899 saltem
952 860 1050 899 alius
1080 859 1285 911 quispiam,
1304 859 1369 910 qui
1393 860 1588 911 probaret,

121 931 207 957 eam
225 920 287 959 vel
306 920 532 960 servitutem
553 922 732 970 servisse,
752 923 814 961 vel
842 935 927 961 esse
957 921 1246 961 manumissam.
1304 922 1421 960 Nunc
1448 922 1586 961 horum

120 981 216 1020 nihil
235 983 419 1029 ostendit,
440 984 510 1023 sed
527 984 673 1023 crimen
692 985 844 1037 objecit,
861 991 906 1023 ut
924 985 1016 1023 mihi
1034 984 1198 1030 videtur,
1217 984 1361 1022 nullius
1390 986 1586 1024 momenti.

122 1044 170 1082 Id
188 1044 290 1083 enim
310 1052 372 1084 est
389 1046 679 1086 calumniatoris
697 1047 918 1099 ingenium:
932 1046 1122 1097 criminari
1143 1046 1284 1094 omnia,
1298 1048 1461 1098 probare
1480 1047 1587 1085 nihil.

121 1105 280 1145 Deinde
307 1106 404 1146 illud
435 1109 551 1147 etiam
580 1109 620 1148 in
649 1116 810 1148 matrem
835 1109 945 1155 dixit,
979 1122 1063 1148 eam
1091 1108 1278 1147 nutricem
1312 1109 1442 1147 fuisse.
1503 1110 1587 1148 Nos

120 1181 226 1213 vero,
248 1181 337 1207 cum
356 1177 488 1209 nostra
508 1171 600 1209 urbs
620 1171 773 1210 cladem
802 1172 1032 1224 accepisset,
1062 1177 1102 1210 et
1121 1184 1256 1209 omnes
1277 1172 1391 1209 rebus
1413 1171 1586 1210 adversis

118 1229 445 1277 conflictarentur,
465 1246 544 1270 non
564 1233 781 1271 inficiamur
799 1233 874 1272 hoc
901 1246 986 1272 esse
1007 1233 1152 1271 factum
1168 1246 1178 1276 ;
1209 1245 1285 1283 quo
1305 1240 1421 1284 pacto
1443 1241 1586 1280 autem,

118 1297 157 1330 et
175 1291 317 1343 quibus
333 1291 380 1331 de
399 1293 527 1332 causis
549 1307 754 1333 mammam
771 1294 994 1346 praebuerit,
1014 1307 1088 1345 ego
1105 1293 1310 1346 perspicue
1326 1294 1435 1332 vobis
1455 1302 1584 1333 osten-

118 1353 224 1394 dam.
281 1355 421 1407 Neque
450 1369 542 1395 vero
572 1357 774 1409 quisquam
793 1364 978 1403 vestrum,
1007 1355 1282 1402 Athenienses,
1305 1356 1437 1408 iniquo
1457 1358 1585 1396 animo

117 1416 297 1469 accipiat.
355 1417 484 1457 Etiam
504 1433 609 1458 nunc
628 1420 733 1458 cives
750 1420 932 1458 mulieres
960 1420 1101 1458 multas
1120 1419 1337 1467 invenietis,
1358 1433 1445 1471 quae
1466 1422 1587 1460 nutri-

117 1491 206 1517 cum
233 1478 448 1531 fungantur
480 1481 644 1519 officiis:
674 1494 769 1532 quas
796 1482 906 1520 vobis
937 1481 998 1520 vel
1036 1482 1276 1528 nominatim,
1298 1481 1330 1519 si
1356 1489 1488 1521 vestra
1516 1497 1584 1522 vo-

113 1540 244 1579 luntas
262 1541 373 1588 feret,
392 1541 578 1581 dicemus.
631 1543 748 1587 Quod
765 1538 797 1581 s'i
819 1543 958 1582 divites
979 1557 1168 1590 essemuS‚
1189 1556 1316 1595 neque
1336 1544 1473 1583 taenias
1492 1558 1585 1583 ven-

114 1602 310 1650 deremus,
342 1617 469 1656 neque
502 1604 668 1656 denique
705 1604 840 1656 inopes
881 1619 1069 1644 essemus.
1145 1606 1223 1644 Sed
1260 1605 1353 1657 quid
1386 1607 1462 1645 ista
1494 1621 1584 1646 cum

113 1678 258 1716 genere
277 1666 463 1704 consortii
482 1665 658 1705 habent?
697 1667 889 1718 Equidem
906 1667 1000 1705 nihil
1021 1666 1169 1719 opinor.
1207 1667 1268 1705 Ne
1288 1681 1390 1715 vero,
1408 1669 1585 1717 Judices,

113 1738 307 1778 pauperes
327 1727 739 1779 aspernemini-satis
757 1728 856 1767 enim
877 1728 932 1767 eis
945 1735 1005 1767 est
1022 1729 1061 1766 in
1082 1728 1167 1780 ipsa
1181 1736 1410 1781 paupertate
1424 1731 1583 1779 mali—-,

114 1801 239 1839 neque
273 1802 341 1828 eos
375 1790 505 1837 etiam,
527 1790 593 1841 qui
621 1790 823 1842 quaeritare
843 1790 1002 1837 victum,
1024 1797 1064 1828 et
1090 1791 1217 1829 vivere
1251 1792 1334 1830 sine
1367 1793 1583 1845 cujuspiam

111 1850 252 1903 injuria
270 1850 491 1890 instituunt.
549 1853 629 1890 Sed
650 1852 785 1891 audita
802 1865 856 1899 re,
876 1853 941 1890 ubi
962 1852 1070 1891 vobis
1090 1852 1220 1891 matris
1240 1862 1428 1904 cognatos
1453 1863 1582 1895 osten-

114 1912 206 1952 dero
230 1914 344 1962 tales,
364 1914 500 1965 quales
519 1914 778 1966 ingenuorum
802 1914 1002 1953 hominum
1027 1928 1113 1953 esse
1138 1915 1267 1963 decet,
1287 1916 1365 1967 qui,
1387 1919 1418 1956 si
1446 1918 1520 1957 iste
1545 1918 1584 1957 in

112 1989 199 2015 eam
219 1977 313 2016 talia
338 1978 501 2016 crimina
521 1977 742 2030 conjecerit,
773 1977 924 2030 ejurent
951 1984 990 2016 et
1014 1979 1270 2017 testificentur
1298 1993 1340 2017 se
1367 1980 1465 2018 scire
1496 1994 1581 2020 eam

113 2052 196 2078 esse
216 2040 351 2087 civem,
367 2054 464 2092 quos
484 2054 554 2080 vos
573 2040 718 2092 putatis
738 2053 824 2079 esse
842 2039 920 2079 fide
948 2039 1103 2092 dignos,
1124 2053 1209 2079 earn
1232 2040 1345 2079 nobis
1374 2043 1471 2081 ferte
1493 2057 1580 2082 sen-

112 2100 286 2148 tentiam,
305 2115 422 2153 quam
441 2103 614 2154 postulat
633 2102 811 2153 aequitas·

170 2164 232 2201 11.
262 2163 362 2202 Mihi
383 2178 476 2203 avus
493 2164 579 2211 fuit,
597 2163 870 2209 Athenienses,
890 2162 1021 2202 matris
1041 2170 1152 2215 pater
1170 2164 1444 2204 Damostratus
1466 2166 1581 2206 Meli-

111 2226 247 2264 tensis,
282 2225 328 2264 Ei
349 2233 563 2265 nascuntur
582 2233 750 2278 quatuor
764 2225 871 2264 liberi
892 2239 913 2263 e
929 2226 1053 2277 priore
1069 2239 1186 2277 quam
1200 2225 1338 2264 habuit
1353 2240 1486 2275 uxore,
1502 2228 1581 2267 filia

111 2295 152 2328 et
170 2289 286 2336 filius,
305 2289 369 2328 cui
387 2302 530 2328 nornen
549 2290 624 2328 fuit
642 2288 860 2341 Amytheo:
890 2301 912 2326 e
930 2288 1146 2340 posteriore
1163 2288 1439 2337 Chaerestrata,
1458 2297 1581 2330 mater

110 2346 210 2398 mea‘,
235 2357 275 2390 et
300 2351 554 2390 Timocrates.
614 2350 686 2390 His
714 2363 829 2402 porro
856 2349 966 2389 liberi
986 2358 1211 2398 nascuntur,
1239 2352 1477 2403 Amytheoni
1497 2353 1581 2392 Da—

108 2419 334 2460 mostratus,
360 2413 420 2452 avi
451 2426 594 2452 nomen
624 2413 806 2460 referens,
826 2419 865 2450 et
893 2412 1153 2460 Callistratus,
1173 2420 1212 2452 et
1231 2414 1463 2454 Dexitheus.
1520 2416 1579 2456 Ac

110 2474 303 2528 Amytheo
323 2475 477 2527 quidem
497 2489 545 2514 ex
565 2486 698 2514 eorum
717 2488 878 2513 numero
899 2481 960 2513 est
979 2475 1044 2525 qui
1065 2475 1105 2513 in
1125 2475 1258 2514 Sicilia
1277 2483 1317 2514 et
1351 2477 1577 2524 militarunt,

112 2544 152 2576 et
170 2537 368 2583 obierunt;
399 2545 439 2577 et
459 2539 636 2590 sepultus
657 2544 719 2576 est
736 2538 774 2576 in
803 2537 968 2589 publicis
989 2537 1251 2578 monimentis.
1288 2539 1339 2578 Et
1357 2539 1442 2578 haec
1458 2546 1577 2578 testes

111 2600 407 2638 confirmabunt.
453 2601 571 2639 Soror
590 2607 720 2639 autem
742 2601 840 2652 ejus,
861 2613 949 2652 quae
970 2600 1143 2639 Alaeensi
1160 2601 1334 2640 Diodoro
1355 2609 1477 2654 nupta
1491 2603 1578 2648 fuit,

110 2661 230 2700 filium
250 2662 397 2714 peperit
416 2661 646 2702 Ctesibium.
702 2663 740 2701 Is
755 2661 888 2714 Abydi
909 2661 1017 2708 obiit,
1031 2676 1119 2701 cum
1135 2663 1378 2716 Thrasybulo
1401 2664 1578 2704 militans.

112 2723 170 2762 Ex
203 2724 265 2762 his
296 2724 391 2763 vivit
422 2725 696 2764 Damostratus
727 2723 983 2777 Amytheonis
1010 2725 1126 2773 filius,
1161 2726 1293 2764 matris
1326 2739 1423 2764 meae
1449 2726 1576 2766 fratris

111 2785 226 2825 filius.
283 2786 558 2825 Chaerestratae
591 2788 687 2826 aviae
715 2800 814 2826 meae
843 2798 1012 2825 sororem
1046 2787 1155 2826 ducit
1188 2787 1452 2839 Apollodorus
1484 2788 1576 2827 Plo-

110 2848 273 2887 thensis.
329 2848 392 2887 Ex
410 2849 470 2887 his
491 2849 662 2889 nascitur
690 2848 958 2902 OlympichuS,
981 2862 1028 2887 ex
1048 2850 1281 2901 Olympicbo
1300 2849 1577 2902 Apollodorus.

114 2909 153 2949 Is
173 2910 279 2949 vivit.
336 2909 506 2951 Proinde
524 2924 620 2952 voca
640 2911 732 2950 mihi
750 2925 832 2951 eos.
