1948 3306
269 164 340 200 108
705 162 760 199 IN
793 157 1250 200 CTESIPHONTEM.

263 264 427 302 alienam
448 262 642 308 audirent,
665 263 713 301 ad
734 264 840 301 aliud
861 262 1021 314 aliquod
1052 261 1225 299 animum
1255 260 1475 298 advertunt.
1527 259 1617 298 Jam
1643 272 1736 298 vero

263 340 310 364 ex
337 326 618 364 Demosthenis
638 326 786 363 artibus
819 333 971 376 turpem
992 323 1317 361 consuetudinem
1338 323 1376 359 in
1391 321 1538 373 judicia
1566 323 1732 373 irrepere

267 389 422 426 sivistis.
464 388 622 425 Inversa
643 388 743 424 enim
765 388 875 424 nobis
902 393 992 424 sunt
1016 386 1107 436 jura
1127 384 1319 422 civitatis:
1345 390 1550 421 accusator
1576 383 1734 434 quidem

262 449 449 493 defendit,
472 463 559 486 reus
581 449 920 499 accusat,judices
943 460 1104 498 quarum
1126 459 1251 483 rerum
1272 445 1554 495 disceptatores
1575 445 1736 482 sedeant

261 511 457 548 interdum
485 512 778 555 obliviscuntur,
800 510 847 546 de
870 509 915 546 iis
935 522 1025 546 vero
1042 510 1167 553 rebus,
1184 520 1347 558 quarum
1363 505 1517 557 judices
1533 519 1610 543 non
1630 512 1736 553 sunt,

264 574 495 610 sententiam
528 573 626 610 ferre
648 578 854 622 coguntur.
916 571 1039 613 Reus,
1061 570 1092 608 si
1123 569 1282 620 quando
1303 581 1383 605 rem
1410 568 1532 618 ipsam
1553 567 1736 618 attigerit,

263 649 341 673 non
363 649 404 673 se
425 636 518 673 dicit
547 635 719 685 legitima
746 633 967 684 scripsisse,
1001 633 1069 670 sed
1098 633 1216 670 alium
1247 632 1361 670 etiam
1390 638 1506 669 antea
1531 645 1619 669 cum
1644 630 1738 669 talia

263 698 481 748 scripsisset
518 697 741 734 absolutum
779 709 862 733 esse
880 708 889 732 ε
934 708 1011 745 quo
1042 694 1199 745 quidem
1234 701 1464 744 argumento
1501 706 1738 744 magnopere

256 764 339 807 jam
360 773 463 797 nunc
485 758 630 795 elatum
651 771 737 795 esse
756 757 871 795 audio
893 756 1198 808 Ctesiphontem.

267 855 269 857 ,
319 823 383 858 65.
419 822 545 857 Ausus
569 826 629 856 est
659 819 870 869 aliquando
891 816 993 870 apud
1025 831 1094 856 vos
1126 818 1279 868 gloriari
1301 817 1535 868 Aristophon
1557 816 1619 854 ille
1641 816 1737 866 ΑΖΕ-

263 883 424 928 niensis,
447 896 487 920 se
511 883 759 933 septuaginta
778 882 950 932 quinque
979 881 1195 919 actionibus
1216 880 1265 918 de
1291 880 1454 918 decretis
1475 886 1611 917 contra
1629 880 1737 929 leges

262 945 375 982 factis
396 944 628 995 postulatum
651 943 784 981 fuisse.
830 944 881 981 At
902 956 977 979 non
1000 943 1052 980 ita
1069 942 1221 994 priscus
1243 943 1308 980 ille
1331 941 1541 993 Cephalus,
1570 941 1636 991 qui
1655 953 1737 978 om-

261 1006 369 1043 nium
387 1008 551 1043 maxime
572 1006 769 1057 popularis
786 1012 847 1043 est
861 1005 1033 1052 habitus,
1055 1018 1132 1042 non
1148 1006 1202 1042 ita
1222 1006 1364 1054 inquam
1381 1019 1392 1041 :
1425 1004 1493 1042 sed
1509 1003 1622 1055 plane
1643 1016 1737 1040 con-

262 1068 387 1105 trariis
419 1068 656 1118 gloriabatur
685 1068 811 1114 factis,
834 1067 939 1118 quod
965 1075 1118 1118 nempe,
1139 1079 1226 1105 cum
1245 1068 1360 1118 plura
1386 1079 1500 1118 quam
1529 1066 1614 1116 quis
1641 1064 1738 1103 alius

262 1130 469 1181 plebiscita
508 1130 738 1180 scripsisset,
774 1143 976 1180 nunquam
1015 1136 1145 1167 tamen
1175 1129 1223 1166 de
1253 1129 1420 1167 decretis
1458 1135 1592 1166 contra
1628 1128 1737 1178 leges

263 1191 417 1242 scriptis
439 1192 673 1229 reus-factus
695 1198 812 1238 esset,
833 1192 1024 1243 praeclara
1043 1204 1130 1229 mea
1155 1191 1312 1242 quidem
1333 1190 1525 1229 sententia
1546 1189 1736 1241 gloriatio.

264 1253 368 1290 Nam
391 1253 439 1291 de
472 1253 641 1291 decretis
661 1253 868 1292 adversum
890 1254 998 1305 leges
1021 1253 1134 1291 factis
1155 1253 1219 1291 alii
1250 1253 1345 1291 alios
1362 1252 1634 1304 postulabant,
1659 1265 1736 1289 non

262 1314 286 1351 ii
308 1321 459 1352 tantum
479 1315 543 1366 qui
576 1316 615 1352 in
635 1315 728 1366 reip.
750 1316 925 1366 partibus
946 1316 1196 1362 dissiderent,
1216 1328 1349 1353 verum
1371 1314 1487 1352 etiam
1506 1313 1621 1352 amici
1647 1314 1737 1351 ami-

217 1412 226 1417 ,
262 1389 344 1421 cos,
365 1377 396 1414 si
416 1377 509 1427 quid
542 1377 579 1414 in
610 1378 887 1428 rempublicam
907 1377 1206 1415 commisissent.
1250 1376 1298 1413 Id
1319 1383 1448 1414 autem
1480 1375 1622 1413 exinde
1643 1388 1738 1426 cog-

263 1439 447 1480 noscetis.
493 1439 688 1476 Areliinus
720 1440 878 1477 Coeleus
899 1439 1137 1477 ,violatarum
1164 1439 1296 1489 legum
1317 1438 1540 1490 postulabat
1566 1438 1736 1488 Thrasy-

265 1501 400 1537 bulum
429 1499 669 1546 Stiriensem,
689 1501 797 1551 quod
817 1507 953 1539 contra
972 1500 1080 1552 leges
1101 1501 1300 1538 decretum
1329 1500 1490 1546 fecerat,
1509 1513 1629 1537 unum
1661 1499 1736 1538 sci-

263 1562 353 1600 licet
381 1575 427 1599 ex
455 1562 497 1599 iis
519 1563 582 1613 qui
605 1576 735 1600 secum
760 1576 782 1600 a
802 1562 928 1614 Phyla
946 1562 1210 1607 revertissent,
1230 1569 1270 1600 et
1289 1575 1397 1600 reum
1417 1562 1577 1613 peregit,
1599 1574 1734 1599 recen-

260 1623 362 1661 tibus
383 1624 499 1661 etiam
521 1632 614 1661 tunc
635 1627 715 1671 ejus
737 1638 827 1673 erga
850 1625 1035 1674 populum
1055 1624 1267 1670 beneficiis,
1284 1637 1448 1675 quorum
1469 1630 1599 1661 tamen
1619 1624 1735 1661 ratio-

263 1698 350 1722 nem
384 1698 631 1736 nequaquam
646 1685 798 1735 judices
819 1684 1069 1722 habuerunt:
1099 1685 1375 1723 existimabant
1401 1685 1518 1732 enim,
1550 1686 1738 1736 quemad-

264 1746 426 1783 modum
451 1754 533 1784 tum
564 1746 670 1797 ipsos
705 1745 928 1788 exsulantes
962 1745 1228 1796 Thrasybulus
1262 1754 1496 1794 revocasset,
1533 1748 1587 1786 ita
1623 1748 1738 1787 etiam

262 1821 369 1845 nunc
390 1808 556 1845 eundem
578 1821 619 1845 se
647 1808 685 1845 in
712 1808 806 1845 urbe
828 1807 1062 1845 constitutos
1085 1807 1305 1853 exturbare,
1328 1822 1416 1846 cum
1437 1809 1584 1860 aliquid
1604 1817 1741 1848 contra

264 1869 372 1919 leges
394 1869 635 1906 decerneret.
668 1869 786 1906 Nunc
808 1876 938 1906 autem
959 1881 1036 1905 non
1057 1868 1110 1907 ita
1128 1869 1185 1914 fit,
1205 1868 1298 1918 quin
1319 1869 1434 1919 plane
1456 1871 1580 1908 aliter.
1610 1872 1740 1909 Vestri

263 1931 366 1968 enim
387 1931 512 1968 eximii
528 1931 792 1981 imperatores,
810 1943 1021 1980 eorumque
1037 1930 1214 1967 nonnulli
1230 1931 1295 1980 qui
1316 1930 1457 1968 victum
1474 1932 1740 1981 quotidianum

264 1993 303 2029 in
323 1992 519 2044 Prytaneo
540 1999 774 2037 meruerunt,
797 1993 970 2029 actiones
991 1992 1039 2030 de
1060 1992 1229 2029 decretis
1251 1998 1388 2030 contra
1407 1993 1514 2043 leges
1533 1993 1648 2033 factis
1672 1996 1740 2034 de-

263 2054 549 2105 precationibus
571 2055 650 2092 suis
681 2060 870 2098 evertunt,
894 2067 990 2104 quos
1014 2053 1100 2105 jure
1120 2066 1189 2091 vos
1217 2053 1392 2103 ingratos
1421 2054 1640 2094 existimare
1670 2057 1738 2094 de—

265 2116 406 2154 beatis.
466 2116 506 2154 Si
528 2116 612 2167 quis
633 2115 786 2154 enimin
807 2116 929 2154 libera
943 2115 1142 2167 republica
1156 2115 1343 2153 honorem
1365 2124 1612 2162 consecutus,
1634 2117 1671 2155 in
1693 2132 1740 2157 ea

263 2179 479 2229 praesertim
502 2178 672 2227 civitate,
706 2191 822 2228 quam
844 2176 898 2214 dii
917 2177 1105 2228 legesque
1126 2186 1373 2222 conservant,
1407 2178 1452 2215 iis
1483 2179 1547 2228 qui
1582 2179 1738 2219 decreta

266 2241 417 2291 legibus
440 2240 606 2279 adversa
627 2241 800 2279 scribunt
819 2239 1002 2290 opitulari
1019 2240 1151 2286 audet,
1167 2239 1199 2278 is
1219 2253 1303 2278 eam
1320 2240 1442 2291 ipsam
1463 2241 1740 2291 rempublicam

267 2303 421 2349 evertit,
443 2316 465 2340 a
484 2316 562 2352 qua
586 2310 646 2340 est
663 2304 907 2341 honestatus.

322 2365 387 2402 66.
419 2365 608 2408 Quaenam
636 2366 751 2415 igitur
770 2365 1008 2404 defensionis
1041 2367 1139 2404 ratio
1167 2372 1332 2417 patrono
1346 2367 1454 2418 justo
1484 2378 1531 2403 ac
1562 2367 1739 2404 modesto

266 2427 494 2479 praescripta
513 2427 601 2465 est?
634 2428 785 2465 Dicam.
827 2428 873 2464 In
894 2435 970 2465 tres
998 2435 1129 2478 partes
1150 2428 1391 2480 distribuitur
1413 2428 1511 2473 dies,
1542 2441 1620 2478 quo
1640 2429 1740 2466 actio

270 2490 321 2534 de
349 2490 514 2528 decretis
534 2496 672 2527 contra
701 2490 810 2540 leges
832 2490 944 2527 factis
973 2490 1010 2526 in
1025 2490 1215 2540 judicium
1234 2491 1353 2528 venit.
1391 2489 1614 2527 Infunditur
1638 2490 1739 2527 enim

270 2551 395 2603 prima
419 2564 519 2602 aqua
541 2551 774 2597 accusatori,
793 2551 960 2602 legibus,
980 2551 1146 2589 libertati
1167 2552 1334 2603 denique
1354 2550 1546 2603 populari,
1567 2552 1742 2589 secunda

269 2626 335 2651 reo
356 2613 478 2664 iisque
494 2614 661 2662 patronis
681 2614 745 2663 qui
765 2614 803 2650 in
824 2626 900 2650 rem
923 2613 1044 2663 ipsam
1067 2613 1171 2663 loqui
1192 2614 1352 2656 volunt;
1385 2626 1473 2651 cum
1501 2624 1590 2649 vero
1617 2613 1741 2663 prima

270 2675 463 2712 sententia
482 2688 561 2712 non
583 2675 752 2713 solutum
772 2675 886 2712 fuerit
916 2675 1145 2713 violatarum
1174 2675 1306 2725 legum
1335 2675 1493 2720 crimen,
1523 2674 1636 2711 tertia
1657 2677 1740 2722 jam

270 2750 373 2787 aqua
391 2737 467 2774 litis
489 2736 736 2774 aestimationi
759 2737 973 2774 infunditur
993 2744 1206 2787 vestraeque
1227 2737 1293 2775 irae
1317 2736 1589 2788 magnitudini.
1642 2737 1738 2779 Qui-

271 2813 423 2850 cunque
450 2799 567 2850 igitur
595 2800 633 2836 in
654 2800 885 2837 aestimanda
910 2800 976 2837 lite
1007 2800 1234 2851 suffragium
1255 2799 1364 2850 petit,
1397 2800 1428 2837 is
1455 2799 1549 2836 iram
1569 2805 1737 2843 vestram

270 2862 527 2912 deprecatur:
554 2868 594 2899 at
614 2862 680 2912 qui
706 2862 743 2899 in
767 2862 890 2912 prima
921 2862 1184 2900 contentionis
1221 2869 1329 2912 parte
1368 2860 1594 2911 suffragium
1629 2862 1738 2912 petit,

263 2923 540 2976 jusjurandum
563 2925 675 2975 petit,
690 2924 816 2975 legem
837 2925 1100 2979 petit,>populi
1118 2925 1337 2963 libertatem
1356 2923 1467 2975 petit,
1483 2936 1646 2975 quorum
1669 2937 1738 2963 ne-
