1965 3356
541 207 830 248 ADVERSUS
862 208 1219 250 LEOCHA-REM.
1537 209 1611 246 627

147 326 222 365 que
241 313 363 352 ullum
377 314 509 353 vivens
529 315 595 354 ille
617 314 829 365 adoptavit,
844 313 909 351 lex
927 319 1057 350 autem
1075 311 1323 350 haereditates
1355 323 1505 364 genere·
1523 323 1614 362 pro-

147 375 258 415 ximis
291 375 438 423 tribuit,
469 389 596 415 nonne
636 384 797 425 utraque
831 374 978 412 ratione
1012 387 1170 426 aequum
1203 382 1264 412 est
1293 388 1364 413 nos
1395 374 1509 413 bonis
1533 386 1613 411 non

144 436 344 477 fraudari?
387 438 491 477 Nam
520 445 559 476 et
585 436 804 481 Archiadae,
825 435 937 486 cujus
968 435 1073 475 fuere
1106 437 1211 475 bona
1242 436 1290 474 ab
1323 436 1446 482 initio,
1471 449 1614 487 genere

116 547 124 553 ·
144 498 311 551 proximi
330 513 478 547 sumus,
497 506 537 539 et
551 498 734 550 adoptivo
751 496 942 535 Leocrati.
998 498 1106 536 Illius
1127 498 1228 536 enim
1249 505 1372 549 pater,
1391 498 1442 536 ad
1462 497 1614 536 Eleusi-

145 561 233 600 nios
252 575 444 609 reversus,
463 560 791 600 necessitudinem
818 558 925 597 illam
945 571 992 596 ex
1010 558 1099 610 lege
1118 559 1201 610 ipse
1221 559 1293 598 sibi
1313 559 1512 611 praecidit:
1543 573 1616 598 nos

145 636 253 670 vero,
273 623 313 662 in
339 636 501 675 quorum
521 628 604 662 erat
623 622 782 669 familia,
804 620 1058 659 arctissimam
1079 621 1353 672 cognationem
1375 620 1615 667 retinuimus,

146 698 238 724 cum
265 697 438 724 essemus
469 685 553 736 ejus
584 683 742 723 sobrini.
800 682 984 729 Proinde,
1013 682 1044 720 si
1070 682 1141 729 vis,
1162 689 1206 720 ut
1226 682 1438 721 Archiadae
1458 681 1617 733 cognati

145 745 418 785 haereditatem·
437 746 622 798 petimus,
652 745 684 783 si
712 744 785 791 vis,
805 750 850 782 ut
880 743 1089 782 Leocratis.
1146 743 1224 787 Qui
1251 756 1341 781 cum
1374 743 1457 782 sine
1486 741 1617 781 liberis

145 806 370 855 decesserit,
393 820 507 846 nemo
527 814 587 846 est
606 806 643 846 ei
662 820 780 858 quam
806 818 878 845 nos
908 818 1050 856 genere
1082 804 1263 857 propior:
1294 811 1334 843 et
1365 811 1552 855 quantum
1577 804 1617 842 in

143 875 183 909 te
203 869 361 920 quidem
379 869 452 908 fuit
470 870 668 908 exstincta
685 875 759 916 est,
780 869 996 913 Leostrate‚
1017 867 1176 906 familia.
1215 866 1378 918 Propter
1395 868 1499 906 bona
1511 867 1616 905 enim

144 931 458 984 conjunctionem
479 945 610 971 eorum
629 931 798 970 virorum
819 931 885 982 qui
905 938 943 969 te
969 931 1204 983 adoptarent
1233 928 1414 968 tuebaris.
1472 929 1618 972 Quoad

144 993 263 1042 enirn,
281 1007 328 1033 eo
354 995 555 1043 defuncto,
575 994 845 1033 haereditatem
880 1007 995 1032 nemo
1027 994 1197 1045 petebat,
1221 992 1372 1031 nullum
1404 992 1617 1031 Archiadae

144 1055 266 1095 filium
284 1057 515 1109 adoptabas,
528 1064 736 1110 postquam
755 1063 886 1095 autem
901 1070 977 1096 nos
987 1056 1072 1109 ejus
1089 1055 1249 1107 cognati
1267 1055 1306 1094 in
1321 1054 1494 1093 medium
1510 1055 1618 1093 veni-

145 1130 246 1166 mus,
264 1124 348 1157 tum
368 1119 548 1171 adoptas,
568 1125 612 1158 ut
635 1120 742 1158 bona
770 1119 961 1158 retineas:
992 1132 1080 1158 cum
1105 1118 1201 1156 nihil
1227 1131 1314 1156 esse
1343 1117 1454 1165 dicas,
1479 1117 1619 1156 Archi-

145 1179 246 1227 adae,
267 1192 386 1230 aquo
407 1180 459 1218 sis
479 1181 705 1232 adoptatus,
727 1180 960 1219 contestaris
979 1188 1118 1220 contra
1138 1193 1222 1227 nos,
1243 1188 1282 1218 et
1300 1193 1425 1231 genus
1441 1186 1619 1217 nostrum

143 1239 252 1291 quod
269 1240 309 1278 in
327 1241 509 1280 confesso
532 1249 593 1281 est
622 1242 802 1294 expellis.
861 1243 978 1288 Quod
1008 1243 1041 1281 si
1070 1242 1167 1280 nihil
1195 1249 1256 1281 est
1282 1242 1320 1281 in
1340 1242 1504 1288 aedibus,
1524 1242 1618 1293 quid

142 1301 213 1341 tibi
232 1302 389 1347 decedit
406 1303 439 1342 si
465 1317 536 1343 nos
555 1304 651 1343 nihil
670 1305 766 1343 illud
786 1318 837 1343 ex
856 1305 1087 1344 haereditate
1106 1304 1368 1357 percipimus?
1414 1303 1494 1342 Sed
1514 1304 1618 1342 enim

143 1363 228 1415 ejus
254 1363 496 1417 impudentia
515 1372 555 1405 et
574 1367 735 1406 avaritia
753 1367 840 1406 talis
860 1374 931 1414 est,
955 1367 1129 1413 Judices,
1154 1375 1196 1406 ut
1219 1367 1413 1405 existimet
1441 1373 1619 1418 oportere

143 1438 187 1466 se
203 1431 243 1465 et
257 1426 298 1464 in
315 1426 526 1467 Eleusiniis
543 1436 709 1480 paterna
726 1431 830 1468 bona
849 1442 1068 1481 regressum
1083 1429 1272 1477 obtinere,
1288 1436 1330 1468 et
1350 1442 1485 1468 eorum
1502 1428 1620 1466 etiam

143 1502 233 1540 quae
250 1502 321 1541 per
347 1490 600 1543 adoptionem
629 1493 850 1545 occuparit,
870 1506 959 1537 cum
989 1506 1067 1531 non
1101 1493 1155 1531 sit
1173 1492 1458 1538 filiusfamilias,
1479 1491 1618 1542 potiri:

141 1558 261 1603 atque
279 1551 366 1591 haec
385 1554 525 1598 omnia*
535 1554 650 1594 facile
669 1555 833 1607 perficit,
853 1556 933 1607 qui,
954 1569 1045 1593 curn
1071 1555 1120 1594 de
1148 1555 1275 1594 alieno
1296 1561 1437 1593 contra
1457 1566 1529 1592 nos
1547 1553 1620 1592 ho-

141 1613 266 1653 mines
285 1628 479 1667 pauperes
498 1623 538 1656 et
555 1618 694 1669 inopes
709 1618 898 1670 largiatur
917 1618 1110 1669 facileque
1131 1618 1264 1656 omnia
1281 1617 1476 1662 conficiat,
1497 1616 1620 1655 multo

142 1681 204 1714 est
223 1676 408 1728 superior.
465 1678 716 1732 Quapropter
734 1693 802 1725 vos
830 1680 946 1719 etiam
967 1680 1150 1732 opitulari
1168 1688 1346 1732 oportere
1367 1679 1530 1717 arbitror
1547 1679 1620 1717 ho-

143 1737 311 1776 minibus
330 1736 426 1775 nihil
446 1738 566 1789 iniqui
588 1739 824 1790 petentibus,
847 1739 915 1777 sed
936 1751 982 1777 eo
1003 1740 1212 1787 contentis,
1233 1740 1266 1777 si
1290 1741 1378 1791 quis
1397 1754 1469 1780 nos
1487 1741 1620 1792 legum

142 1798 218 1838 frui
237 1798 430 1851 praesidiis
457 1799 642 1851 patiatur.
700 1800 806 1844 Quid
837 1800 942 1839 enim
975 1801 1174 1852 agendum
1205 1802 1316 1840 nobis
1349 1809 1422 1848 est,
1443 1803 1620 1848 Judices,

144 1860 359 1913 adoptione
380 1874 449 1913 per
468 1868 547 1900 tres
563 1868 794 1913 pervagata,
815 1871 856 1902 et
873 1869 1071 1915 postremo
1101 1864 1140 1901 in
1162 1863 1375 1902 Archiadae
1395 1864 1543 1903 familia
1561 1879 1620 1903 re-

142 1922 250 1972 licta,
269 1923 334 1976 qui
358 1938 450 1968 cum
466 1924 550 1968 sine
576 1924 706 1964 liberis
727 1925 956 1974 decesserit,
977 1939 1108 1964 nonne
1129 1925 1288 1964 tandem
1319 1926 1530 1977 aliquando
1549 1941 1620 1966 no-

145 1991 268 2025 strum
286 1986 635 2039 recuperabimus?
666 1987 755 2028 Hoc
775 1987 893 2039 igitur
905 1988 995 2040 jure
1015 1988 1118 2035 freti,
1139 1988 1193 2027 ad
1209 1995 1417 2040 praetorem
1437 2002 1504 2027 eos
1523 1991 1620 2029 cita-

143 2049 284 2090 vimus-³
341 2050 559 2089 Leochares
578 2057 706 2090 autem
725 2051 779 2090 ita
797 2051 1042 2090 confidenter
1061 2051 1205 2090 falsum
1225 2057 1486 2099 contestatus,
1507 2065 1620 2104 opor-

145 2106 319 2152 tere‘nos
338 2112 535 2153 existimat
553 2120 690 2153 contra
708 2127 844 2152 omnes
863 2114 972 2166 leges
988 2113 1162 2152 fraudari
1181 2113 1425 2152 haereditate.

203 2176 266 2213 10.
297 2173 471 2213 Primum
500 2175 632 2227 igitur,
651 2182 696 2214 ut
725 2183 893 2223 constet,
915 2176 982 2215 illa
1014 2176 1065 2215 de
1095 2175 1373 2227 adoptionibus
1407 2182 1446 2214 et
1480 2188 1622 2226 genere
1651 2192 1654 2194 ’

145 2237 310 2276 istorum
326 2250 416 2276 vere
437 2251 510 2276 nos
529 2238 688 2286 dixisse,
721 2246 762 2277 et
789 2252 952 2290 puerum
985 2252 1074 2278 cum
1103 2238 1221 2277 situla
1241 2238 1452 2277 Archiadae
1484 2252 1623 2276 monu-

145 2304 280 2338 mento
298 2312 384 2338 esse
409 2299 649 2352 impositum,
667 2300 754 2340 haec
780 2300 890 2339 vobis
916 2300 1140 2339 testimonia
1160 2300 1434 2339 recitabimus:
1465 2300 1556 2338 dein
1585 2307 1625 2339 et

147 2367 291 2400 eaetera
307 2361 513 2414 perspicue
532 2376 602 2401 vos
621 2362 887 2410 edocebimus,
903 2369 948 2400 ut·
967 2362 1063 2402 istos
1083 2362 1195 2402 falsae
1213 2361 1512 2402 contestationis
1530 2375 1622 2401 con-

147 2422 359 2469 vincamus,
417 2424 527 2478 Cape
548 2424 784 2473 testimonia,
803 2438 894 2477 quae
914 2424 1018 2464 dico.

704 2553 1062 2616 TESTIMONIA.

150 2668 320 2710 Proinde
339 2671 393 2710 rei
412 2672 509 2711 ratio
525 2678 566 2711 et
579 2671 743 2724 simplex
755 2671 818 2724 jus
839 2672 1078 2711 haereditatis
1098 2671 1153 2711 ita
1173 2671 1363 2718 sehabet,
1378 2670 1566 2714 Judices;
1587 2677 1627 2709 et

152 2743 286 2772 eorum
302 2746 390 2785 quae
407 2734 498 2772 inde
519 2735 568 2773 ab
587 2734 696 2774 initio
717 2742 806 2773 acta
822 2742 915 2774 sunt
933 2736 1021 2786 ipsa
1037 2734 1168 2787 capita
1186 2734 1266 2772 fere
1286 2733 1420 2772 omnia
1437 2732 1627 2772 audistis:

153 2805 244 2844 quae
261 2802 391 2839 autem
409 2802 501 2848 post
518 2796 710 2837 actionem
739 2797 789 2836 de
814 2796 1042 2836 haereditate
1061 2797 1274 2836 institutam
1296 2795 1470 2842 fecerint,
1490 2802 1530 2833 et
1548 2808 1626 2846 quo

151 2861 270 2906 pacto
299 2870 372 2898 nos
403 2859 621 2906 tractarint‚
649 2858 757 2898 dictu
789 2859 1053 2899 necessarium
1087 2858 1282 2898 existimo.
1328 2856 1373 2894 Iu
1391 2856 1626 2896 haereditatis

155 2916 258 2955 enim
276 2917 435 2970 judiciis
468 2927 548 2961 tam
575 2921 704 2974 inique
734 2933 823 2962 cum
850 2921 1004 2963 nemine
1033 2922 1196 2961 arbitror
1226 2933 1314 2960 esse
1346 2926 1490 2970 actum,
1511 2932 1627 2972 quam

158 2977 374 3020 nobiscum.
