1915 3356
0 3240 16 3356 ag
9 3216 13 3233 ..
9 3179 13 3197 a>
8 3126 12 3136 v

528 202 758 241 CONTRA
787 200 1171 238 THEOCRINEM.
1496 201 1573 236 757

120 309 250 353 rietur,
279 313 318 346 et
349 321 426 346 non
460 306 634 354 solvisse,
656 305 921 358 septingentas
943 301 1162 349 drachmas,
1183 315 1279 353 quas
1307 303 1342 340 in
1363 301 1574 340 referendis

119 367 328 408 rationibus
360 382 406 408 ex
438 369 584 408 mulcta
615 367 748 406 debuit
778 378 859 404 suae
889 364 1011 404 tribus
1039 364 1158 403 heroi.
1216 366 1299 416 Age
1327 364 1428 404 hanc
1448 365 1572 417 ipsam

118 431 216 483 legis
234 439 380 484 partem
400 432 533 471 recita.

784 522 906 560 LEX.

118 614 278 653 Desine.
336 613 457 652 Audis
488 612 573 651 haec
605 611 699 663 quid
732 609 862 649 dicat?
899 593 939 647 si
965 609 1174 647 heroum
1207 609 1388 649 alicui.
1437 610 1575 649 Recita

118 677 235 716 etiam
252 675 447 715 tribulium
468 673 744 713 testimonium.

640 790 1048 829 TESTIMONIUM.

118 888 281 927 Curabit
297 888 368 926 iste
383 886 542 933 scilicet,
559 885 736 931 Judiees‚
749 898 895 938 paucos
913 886 1101 932 homines,
1119 895 1185 925 aut
1203 900 1270 925 eos
1284 889 1348 939 qui
1367 890 1572 929 maximam

116 951 244 989 aetatis
275 956 424 1002 partem
451 948 687 1000 navigando,
709 954 750 986 ut
776 948 896 995 Mico‚
913 955 1158 995 consumunt,
1178 963 1265 987 cum
1295 951 1455 989 tribules
1484 965 1574 991 suos

116 1019 333 1065 praesentes
357 1024 430 1050 nec
460 1011 652 1057 metuerit,
672 1023 746 1048 nec
779 1010 964 1048 reveritus
991 1010 1073 1049 sit?
1103 1010 1206 1049 Nam
1233 1020 1272 1050 et
1298 1013 1575 1065 rempublicam

117 1088 250 1114 eorum
269 1075 323 1114 ita
340 1074 534 1120 tractavit,
552 1080 597 1111 ut
618 1073 822 1124 peculatus
843 1085 931 1111 eum
951 1073 1268 1113 condemnarint:
1298 1082 1337 1113 et
1365 1083 1455 1127 post
1482 1089 1576 1115 con-

117 1137 420 1183 demnationem,
448 1135 623 1187 quamvis
657 1135 749 1174 satis
779 1135 888 1182 sciat,
918 1135 1047 1187 legum
1073 1135 1277 1175 interdicto
1312 1151 1352 1176 se
1386 1139 1434 1177 ab
1460 1151 1575 1176 accu-

115 1200 239 1239 sando
256 1198 461 1244 removeri,
481 1198 607 1236 donec
623 1197 807 1235 mulctam
826 1198 995 1244 solverit,
1012 1198 1086 1235 vim
1101 1204 1232 1237 tamen
1247 1199 1356 1247 facit,
1377 1209 1492 1252 atque
1508 1214 1576 1239 ex-

114 1262 275 1309 istimat,
292 1269 441 1300 ceteros
471 1259 629 1311 quidem
648 1259 804 1298 aerarios
825 1261 928 1298 omni
951 1273 1108 1298 munere
1130 1260 1284 1311 publico
1304 1262 1446 1314 depelli
1463 1276 1576 1314 opor-

113 1332 212 1372 tere,
226 1337 268 1363 se
285 1336 375 1363 vero
394 1322 629 1374 superiorem
663 1335 748 1360 esse
777 1322 940 1373 legibus.
999 1322 1127 1369 Dicet,
1157 1336 1286 1370 avum,
1306 1337 1385 1362 non
1412 1338 1467 1371 se,
1489 1338 1576 1363 esse

113 1386 154 1425 in
172 1385 345 1424 tabulam
373 1385 560 1423 relatum:
591 1390 630 1422 et
648 1383 695 1421 de
715 1383 790 1421 hoc
808 1383 932 1421 multa
950 1385 1066 1422 verba
1088 1384 1216 1431 faciet,
1242 1385 1351 1424 illum
1372 1400 1457 1425 esse
1479 1400 1576 1426 aera-

53 1496 58 1497 ,
113 1449 225 1488 rium.
281 1448 368 1500 Ego
385 1460 476 1486 vero
495 1452 581 1485 uter
600 1446 662 1493 sit,
682 1453 788 1484 certo
809 1447 1036 1485 confirmare
1054 1460 1133 1485 non
1148 1461 1307 1499 possum
1323 1463 1334 1493 ;
1364 1449 1434 1488 sed
1462 1456 1506 1488 ut
1526 1449 1579 1488 ita

115 1510 180 1556 sit,
199 1517 241 1548 ut
259 1510 331 1548 iste
351 1509 456 1555 dicit,
476 1508 598 1547 multo
621 1508 765 1561 justius
778 1521 808 1551 :a
832 1509 940 1547 vobis
963 1509 1300 1558 condemnabitur,
1322 1512 1353 1549 si
1374 1525 1434 1550 res
1461 1512 1516 1551 ita
1535 1525 1577 1551 se

114 1572 247 1611 habet.
290 1571 393 1610 Nam
413 1571 444 1609 si
463 1571 619 1609 aerarius
639 1571 722 1623 ejus
738 1584 834 1609 avus
854 1571 926 1609 fuit
945 1571 1051 1618 olim,
1071 1580 1110 1611 et
1127 1573 1190 1610 lex
1210 1573 1312 1612 illius
1331 1575 1448 1613 istum
1467 1575 1576 1615 here·

115 1634 276 1673 ditatem
302 1647 442 1686 capere
455 1633 582 1685 jubet,
602 1640 716 1684 atque
737 1632 818 1684 ipse
845 1646 931 1671 cum
952 1635 987 1672 ei
1006 1648 1079 1673 nec
1106 1635 1196 1673 olim
1220 1648 1404 1675 accusare
1425 1638 1575 1683 liceret,

115 1695 328 1742 accusavit,
347 1702 630 1748 proptereaque
663 1709 705 1733 se
736 1695 1017 1734 absolvendum
1038 1704 1159 1747 putat,
1178 1699 1282 1749 quod
1302 1712 1325 1737 a
1344 1701 1457 1738 tertio
1485 1701 1576 1739 inde

115 1758 266 1811 generis
295 1758 417 1810 gradu
450 1758 500 1796 sit
524 1757 736 1810 improbus,
755 1758 849 1796 nihil
883 1759 983 1810 aequi
1012 1759 1129 1807 d1cet,
1158 1773 1181 1798 0
1211 1761 1387 1800 Judices.
1445 1763 1574 1814 Ipsum

113 1827 243 1860 autem
262 1820 515 1859 Theocrinem
534 1820 720 1867 confiteri,
741 1833 826 1858 eam
848 1820 986 1859 durare
1006 1822 1204 1868 mulctam,
1231 1825 1297 1874 qui
1326 1833 1407 1862 tum
1426 1838 1496 1876 pro
1516 1839 1574 1870 se,

111 1891 194 1924 tum
214 1897 282 1937 pro
301 1884 419 1922 fratre
438 1882 712 1935 sposponderit
738 1881 955 1929 tribulibus,
976 1897 1047 1922 nec
1074 1892 1227 1922 servata
1246 1885 1496 1937 jurisjurandi
1517 1900 1577 1925 re-

111 1947 273 1999 ligione,
288 1960 334 1986 ac
353 1946 435 1985 sine
453 1944 612 1984 infamia
631 1944 864 1983 delationem
885 1945 986 1984 hanc
1014 1953 1130 1998 pos'se
1152 1947 1314 1994 absolvi,
1334 1948 1390 1986 uti
1411 1955 1577 1995 constet,

114 2009 315 2049 decretum
346 2008 475 2061 profer
506 2007 610 2059 quod
645 2007 684 2045 in
719 2007 929 2046 Scironidae
959 2008 1191 2047 sententiam
1222 2009 1367 2048 factum
1389 2017 1448 2049 est
1474 2011 1578 2062 apud

114 2071 288 2110 tribules.

684 2166 1018 2205 DECRETUM.

118 2254 303 2293 Accessit
338 2260 466 2293 autem
484 2253 734 2301 Theocrines‚
753 2260 793 2292 et
821 2267 862 2292 se
887 2254 1027 2292 debere
1053 2254 1178 2292 fassus
1205 2263 1278 2300 est,
1299 2262 1337 2293 et
1358 2255 1574 2294 soluturum

114 2329 246 2355 coram
279 2315 484 2354 tribulibus
512 2315 668 2367 recepit,
690 2323 897 2367 postquam
926 2328 998 2354 nos
1027 2315 1166 2354 adesse
1188 2317 1474 2365 animadvertit,
1507 2332 1575 2357 ex-

114 2378 242 2430 empla
260 2391 407 2424 eorum,
429 2390 518 2429 quae
537 2376 575 2414 in
596 2377 765 2416 tabulam
788 2377 907 2416 relata
926 2384 1048 2425 erant,
1068 2378 1269 2430 petituros.

687 2515 1006 2554 DECRETUM.

60 2602 65 2607 ’
114 2611 244 2650 Multo
263 2612 387 2663 magis
403 2612 534 2663 igitur,
561 2611 832 2658 Athenienses,
854 2612 1063 2651 Leontidas
1081 2613 1343 2659 laudaveritis,
1362 2614 1426 2665 qui
1446 2614 1572 2653 Theo-

112 2672 258 2713 crinem
275 2673 363 2713 illas
383 2680 529 2725 septem
549 2674 673 2713 minas
692 2674 857 2713 reddere
882 2682 1109 2726 coegerunt,
1131 2689 1246 2727 quam
1266 2676 1396 2714 istum.

166 2738 204 2775 5.
232 2736 322 2775 Jam
354 2744 491 2788 quarta
523 2735 636 2774 etiam
658 2736 719 2775 lex
744 2737 997 2783 est,—fateor
1024 2738 1124 2776 enim
1155 2751 1216 2776 me
1246 2738 1430 2789 pleraque
1463 2739 1573 2779 istius

112 2797 283 2838 facinora
301 2799 650 2851 pervestigasse—,
671 2813 749 2850 qua
768 2800 1004 2839 Theocrines
1023 2800 1254 2851 quingentas
1276 2801 1483 2840 drachmas
1504 2802 1571 2842 de-

113 2860 193 2908 bet,
211 2869 360 2913 apatre
390 2875 462 2900 suo
491 2862 781 2912 non-redditas,
809 2864 950 2914 quibus
979 2863 1184 2901 damnatus
1214 2870 1288 2909 est,
1317 2864 1574 2915 Cephisodori

112 2921 259 2962 famula
275 2923 314 2961 in
333 2923 546 2963 libertatem
580 2932 742 2970 asserta,
762 2926 829 2965 sed
858 2926 1130 2964 intercessione
1157 2933 1195 2964 et
1222 2928 1454 2966 tractatione
1484 2942 1571 2968 cum

115 2983 283 3024 ctesicle
311 2986 523 3024 orationum
546 2987 745 3038 scriptore,
766 2988 830 3039 qui
854 2990 900 3027 ab
922 2988 1084 3026 adversa
1104 2996 1211 3039 parte
1233 2990 1372 3037 stabat,
1394 2998 1570 3030 curatum
