1998 3306
328 386 727 426 ARGUMENTUM
765 385 1061 423 ORATIONIS
1106 384 1399 422 ADVERSUS
1438 383 1786 424 PHORMIONIS

848 447 1265 487 EXCEPTIONEM.

371 557 541 589 Pnonxulo
558 565 718 595 mercator,
739 561 909 598 Bosporum
933 559 1144 597 navigaturus,
1164 560 1260 590 minas
1278 561 1480 600 aChrysippo
1495 560 1604 600 viginti
1622 564 1789 589 mutuatur.

326 610 397 647 Quo
413 621 480 639 oum
499 611 645 647 venisset,
663 621 710 640 res
732 611 774 640 ita
790 618 980 650 comparatas
998 610 1126 640 offendit
1144 616 1187 646 ut,
1205 622 1280 650 quas
1297 612 1430 642 vehebat
1446 622 1576 648 merces,
1600 621 1658 641 non
1683 615 1787 641 essent

325 662 508 691 vendibiles.
553 663 656 698 Quare
682 662 868 691 naviculario
897 661 1044 700 Lampide
1066 661 1205 692 Athenas
1229 663 1379 698 redituro,
1397 674 1528 704 eumque
1545 662 1702 702 imponere
1719 660 1790 691 navi

326 724 361 743 en
377 724 444 752 quoe
461 714 663 753 Chi-ysippaea
679 714 809 752 pecunia
834 717 1042 753 comparasset
1061 714 1281 752 jubente—sic
1307 715 1384 744 enim
1406 715 1517 745 tabulae
1540 714 1791 746 c‹›ntinebnnt—,

326 775 423 804 neque
439 764 589 793 sarcinam
603 765 706 800 ullam,
720 775 777 793 nec
793 770 952 802 argentum
968 763 1127 803 imposuit.
1173 765 1235 794 Sed
1253 766 1290 795 ad
1303 766 1485 805 Lampidem
1502 765 1585 795 dixit
1600 769 1748 804 praestare
1760 763 1789 793 in

325 816 490 856 praesentia
506 827 540 846 se
556 826 592 845 ea
616 826 672 845 non
696 827 800 855 posse,
814 816 867 845 sed
885 815 977 854 paulo
993 820 1063 855 post
1078 816 1138 845 alia
1155 816 1225 846 navi
1243 827 1312 846 curn
1331 818 1462 857 pecunia
1489 817 1654 847 abiturum.
1701 817 1791 846 Lam-

326 867 408 906 pidis
432 877 506 906 ergo
529 867 615 896 navis
634 867 661 896 in
685 868 781 896 altum
806 870 957 905 provecta
974 866 1072 905 perit:
1099 867 1187 906 isque
1212 878 1281 897 cum
1303 868 1412 906 paucis
1437 869 1540 898 lembo
1560 868 1677 903 evadit,
1692 866 1792 897 Athe-

325 928 438 957 nasque
454 927 607 951 reversus,
624 916 800 955 Chrysippo
816 917 994 946 felicitatem
1013 917 1210 946 Phormionis
1225 918 1386 956 praedicat,
1403 919 1454 957 qui
1473 923 1503 948 et
1527 918 1657 958 Bospori
1673 927 1790 948 reman-

326 970 430 1005 sisset,
447 974 478 998 et
494 968 568 998 nihil
587 967 657 997 navi
675 968 886 1007 imposuisset.
935 967 1012 997 Post
1032 967 1180 997 Phormio
1198 968 1336 997 Athenas
1351 974 1527 1007 pervectus,
1545 979 1615 999 curn
1632 973 1791 1008 argentum

324 1022 362 1050 ab
379 1031 416 1050 eo
434 1024 660 1059 reposceretur,
677 1019 819 1059 primum,
838 1024 871 1048 ut
886 1019 928 1048 ait
944 1017 1152 1057 Chrysippus,
1171 1022 1204 1047 et
1223 1018 1337 1049 debere
1362 1030 1394 1048 se
1421 1020 1533 1049 fatetur
1548 1025 1580 1050 et
1596 1020 1791 1050 redditurum

324 1065 508 1113 pollicetur:
545 1070 655 1099 deinde
669 1070 831 1109 quicquam
846 1069 959 1099 debere
976 1074 1078 1109 negat,
1092 1074 1125 1098 ut
1140 1068 1191 1108 qui
1208 1070 1351 1108 Lampidi
1365 1070 1517 1100 dedisset.
1563 1071 1655 1110 Quod
1669 1071 1792 1106 tabulae,

324 1123 349 1153 si
371 1123 444 1162 quid
469 1122 499 1151 in
527 1121 601 1151 mari
617 1121 766 1151 acciderit
781 1121 864 1156 navi,
884 1131 918 1150 se
934 1120 1066 1150 liberent
1082 1131 1143 1150 aere
1160 1120 1270 1150 alieno.
1319 1121 1408 1151 Diem
1426 1121 1471 1151 illi
1488 1121 1686 1162 Chrysippus
1703 1121 1791 1152 dicit.

323 1176 356 1205 Is
373 1174 586 1214 exceptionem
604 1173 757 1213 opponit3
780 1178 812 1204 et
841 1172 966 1211 Lampis
992 1172 1075 1212 apud
1092 1171 1238 1202 arbitrum
1257 1177 1399 1209 testatur,
1421 1184 1455 1203 se
1477 1173 1641 1213 peouniam
1657 1184 1674 1203 a
1691 1174 1792 1203 Phor-

325 1226 425 1256 mione
441 1225 572 1265 Bospori
589 1225 759 1264 recepisse,
776 1228 806 1254 et
823 1234 882 1254 una
898 1233 966 1253 cum
984 1223 1104 1253 caeteris
1122 1223 1152 1253 in
1171 1224 1328 1264 naufragio
1345 1224 1528 1265 perdidisse.
1574 1224 1668 1255 Prius
1690 1230 1792 1255 autem

322 1277 505 1307 eontrarium
527 1277 650 1306 dixerat
672 1277 753 1315 apud
768 1275 987 1314 chrysippum,
1003 1274 1220 1305 Phormionem
1239 1275 1312 1305 nihil
1330 1275 1359 1305 in
1376 1286 1484 1306 navem
1504 1276 1658 1315 posuisse.
1703 1276 1791 1312 Quo-

323 1338 390 1358 rum
406 1339 474 1358 cum
493 1327 616 1368 Lampis
633 1332 865 1367 coargueretur,
883 1337 916 1355 se
942 1330 1004 1355 turn
1030 1326 1112 1365 apud
1136 1337 1168 1355 se
1186 1326 1283 1356 fuisse
1301 1332 1404 1366 negat,
1420 1337 1490 1357 cum
1516 1327 1554 1356 ad
1580 1326 1792 1366 Chrysippum

287 1374 295 1380 i
322 1379 375 1409 illa
389 1379 517 1409 diceret.
562 1378 623 1408 His
640 1378 756 1408 arbiter
772 1377 898 1413 auditis,
916 1377 1000 1407 nulla
1016 1378 1167 1407 sententia
1180 1378 1252 1413 lata,
1267 1377 1421 1418 negotium
1439 1378 1468 1407 in
1479 1378 1632 1417 judicium
1650 1377 1791 1407 remittit.

322 1431 371 1460 Ac
384 1441 481 1460 causa·
494 1440 602 1460 nomen
618 1429 671 1460 illa
694 1429 817 1468 quidem
842 1429 932 1458 habet
952 1428 1148 1468 exceptionis
1163 1440 1169 1457 z
1195 1439 1304 1458 revera
1320 1433 1420 1458 autem
1438 1433 1524 1459 recto
1542 1428 1661 1468 judicio
1678 1428 1790 1468 egitur.

322 1483 361 1512 ld
389 1482 469 1522 quod
496 1482 585 1512 etiam
604 1483 717 1512 Orator
742 1481 816 1511 satis
840 1480 938 1510 innuit
956 1479 983 1509 in
1007 1480 1170 1521 principio.
1184 1491 1241 1510 non
1262 1480 1383 1511 omnino
1400 1491 1468 1510 esse
1485 1481 1702 1520 exceptionem
1719 1490 1790 1510 cum

322 1534 401 1563 dicit
417 1545 450 1563 se
472 1533 583 1563 secisse
601 1533 700 1562 omnia
716 1533 884 1563 secundum
903 1537 992 1571 pacta
1009 1536 1039 1561 et
1055 1537 1218 1567 conventa,
1246 1532 1420 1563 reddidisse
1442 1532 1585 1572 Lampidi
1612 1531 1787 1573 pecuniam,

321 1585 353 1615 id
370 1585 450 1624 quod
468 1584 578 1614 tabulae
596 1584 734 1623 jubeant,
753 1594 795 1613 aes
812 1583 944 1613 alienum
971 1583 1026 1612 tali
1048 1588 1159 1613 eventu
1177 1583 1379 1613 remittentes.
1427 1584 1506 1613 Haec
1530 1583 1611 1613 enim
1633 1584 1701 1622 ejus
1717 1587 1789 1612 sunt

322 1639 373 1677 qui
391 1644 474 1668 recto
485 1638 606 1678 judicio
623 1637 784 1668 contendit
799 1642 830 1667 et
847 1638 969 1676 objecta
989 1636 1115 1666 crimina
1131 1636 1236 1673 diluit,
1257 1647 1314 1667 non
1331 1637 1416 1667 illius
1432 1637 1485 1676 qui
1499 1641 1594 1667 totam
1611 1642 1790 1667 controver-

321 1690 397 1719 siam
424 1690 505 1719 tollit
526 1689 698 1728 agendique
718 1693 903 1728 potestatem
936 1693 1035 1726 negat.
1083 1688 1312 1727 Exceptionem
1338 1693 1498 1728 praeterea,
1522 1689 1791 1728 inquit,⁴largitur

322 1741 372 1770 lex
391 1742 429 1770 de
446 1740 492 1769 his
510 1740 562 1779 qui
578 1750 706 1779 prorsus
721 1740 854 1770 Athenis
872 1750 930 1770 non
948 1740 1022 1769 fiunt
1038 1749 1135 1778 neque
1151 1739 1287 1769 Athenas
1305 1740 1458 1770 referendi
1475 1743 1542 1770 sunt
1570 1740 1790 1770 contractibus.

321 1792 409 1821 Idem
426 1796 526 1821 autem
541 1791 572 1820 in
588 1791 643 1821 hac
661 1791 800 1821 oratione
817 1791 1012 1820 observatum
1031 1795 1089 1825 est,
1106 1790 1187 1829 quod
1204 1790 1235 1819 in
1253 1791 1388 1821 oratione
1405 1795 1511 1821 contra
1527 1791 1682 1826 Neaeram,
1706 1790 1788 1830 quod

321 1854 380 1873 non
406 1844 442 1872 ab
466 1853 525 1872 una
540 1853 670 1882 persona
697 1847 743 1872 est
766 1842 887 1872 habita:
912 1842 967 1871 sed
990 1841 1053 1871 illio
1078 1841 1237 1880 utriusque
1259 1842 1423 1872 discrimen
1448 1848 1588 1883 apparet,
1608 1843 1658 1873 hic
1671 1842 1788 1872 eaedem

320 1895 460 1924 confusae
477 1899 555 1923 sunt.
589 1894 666 1924 Mihi
686 1904 759 1924 vero
782 1894 937 1923 secundus
955 1893 1026 1922 hinc
1040 1893 1135 1922 ordiri
1154 1893 1289 1923 videtur.
1318 1895 1342 1924 C
1354 1905 1410 1924 um
1433 1894 1543 1935 igitu
1556 1905 1571 1924 r
1603 1905 1621 1924 e
1650 1905 1668 1924 n
1681 1894 1789 1929 obis,

321 1945 620 1979 Athenienses,
652 1955 759 1984 saepe
791 1943 1041 1974 audivisset
1069 1944 1321 1981 Theodotus,
1356 1949 1482 1985 atque
1514 1945 1790 1976 existimaret

321 1996 562 2035 Lampidem
602 1996 751 2026 falsum
787 2006 880 2026 esse
911 2001 1076 2026 testem,
1134 1997 1274 2036 Apparet
1301 2001 1415 2033 autem,
1441 1996 1544 2027 socios
1569 2007 1636 2028 esse
1663 2007 1716 2027 eos
1735 1996 1786 2036 qui

318 2058 389 2077 cum
405 2047 591 2077 Phormione
607 2047 738 2087 litigant.

710 2354 1283 2411 DEMOSTHEN
1300 2357 1376 2410 IS

614 2495 968 2544 ADVERSUS
1007 2497 1483 2551 PHORMIONEM

471 2627 557 2668 DE
587 2627 814 2670 MUTUO
849 2628 1023 2672 DATA
1055 2631 1341 2674 PECUNIA
1377 2631 1638 2674 ORATIO.

376 2738 412 2772 l.
442 2735 543 2773 REM
566 2749 714 2787 aequam
734 2738 975 2788 precabimur
995 2751 1018 2777 a
1037 2739 1161 2786 vobis,
1181 2740 1359 2788 Judiees,
1384 2747 1428 2778 ut
1453 2753 1524 2778 nos
1551 2753 1640 2778 cum
1663 2741 1783 2779 bene-

320 2795 488 2834 volentia
508 2797 673 2836 audiatis
695 2798 853 2837 alternis
874 2799 1061 2847 dicentes,
1083 2814 1166 2839 eam
1191 2802 1240 2839 ob
1261 2814 1438 2849 causam,
1458 2802 1563 2853 quod
1583 2809 1625 2840 et.
1651 2802 1782 2841 litera-

321 2869 405 2893 rum
436 2858 591 2896 omnino
623 2859 739 2897 rudes
770 2873 919 2907 sumus,
940 2868 992 2908 et,
1012 2875 1100 2900 cum
1128 2862 1246 2914 longo
1260 2863 1342 2915 jam
1369 2870 1542 2915 tempore
1570 2872 1782 2903 mercatum

320 2924 491 2955 vestrum
524 2919 817 2969 frequentemus
852 2928 894 2960 et
926 2935 1016 2960 cum
1045 2924 1176 2962 multis
1206 2925 1492 2973 contrahamus,
1513 2939 1712 2977 nunquam
1743 2926 1781 2964 in

322 2985 489 3016 vestrum
514 2980 703 3030 judicium
732 2983 918 3030 venimus,
939 2984 999 3022 vel
1028 2985 1099 3036 ipsi
1130 2994 1377 3033 accusantes,
1397 2988 1457 3026 vel
1487 2988 1536 3026 ab
1564 2988 1647 3027 aliis
1667 3000 1782 3027 accu-
