1948 3306
288 173 338 209 90
748 171 803 209 lN
836 171 1284 211 CTESIPHONTEM.

286 281 410 313 totum
436 274 625 326 colligens
655 275 855 314 decretum
886 277 1034 322 scribit,
1066 289 1142 326 quo
1175 275 1327 326 legatos
1352 275 1404 313 ad
1435 274 1626 313 Eretriam
1655 275 1756 314 mitti

279 337 405 388 jubet,
427 336 492 388 qui
513 344 624 375 orent
651 337 1106 377 Eretrienses—omnino
1127 338 1227 375 enim
1250 337 1387 375 orandi
1403 344 1614 376 erant—ut
1631 338 1752 376 tribu-

287 406 369 436 tum
389 412 516 445 suum,
535 399 703 449 quinque
720 400 786 438 illa
800 401 960 445 talenta,
980 413 1057 438 non
1077 399 1186 437 vobis
1208 399 1387 450 posthac,
1407 399 1475 437 sed
1493 399 1643 445 Calliae,
1659 412 1755 450 pen-

287 460 462 507 sitarent,
484 473 696 512 rursusque
716 461 858 499 alteros
878 461 998 511 legari
1017 470 1134 499 censet
1156 462 1205 499 ad
1230 461 1373 506 Oritas,
1394 461 1460 510 qui
1485 468 1522 498 et
1548 460 1621 511 ipsi
1644 467 1756 510 pete-

286 528 386 568 rent,
408 529 450 560 ut
474 522 640 560 eundem
667 523 737 561 sibi
759 530 874 573 atque
896 523 1155 560 Athenienses
1176 524 1343 560 amicum
1363 522 1609 572 eundemque
1630 521 1757 558 inimi-

288 596 378 622 cum
393 583 595 622 haberent.
628 584 797 630 Deinde,
826 591 966 635 praeter
992 584 1137 622 furtum
1160 584 1208 622 de
1228 585 1406 622 omnibus
1425 584 1463 620 in
1486 584 1641 621 decreto
1664 582 1759 621 scri-

289 645 379 695 ptis,
403 643 719 697 deprehenditur,
738 659 852 696 porro
881 645 1051 683 scribens
1072 652 1114 682 ut
1133 645 1250 696 legati
1279 647 1326 683 ab
1349 645 1470 683 Oritis
1490 645 1691 696 postulent
1708 658 1758 682 ne

287 708 397 746 vobis
418 709 487 747 sed
508 709 643 746 Calliae
662 709 832 759 quinque
849 721 916 745 sua
938 708 1085 745 talenta
1101 709 1327 758 penderent.
1371 708 1427 746 Ut
1445 714 1574 745 autem
1589 721 1650 745 me
1668 720 1762 745 vera

288 769 416 808 dicere
437 776 584 821 pateat,
618 770 787 820 demptis
810 783 859 807 ex
881 770 1039 807 decreto
1057 770 1263 807 verborum
1285 769 1386 806 fastu
1412 776 1452 806 et
1481 768 1699 806 triremibus
1721 774 1760 805 et

288 831 634 882 inanijactatione‚
657 832 793 877 recita,
813 838 853 869 et
873 831 1017 869 furtum
1037 831 1131 868 illud
1159 831 1324 881 attinge,
1347 830 1451 882 quod
1477 831 1594 868 fecit
1587 844 1760 882 impurus

288 905 333 930 ac
354 892 525 931 nefarius
545 892 675 940 homo,
693 907 807 945 quern
828 894 882 931 ait
902 893 1151 944 Ctesiphon
1143 907 1182 930 m
1203 892 1277 930 hoc
1294 893 1411 930 etiam
1429 892 1588 931 decreto
1601 892 1758 930 assidue

289 960 328 991 et
348 954 479 992 dicere
498 963 537 993 et
556 968 673 1006 agere
693 968 779 1005 quae
800 954 967 992 maxime
988 955 1065 992 sint
1083 954 1228 1006 populo
1244 955 1473 993 Atheniensi
1492 954 1687 993 salutaria.

857 1098 1185 1137 DECRETUM.

290 1192 430 1244 Itaque
450 1193 626 1231 triremes
647 1200 686 1231 et
715 1193 917 1244 pedestres
946 1193 1078 1245 copias
1099 1200 1138 1232 et
1169 1193 1423 1245 plenilunium
1450 1199 1489 1231 et
1513 1205 1763 1231 consessores

287 1255 406 1293 verbo
426 1255 584 1306 quidem
614 1255 807 1301 audiistis,
829 1255 1022 1293 sociorum
1056 1269 1146 1294 vero
1173 1256 1329 1301 tributa,
1358 1255 1495 1294 decem
1530 1255 1689 1301 talenta,
1722 1267 1763 1292 re

291 1323 488 1355 am1S1stls.

347 1379 411 1415 35.
443 1378 653 1429 Reliquum
672 1387 735 1416 est
755 1385 798 1416 ut
817 1379 1037 1423 ostendam,
1059 1377 1370 1416 Demosthenem
1389 1377 1505 1415 trium
1526 1377 1762 1414 talentorum

291 1440 470 1478 mercede
492 1448 653 1490 accepta
674 1439 872 1477 decretum
899 1440 974 1477 hoc
1001 1440 1153 1483 tulisse,
1184 1452 1262 1477 uno
1287 1440 1435 1477 talento
1462 1452 1510 1476 ex
1530 1438 1718 1476 Chalcide
1741 1452 1765 1476 a

292 1501 432 1547 Callia,
454 1501 575 1539 altero
593 1514 640 1538 ex
661 1501 812 1538 Eretria
832 1515 854 1539 a
876 1501 1075 1538 Clitarcho
1092 1508 1271 1551 tyranno,
1291 1500 1403 1537 tertio
1423 1506 1553 1538 autem
1568 1513 1615 1537 ex
1632 1499 1735 1538 Oreo
1753 1513 1764 1538 ε

290 1575 338 1600 ex
358 1575 436 1613 quo
455 1563 572 1600 etiam
592 1562 696 1599 furta
715 1562 798 1612 ejus
817 1562 1016 1612 patefacta
1032 1568 1137 1607 sunt,
1157 1562 1260 1613 quod
1276 1562 1470 1600 Oritarurn
1486 1561 1610 1600 libera
1628 1563 1765 1601 civitas

290 1624 353 1670 sit,
374 1631 413 1662 et
431 1624 526 1661 nihil
557 1630 678 1674 agant
699 1623 772 1660 nisi
804 1636 870 1674 per
893 1623 1155 1673 plebiscitum.
1192 1623 1252 1661 Illi
1273 1623 1376 1661 eninr
1392 1623 1510 1668 xbello
1538 1624 1646 1674 quod.
1674 1637 1763 1662 cum

292 1687 476 1739 Philippo
509 1693 711 1737 gesserant
731 1686 922 1731 exhausti,
945 1693 984 1724 et
1005 1699 1157 1724 summa
1180 1686 1312 1737 inopia
1341 1685 1579 1733 laborantes,
1607 1685 1765 1724 mittunt

291 1749 342 1788 ad
370 1762 457 1787 eurn
484 1747 770 1786 Gnosidemum
803 1748 1034 1797 Charigenis
1062 1748 1197 1793 filium,
1229 1748 1313 1800 ejus
1344 1748 1409 1799 qui
1442 1739 1651 1799 quondam
1672 1747 1766 1786 Orei

292 1811 551 1863 principatum
584 1810 723 1856 tenuit,
743 1809 809 1860 qui
839 1810 887 1847 ab
909 1823 955 1847 eo
985 1810 1150 1861 supplex
1183 1817 1304 1862 petat,
1329 1818 1372 1848 ut
1397 1810 1588 1847 talentum
1618 1809 1765 1847 civitati

292 1874 517 1919 remitteret,
536 1872 738 1923 promittat
757 1878 887 1909 autem
914 1886 1064 1910 aeneam
1085 1872 1119 1909 ei
1146 1879 1316 1910 statuam
1338 1871 1377 1908 in
1404 1873 1508 1909 Oreo
1526 1871 1765 1922 ponendam.

297 1937 355 1973 At
373 1935 443 1973 iste
465 1934 710 1972 Gnosidemo
731 1934 942 1984 respondit,
966 1934 1036 1971 sibi
1057 1934 1271 1985 pauxillulo
1292 1935 1379 1971 aeris
1410 1933 1505 1971 nihil
1540 1947 1626 1972 esse
1656 1946 1766 1985 opus,

294 1998 482 2036 talentum
514 2008 604 2033 vero
634 2008 703 2046 per
731 1995 896 2033 Calliam
928 1996 1122 2045 exigebat.
1164 1995 1301 2033 Coacti
1333 1995 1452 2045 igitur
1481 1995 1618 2041 Oritae,
1639 2008 1767 2046 neque

294 2058 400 2096 unde
422 2064 621 2095 sumerent
648 2057 852 2103 habentes,
874 2057 1080 2108 vectigalia
1101 2058 1255 2109 publica
1283 2057 1420 2095 talenti
1448 2057 1605 2095 nomine
1634 2057 1668 2095 ei
1697 2070 1767 2108 op-

294 2121 561 2172 pignerarunt,
581 2126 621 2157 et
650 2120 826 2171 pecuniae
846 2118 948 2157 illius
970 2119 1131 2170 turpiter
1152 2120 1370 2158 conciliatae
1389 2133 1547 2158 usuram
1569 2119 1768 2158 solverunt

295 2182 554 2220 Demostheni
576 2181 741 2232 singulis
769 2182 971 2219 mensibus
1005 2195 1122 2219 unam
1144 2182 1181 2219 in
1210 2181 1335 2220 minas
1369 2182 1608 2227 drachmam,
1640 2181 1768 2219 donec

295 2252 436 2283 sortem
453 2243 729 2282 reddidissent.
779 2244 907 2293 Atque
927 2243 1010 2281 haec
1032 2250 1121 2281 acta
1141 2251 1233 2282 sunt
1252 2258 1342 2282 cum
1357 2243 1491 2296 populi
1508 2243 1619 2282 scito.
1650 2243 1766 2286 Quod

293 2314 339 2346 ut
358 2322 447 2346 vere
467 2321 490 2346 a
508 2321 571 2345 me
591 2307 666 2345 dici
687 2313 855 2352 constet,
876 2320 985 2344 sume
1005 2307 1079 2345 hoc
1099 2307 1295 2346 Oritarum
1315 2307 1572 2360 plebiscitum.

830 2459 1220 2498 PLEBISCITUM.

298 2555 392 2594 Hoc
423 2561 483 2593 est
513 2554 610 2592 illud
630 2553 892 2605 plebiscitum,
912 2554 1185 2601 Athenienses,
1219 2556 1402 2607 probrum
1430 2567 1476 2593 ac
1495 2553 1668 2592 dedecus
1697 2568 1768 2594 no-

296 2625 384 2656 strae
403 2616 582 2662 civitatis,
602 2628 731 2653 rerum
753 2629 776 2653 a
796 2616 1064 2655 Demosthene
1085 2617 1239 2668 publice
1259 2623 1455 2668 gestarum
1487 2629 1566 2654 non
1593 2616 1678 2654 leve
1710 2617 1768 2654 in·

297 2679 457 2724 dicium,
476 2677 686 2729 perspicua
714 2677 984 2729 Ctesiphontis
1011 2678 1240 2716 criminatio.
1285 2678 1384 2716 Nam
1405 2678 1472 2728 qui
1496 2684 1575 2716 tarn
1605 2679 1768 2729 turpiter

296 2740 516 2778 muneribus
536 2753 578 2777 se
598 2740 924 2791 corrumpendum
944 2740 1109 2788 dederit,
1130 2741 1210 2778 fieri
1234 2753 1312 2778 non
1341 2746 1473 2791 potest
1493 2746 1536 2777 ut
1558 2740 1614 2778 vir
1637 2741 1766 2778 bonus

297 2804 360 2850 sit,
381 2802 488 2854 quod
506 2809 640 2841 tamen
661 2803 732 2841 iste
752 2803 791 2841 in
812 2816 884 2841 suo
903 2816 1022 2855 ausus
1042 2810 1103 2842 est
1121 2803 1278 2841 decreto
1299 2803 1549 2854 perscribere.

353 2865 416 2903 36.
449 2863 526 2903 Hic
545 2877 637 2902 vero
657 2865 812 2904 tertium
827 2865 910 2917 jam
929 2866 1165 2905 collocatum
1186 2871 1341 2916 tempus
1361 2871 1430 2910 est,
1451 2865 1514 2904 vel
1532 2864 1661 2916 potius
1683 2878 1766 2903 om-

297 2926 405 2964 nium
438 2926 687 2965 acerbissima
716 2933 940 2977 tempestas,
973 2941 1051 2978 qua
1081 2926 1369 2965 Demosthenes
1399 2934 1438 2964 et
1467 2925 1697 2965 Graecorum
1729 2932 1768 2964 et
