1915 3356
617 198 841 238 CONTRA
872 195 1133 235 NEAERAM.
1548 198 1620 233 771

162 313 250 342 cum
269 301 477 349 venissent,
505 302 544 340 in
579 314 670 342 suas
698 304 803 342 aedes
832 303 969 354 Lysias
1002 314 1081 340 non
1112 300 1340 349 introduxit,
1361 301 1504 339 veritus
1535 313 1626 339 cum

162 375 321 402 uxorem
348 376 465 414 quam
484 363 666 410 habebat,
681 363 878 415 Brachylli
896 363 1030 410 filiam,
1045 375 1154 400 suam
1175 369 1344 414 neptem,
1363 370 1446 401 tum
1465 370 1628 402 matrem

159 438 271 463 suam
290 432 384 464 natu
404 426 604 477 grandem,
625 439 712 476 quae
736 426 775 463 in
795 425 933 463 iisdem
952 424 1100 464 aedibus
1121 424 1338 468 habitaret;
1371 425 1441 463 sed
1462 425 1512 463 ad
1538 425 1627 464 Phi-

161 486 365 525 lostratum
388 488 618 534 Coloneum,
640 484 821 525 coelibem
843 486 987 533 adhuc,
1010 494 1050 525 et
1068 486 1140 525 sibi
1167 486 1350 533 amicum,
1379 487 1541 525 deducit
1562 499 1628 524 eas

161 547 320 600 Lysiam,
338 557 418 588 tam
439 548 688 594 Metaniram,
707 561 824 599 quam
845 547 1082 587 Nicaretam.
1141 548 1411 587 Comitabatur
1430 560 1493 586 eas
1513 547 1629 586 etiam

163 612 317 660 Neaera,
328 616 412 662 jam
442 612 604 663 quidem
629 611 792 662 vulgato
826 624 1002 664 corpore,
1022 611 1093 650 sed
1114 611 1261 662 junior,
1282 617 1322 649 et
1351 616 1468 648 aetate
1501 610 1630 648 adhuc

161 674 379 713 immatura.
435 673 489 712 Ut
507 674 624 726 igitur
652 686 745 712 vera
768 686 831 711 me
852 674 994 722 dicere,
1014 680 1054 713 et
1073 674 1194 713 fuisse
1215 673 1415 712 Nicaretae
1435 672 1630 718 Neaeram,

162 741 330 783 constet,
348 741 388 774 et
405 742 580 774 secutam
598 735 718 780 illam,
738 740 778 773 et
794 735 1016 773 mercedem
1035 735 1255 774 numeranti
1271 734 1393 773 cuivis
1413 734 1474 771 sui
1493 733 1630 772 fecisse

162 797 327 849 copiam,
346 796 483 835 harum
503 810 631 836 rerum
652 796 762 835 vobis
781 796 910 849 ipsum
930 792 1211 836 Philostratum
1226 809 1322 836 voco
1342 802 1497 836 testem.

702 935 1108 975 TESTIMONIUM.

209 1014 415 1046 Philostratus
440 1014 587 1055 Dionysii
609 1013 690 1045 filius
707 1015 864 1045 Coloneus
880 1019 1009 1045 testatur
1029 1015 1109 1046 scire
1135 1025 1168 1045 se
1191 1014 1333 1045 Neaeram
1353 1012 1447 1043 fuisse
1462 1011 1634 1046 N-icaretae,

164 1067 254 1106 cujus
267 1071 300 1097 et
313 1066 468 1098 Metanira
481 1066 587 1104 fuerit,
602 1071 633 1097 et
649 1067 687 1097 ad
703 1077 736 1096 se
762 1077 828 1098 esse
844 1067 1022 1103 deductam,
1038 1077 1108 1097 cum
1131 1066 1170 1096 ad
1187 1065 1277 1096 initia
1293 1066 1352 1095 huc
1374 1063 1544 1100 venissent,
1559 1063 1633 1093 dum

163 1118 304 1149 Corinthi
318 1119 483 1158 degerent:
509 1119 592 1158 apud
609 1128 642 1149 se
659 1123 759 1149 autem
773 1129 842 1149 esse
858 1119 1025 1150 collocatas
1041 1130 1059 1149 n
1074 1118 1170 1158 Lysia
1186 1116 1315 1158 Cephali
1335 1116 1399 1146 filio
1415 1114 1513 1146 amico
1530 1125 1585 1145 suo
1602 1119 1634 1144 et

162 1168 317 1200 familiari.

219 1246 258 1282 8.
286 1244 453 1292 Rursus,
474 1245 747 1294 Athenienses,
769 1247 911 1286 deinde
933 1246 1061 1285 Simus
1083 1245 1298 1284 Thessalus
1316 1257 1406 1284 cum
1423 1243 1567 1282 Neaera
1583 1242 1634 1280 acl

164 1319 310 1358 magna
327 1306 596 1346 Panathenaea
615 1308 788 1356 advenit,
807 1309 1017 1347 comitante
1046 1321 1112 1347 cos
1132 1309 1248 1346 etiam
1270 1306 1311 1345 N
1316 1307 1474 1345 icareta.
1533 1305 1633 1342 Cum

164 1375 295 1408 autem
323 1371 604 1410 diverterentur
633 1371 683 1411 ad
716 1370 947 1423 Ctesippum
969 1370 1230 1409 Glauconidae
1253 1369 1391 1417 filium,
1417 1376 1456 1407 et
1476 1380 1634 1419 compo·-

164 1433 276 1473 tabat
293 1441 334 1474 et
357 1432 620 1474 coneoenabat
638 1446 771 1472 eoram
798 1433 930 1472 multis
951 1434 1108 1480 Neaera,
1130 1441 1318 1484 tanquam
1335 1431 1526 1470 meretrix.
1586 1430 1636 1467 Et

163 1502 210 1534 ut
229 1509 322 1536 vera
339 1509 402 1535 me
421 1496 549 1534 dicere
569 1502 737 1543 constet,
757 1495 893 1545 horum
913 1495 1024 1534 vobis
1044 1502 1168 1534 testes
1190 1507 1300 1533 voco.
1359 1494 1458 1546 Age,
1479 1505 1634 1531 accerse

165 1557 260 1596 mihi
289 1553 539 1610 Euphiletum
567 1556 736 1597 Simonis
766 1558 810 1596 F.
834 1557 1114 1606 AExonensem‚
1133 1564 1173 1597 et
1202 1555 1518 1596 Aristomachum
1550 1553 1634 1592 Cri-

95 1627 115 1649 *
163 1620 309 1660 todemi
328 1621 373 1660 F.
394 1621 693 1674 Alopecensem.

791 1735 1006 1775 TESTES.

213 1821 399 1863 Euphiletus
413 1822 550 1854 Simonis
566 1824 648 1854 filius
663 1824 864 1861 AExonensis,
884 1824 1119 1855 Aristomachus
1136 1823 1307 1854 Critodemi
1323 1822 1404 1852 filius
1421 1821 1635 1860 Alopeceusis‚

169 1876 322 1904 testantur
338 1875 420 1908 scire
436 1884 471 1904 se
483 1875 603 1907 Simum
619 1875 803 1907 Thessalum
819 1876 990 1915 profectum
1005 1886 1075 1905 esse
1090 1870 1227 1905 Athenas
1248 1875 1286 1904 ad
1302 1873 1503 1905 Panathenaea
1518 1882 1637 1910 magna,

170 1928 203 1954 et
227 1934 297 1954 cum
320 1934 358 1954 eo
375 1925 555 1963 Nicaretam
574 1930 606 1956 et
631 1927 773 1957 Neaeram
798 1937 879 1957 nuno
903 1936 1000 1962 ream,
1016 1936 1133 1965 eosque
1155 1925 1325 1956 divertisse
1344 1925 1427 1964 apud
1453 1924 1635 1962 Ctesippum

168 1975 493 2013 Glaucoffidaefifium,
509 1981 541 2007 et
565 1987 634 2007 cum
651 1978 696 2007 eis
713 1983 908 2018 compotasse
924 1979 1066 2007 Neaeram
1083 1982 1225 2017 tanquam
1241 1976 1446 2015 meretricem,
1462 1986 1530 2005 cum
1545 1976 1637 2005 etiam

169 2025 222 2057 alii
233 2027 322 2058 multi
337 2027 482 2058 adessent
497 2033 530 2059 et
546 2033 759 2070 compotarent
774 2030 855 2070 apud
872 2029 1067 2070 Ctesippum.

223 2103 264 2143 9.
292 2102 391 2142 Post
407 2103 494 2143 haec
515 2104 648 2157 igitur,
663 2119 752 2145 cum
773 2106 948 2144 Corinthi
967 2107 1098 2158 palam
1116 2114 1311 2158 quaestum
1332 2107 1564 2157 occepisset‚
1591 2119 1636 2143 ae

170 2164 372 2205 nobilitata
389 2175 510 2214 esset,
540 2173 624 2206 tum
645 2167 712 2206 alii
730 2168 815 2220 ejus
845 2180 977 2207 amore
997 2169 1103 2220 capti
1123 2176 1229 2216 sunt,
1258 2176 1340 2206 tum
1369 2175 1485 2220 poeta
1501 2168 1636 2206 Xeno-

168 2227 305 2275 clides,
323 2235 364 2266 et
392 2228 644 2281 Hipparchus
665 2229 815 2278 histrio,
834 2243 999 2282 eamque
1025 2231 1262 2269 conductam
1288 2230 1522 2268 habueruut.
1578 2230 1637 2268 Ac

170 2302 232 2328 me
253 2303 352 2341 ‚vera
381 2291 528 2338 dicere,
563 2291 793 2330 Xenoclidae
820 2292 1043 2331 testimonio
1064 2292 1173 2331 vobis
1201 2293 1405 2339 ostendere
1439 2306 1515 2331 non
1548 2306 1639 2343 pos-

170 2351 421 2404 sum—leges
444 2352 546 2391 enim
566 2352 696 2391 dicere
714 2354 978 2393 testimonium
994 2368 1072 2393 non
1094 2355 1248 2393 sinunt:
1265 2354 1371 2406 quod
1391 2354 1499 2393 vobis
1519 2354 1637 2392 Laee-

170 2414 387 2454 daemonios
405 2415 722 2463 defendentibus,
743 2416 967 2456 Callistrato
996 2426 1166 2463 auctore,
1185 2431 1274 2456 cum
1296 2417 1515 2469 refragatus
1535 2424 1639 2456 esset

170 2476 226 2515 illi
251 2476 470 2516 defensioni
499 2490 570 2530 pro
594 2478 796 2530 concione,
816 2479 1000 2518 frumenti
1029 2480 1356 2532 quinquagesima
1388 2480 1426 2516 in
1454 2492 1552 2531 pace
1580 2492 1638 2519 rc-

134 2586 137 2589 ,
172 2541 346 2595 dempta,
371 2555 540 2594 cumque
567 2556 657 2582 eum
690 2543 853 2596 singulis
886 2551 1045 2584 senatus
1075 2544 1332 2584 conventibus
1361 2544 1568 2596 pensiones
1603 2547 1642 2583 in

171 2604 279 2661 curia
296 2617 500 2645 numerare
527 2612 738 2658 oporteret,
758 2613 798 2646 et
826 2607 979 2659 legibus
998 2607 1093 2646 data
1111 2607 1353 2646 immunitate
1379 2607 1583 2654 frueretur,
1602 2607 1641 2645 in

172 2679 259 2706 eam
286 2667 577 2719 expeditionem
595 2681 676 2707 non
694 2682 939 2721 progressus,
957 2676 997 2708 et
1026 2682 1050 2708 a
1082 2669 1284 2721 Stephano
1309 2669 1474 2709 desertae
1494 2669 1641 2708 militiae

174 2735 393 2776 accusatus,
429 2736 471 2769 et
503 2730 610 2783 apud
634 2731 798 2770 Judices
831 2733 870 2770 in
904 2732 1036 2771 odium
1071 2738 1186 2784 atque
1218 2732 1402 2770 invidiam
1434 2723 1657 2779 adductus(

174 2790 400 2838 damnatus,
438 2792 731 2846 ignominiaque
753 2801 913 2833 notatus
940 2802 1014 2833 est.
1071 2796 1133 2833 An
1153 2807 1244 2833 vero
1269 2807 1345 2832 non
1367 2794 1537 2844 iniquum
1559 2808 1641 2834 esse

174 2853 331 2904 putatis,
349 2866 440 2892 cum
459 2861 600 2894 natura
617 2856 737 2903 cives,
755 2864 797 2895 et
820 2857 994 2909 legitima
1019 2857 1169 2896 ratione
1189 2857 1354 2895 civitatis
1376 2856 1598 2908 participes,
1620 2872 1643 2896 a

177 2914 380 2966 Stephano
398 2914 554 2956 civitate
574 2918 651 2957 sint
679 2918 842 2970 privati:
872 2932 939 2958 eos
958 2920 1028 2970 qui
1043 2919 1199 2958 omnino
1218 2918 1333 2956 alieni
1355 2926 1460 2966 sunt,
1480 2932 1546 2969 per
1564 2920 1639 2958 vim

177 2989 247 3027 pro
267 2976 577 3019 Atheniensibus
597 2980 742 3020 intrudi
762 2988 897 3021 contra
911 2994 1047 3021 omnes
1067 2982 1174 3032 leges
1188 2980 1269 3022 ?-„
1288 2981 1552 3033 Hipparchum
1575 2995 1639 3020 au*
