1915 3356
302 477 627 517 HIERONYMI
666 479 863 517 WOLFII
904 479 964 516 IN
994 479 1267 518 AESCHINIS
1300 481 1591 521 EPISTOLAS

739 540 1160 580 ARGUMENTUM.

260 642 389 673 Norun
408 647 465 678 est,
481 642 659 672 AEschinem
674 643 714 673 ob
725 640 1064 683 judicii'ignominiam,
1081 654 1140 683 quo
1156 648 1332 674 accusatum
1358 644 1606 683 Ctesiphontem,
1632 647 1681 676 vel

219 692 455 723 Demosthenem
473 693 590 732 potius,
605 704 690 724 reum
707 704 765 724 non
792 699 968 734 peregerat,
992 694 1099 734 quinta
1114 695 1328 734 suffragiorum
1345 699 1433 734 parte
1456 705 1516 724 non
1541 701 1678 735 accepta,

213 743 347 773 cessisse
361 742 502 780 Athenis,
516 755 551 774 ao
568 745 709 775 Rhodum
725 756 759 776 se
775 746 955 776 contulisse.
983 746 1043 776 Ubi
1060 746 1114 776 has
1132 746 1277 786 epistolas
1294 746 1358 776 fere
1375 757 1481 776 omnes
1494 747 1631 786 scripsit,
1647 746 1678 776 in

210 794 326 833 quibus
337 795 448 833 partim
471 797 587 827 amicos
606 799 646 827 de
661 797 822 829 itineribus
848 804 880 828 et
901 802 982 828 statu
999 809 1101 828 rerum
1118 809 1240 832 suarum
1257 798 1407 829 certiores
1422 799 1542 836 reddit;
1565 800 1677 838 partim

210 844 405 877 inimicorum
423 847 618 879 insolentiam
634 850 771 880 retundit
786 860 795 887 3
818 850 929 889 partim
947 850 1151 880 innocentiam
1169 860 1254 881 suam
1271 850 1355 890 apud
1370 850 1586 888 Athenienses,
1601 862 1679 891 quos

210 902 325 934 monet,
343 904 378 930 ut
395 899 568 930 temerariis
584 900 679 931 bellis
701 900 886 938 abstineant,
903 900 1056 938 defendit,
1074 905 1168 942 utque
1183 903 1221 932 ab
1237 902 1282 932 eis
1303 902 1334 932 in
1350 902 1482 942 patriam
1503 908 1677 940 revocetur,

206 948 297 988 petit.

636 1059 666 1096 I.
699 1060 778 1097 AD
810 1059 1231 1125 PHILQCRATEM.

259 1153 362 1190 Cum
383 1166 431 1190 ex
453 1152 670 1204 Munychia
688 1154 837 1204 vesperi
859 1153 1126 1202 solvissemus,
1154 1156 1258 1194 circa
1277 1157 1490 1205 meridiem,
1509 1161 1673 1198 serenis—

204 1214 303 1252 simo
330 1213 490 1252 Scirone
509 1214 643 1261 flante,
670 1214 721 1253 ad
741 1214 969 1262 Neressum,
1001 1216 1185 1254 Ceiorum
1216 1217 1414 1268 oppidum,
1440 1220 1672 1270 appulimus.

202 1275 260 1315 Ibi
278 1288 416 1313 novem
444 1274 526 1313 dies
554 1276 605 1313 ob
632 1276 838 1314 adversum
858 1283 1018 1314 ventum
1038 1277 1289 1316 desedimus:
1323 1287 1413 1330 post
1430 1293 1564 1320 rursus
1583 1296 1672 1333 pro·

200 1337 292 1376 fecti
308 1338 381 1376 sub
397 1349 590 1382 auroram,
613 1336 757 1375 Delum
772 1338 1031 1388 pervenimus.
1062 1338 1142 1376 Sed
1158 1338 1266 1376 Delii
1287 1340 1483 1391 pestilenti
1502 1344 1672 1393 quodam

200 1400 336 1437 morbo
354 1398 614 1439 laborabant„
639 1398 744 1436 Nam
762 1398 881 1436 facies
898 1412 1031 1437 eorum
1052 1399 1234 1451 albugine
1251 1402 1526 1453 opplebantur.
1541 1406 1672 1457 capilli

197 1461 314 1500 etiam
328 1459 634 1505 candescebant,
651 1460 796 1499 collum
810 1466 941 1498 autem
956 1467 995 1498 et
1013 1468 1152 1512 pectus
1167 1462 1475 1502 intumescebat:
1496 1473 1669 1506 ceterum

197 1523 306 1560 nulla
325 1522 442 1560 febris
474 1522 703 1574 accedebat,
733 1534 861 1574 neque
889 1522 1005 1560 etiam
1028 1523 1185 1562 dolores
1212 1526 1359 1576 magni,
1390 1540 1518 1578 neque
1538 1537 1668 1581 partes

194 1584 368 1635 corporis
388 1583 585 1622 inferiores
605 1584 814 1635 quicquam
834 1585 1100 1623 mutabantur.
1138 1585 1238 1624 Haec
1254 1587 1458 1626 audierant
1477 1603 1524 1628 ex
1540 1592 1667 1643 Apol-

193 1646 281 1685 linis
299 1646 357 1684 ira
376 1644 448 1683 sibi
468 1645 673 1693 accidisse,
698 1645 805 1697 quod
832 1645 888 1684 vir
918 1645 1075 1697 quidam
1093 1646 1267 1696 illustris,
1285 1657 1421 1689 contra
1439 1663 1581 1691 morem
1602 1669 1668 1694 ve-

194 1715 328 1755 terem,
352 1707 394 1745 in
412 1707 542 1746 insula
560 1707 737 1759 sepultus
758 1714 887 1747 esset:
916 1721 964 1747 ea
981 1708 1098 1759 igitur
1118 1709 1167 1748 de
1185 1723 1305 1749 causa
1326 1711 1443 1751 deum
1464 1714 1537 1752 sibi
1563 1729 1665 1756 mor-

192 1770 505 1810 bumimmittere
521 1771 724 1822 putabant.
758 1770 845 1810 Nos
865 1777 1008 1818 autem,
1029 1772 1140 1822 quasi
1151 1772 1201 1811 ad
1214 1780 1371 1824 gentem
1391 1775 1562 1827 aliquam
1577 1791 1664 1830 per-

191 1833 380 1885 egrinam,
402 1839 466 1870 aut
494 1832 532 1870 in
547 1833 673 1871 exteri
689 1833 803 1872 maris
823 1833 1007 1880 insulam,
1026 1835 1354 1885 pervenissemus,
1382 1843 1421 1875 et
1448 1839 1576 1878 subito
1597 1854 1664 1880 va-

191 1895 289 1933 rium
306 1894 505 1933 hominum
525 1894 695 1932 colorem
716 1894 961 1941 vidissemus,
982 1902 1103 1934 noctu
1137 1896 1385 1947 aufugimus:
1416 1899 1514 1938 alius
1545 1902 1661 1941 alium

188 1958 289 1995 inter
319 1955 584 2006 navigandum
619 1955 878 2002 sciscitantes,
908 1963 1038 1994 utrum
1067 1970 1157 1995 eum
1184 1958 1356 1997 colorem
1388 1967 1428 1998 et
1460 1963 1660 2014 capillum,

190 2031 303 2070 quem
332 2018 448 2056 domo
476 2018 642 2068 quisque
671 2017 879 2064 attulisset,
909 2018 1120 2056 retineret?
1149 2020 1231 2058 Sed
1261 2027 1476 2073 tempestas
1509 2033 1658 2071 exorta,

186 2087 230 2119 et
256 2087 394 2119 ventus
431 2079 689 2131 impetuosus,
721 2093 793 2118 nos
825 2094 944 2132 supra
982 2081 1142 2120 Cretam
1169 2095 1288 2134 prope
1332 2083 1655 2125 Psamathuntem

170 2142 362 2191 abstulit.
420 2141 550 2185 Quem
580 2141 711 2180 locum
742 2155 832 2181 cum
853 2142 936 2194 jam
965 2142 1005 2180 in
1033 2149 1248 2195 conspectu
1273 2144 1520 2193 haberemus,
1549 2149 1658 2188 reflat

188 2212 326 2245 ventus
339 2203 526 2257 Libycus.
557 2203 727 2251 Deinde,
746 2217 836 2243 cum
857 2205 1067 2256 septentrio
1081 2206 1194 2244 nobis
1208 2206 1384 2258 spiraret,
1404 2221 1535 2248 rursus
1556 2211 1656 2250 fere-

187 2268 340 2315 bamur,
357 2266 528 2318 quinque
541 2272 678 2304 noctes
698 2267 737 2304 in
757 2268 851 2305 mari
872 2267 1027 2313 versati,
1043 2268 1186 2318 quibus
1205 2269 1393 2308 Athronae
1409 2274 1629 2324 appulimus
1645 2291 1655 2314 :

185 2335 230 2366 ut
248 2328 485 2367 disceremus
502 2340 582 2365 non
601 2340 753 2374 curare,
769 2327 800 2365 si
815 2328 901 2378 quis
921 2329 960 2366 in
976 2342 1047 2367 sua
1058 2330 1198 2380 patria,
1222 2330 1302 2369 sive
1325 2334 1555 2383 secundum,
1575 2338 1653 2376 sive

183 2395 320 2428 contra
345 2389 468 2440 leges,
488 2401 634 2426 corona
649 2389 875 2427 donaretur.
910 2389 1038 2440 Atque
1058 2389 1150 2429 inde
1169 2398 1338 2442 quatuor
1356 2393 1493 2434 diebus
1524 2397 1562 2434 in
1583 2412 1651 2438 na-

183 2451 267 2489 vale
282 2450 480 2502 quoddam
500 2449 697 2488 Rhodium
712 2449 974 2501 pervenimuS,
997 2452 1062 2490 ubi
1077 2452 1115 2490 in
1129 2454 1307 2492 morbum
1323 2462 1362 2493 et
1381 2455 1651 2498 difficultatem

184 2511 354 2564 spirandi
373 2511 504 2550 incidi.
535 2513 626 2555 Quo
645 2512 685 2550 in
704 2512 792 2550 loco
810 2512 900 2550 dum
922 2514 1141 2560 manebam,
1161 2527 1250 2553 cum
1265 2517 1421 2556 morbus
1438 2518 1533 2557 nihil
1547 2520 1649 2560 leva-

180 2579 298 2620 retur,
313 2573 498 2612 Rhodum
518 2573 666 2625 trajeci,
686 2587 732 2613 ac
751 2573 907 2625 placide
926 2588 998 2614 nos
1020 2577 1111 2614 urbs
1130 2578 1302 2629 excepit:
1335 2581 1463 2619 statim
1485 2584 1586 2622 enim
1608 2595 1651 2626 ut

181 2651 228 2677 eo
258 2639 500 2686 transieram,
524 2639 647 2677 multo
675 2638 814 2677 melius
841 2639 985 2678 habere
1017 2641 1129 2692 coepi.
1177 2641 1308 2693 Atque
1339 2642 1425 2682 haec
1457 2645 1647 2689 hactenus

180 2699 401 2747 habuimus,
420 2714 507 2752 quae
528 2700 596 2739 tibi
625 2701 881 2739 scriberemus
899 2714 907 2739 :
938 2710 1068 2741 cetera
1082 2716 1211 2755 porro,
1232 2704 1289 2742 uti
1308 2718 1472 2758 quaeque
1494 2711 1646 2751 accide-

180 2761 271 2808 rint,
287 2760 604 2813 significabimus.
640 2762 750 2801 Felix
770 2763 823 2801 sis
840 2776 848 2801 :
880 2770 919 2801 et
934 2776 1074 2804 caveas
1095 2765 1222 2814 velim,
1239 2779 1287 2806 ne
1306 2780 1421 2819 quem
1442 2775 1478 2808 te
1498 2772 1559 2810 vel
1576 2788 1644 2826 po-

179 2823 383 2862 tentiorem
402 2823 463 2862 vel
484 2823 775 2865 imbecilliorem
791 2824 980 2865 offendas.
