1948 3306
309 198 390 234 594
752 198 1040 237 ADVERSUS
1082 200 1322 238 BOEOTUM

308 301 381 346 nis,
402 300 470 337 iste
491 300 597 338 illum
618 300 741 338 vetuit
760 302 1027 353 pronunciare.
1069 302 1165 341 Haec
1186 316 1274 342 vere
1289 316 1384 342 ame
1404 303 1492 352 dici,
1505 317 1527 342 e
1547 304 1772 342 testimonio.

307 369 346 399 et
363 361 636 411 provocatione
655 363 797 402 scietis.
1769 368 1772 372 '

619 509 1024 547 TESTIMONIUM.
1089 509 1458 546 PROVOCATIO.

364 606 423 642 10.
459 605 546 643 Hac
567 606 787 643 conditione
809 604 1020 656 repudiata,
1049 617 1136 641 cum
1164 603 1255 641 mihi
1278 609 1402 641 struat
1427 601 1586 640 insidias
1606 601 1765 652 etjudi-

305 666 406 704 cium
428 680 544 716 quam
561 667 776 705 diutissime
797 667 949 705 eludere
967 666 1133 710 studeat,
1153 666 1365 711 accusabit,
1387 672 1429 702 ut
1450 664 1579 709 audio,
1598 676 1678 701 non
1705 675 1767 701 me

305 728 444 771 solum,
467 729 535 766 sed
557 729 672 766 etiam
700 738 860 780 patrem,
883 729 1004 770 abeo
1038 740 1081 765 se
1115 727 1153 764 in
1187 740 1312 764 meam
1339 726 1498 777 gratiam
1523 725 1653 763 multis
1673 723 1766 762 affe-

303 796 407 826 ctum
442 803 525 827 esse
555 791 715 841 injuriis,
739 790 942 828 dictitans:
973 803 1041 827 vos
1076 796 1219 835 autem,
1245 788 1421 833 Judices,
1449 801 1495 826 eo
1527 786 1767 838 potissimum

303 851 408 900 quod
428 864 450 888 a
469 852 607 889 vestris
635 852 762 889 liberis
784 852 884 889 male
903 851 1033 889 audire
1052 851 1220 895 nolletis,
1241 863 1314 888 nec
1336 850 1452 887 istum
1481 849 1580 900 patri
1605 847 1767 886 maledi-

304 924 390 948 cere
411 912 622 962 patiamini.
683 913 819 963 Neque
839 913 941 950 enim
971 912 1172 949 ferendum
1199 912 1326 957 fuerit,
1346 924 1434 949 cum
1453 924 1522 949 vos
1548 911 1616 956 eis,
1636 909 1702 961 qui
1726 910 1765 947 in

302 985 514 1022 paucorum
535 974 735 1012 dominatu
754 975 896 1011 multos
919 974 1022 1011 cives
1042 973 1189 1021 indicta
1208 986 1328 1011 causa
1352 979 1608 1023 peremerant,
1634 983 1768 1008 recon-

302 1033 562 1084 ciliati-pactis
582 1042 620 1073 et
639 1036 839 1073 conventis
856 1035 979 1081 stetis,
1000 1036 1100 1073 sicut
1120 1037 1244 1073 bonos
1264 1035 1365 1072 viros
1385 1034 1520 1072 decet:
1554 1034 1685 1080 istum,
1701 1033 1767 1084 qui

302 1108 390 1132 cum
413 1104 521 1146 patre
541 1097 693 1135 vivente
714 1111 791 1139 rem
812 1098 1001 1147 transegit
1020 1097 1229 1148 multisque
1257 1098 1371 1134 rebus
1393 1095 1467 1134 fuit
1494 1108 1562 1146 per
1586 1095 1766 1146 injuriam

303 1158 491 1208 superior,
512 1160 616 1196 n'unc
639 1167 786 1198 veteres
799 1158 967 1196 offensas
983 1172 1166 1197 renovare
1184 1158 1278 1210 patI,
1294 1158 1406 1208 eique
1423 1157 1666 1208 maledicere,
1690 1155 1767 1193 Mi-

301 1218 403 1256 nime
423 1233 527 1265 vero,
548 1221 832 1258 Athenienses:
866 1221 931 1258 sed
950 1221 1132 1271 imprimis
1154 1226 1282 1258 vetate
1311 1233 1398 1257 eum
1432 1219 1518 1256 haec
1545 1219 1688 1264 facere,
1709 1218 1768 1256 sin

299 1280 410 1317 vobis
431 1282 506 1318 vim
529 1282 644 1319 faciet
661 1283 770 1332 eique
783 1282 1072 1327 conviciabitur,
1090 1281 1274 1332 cogitate,
1291 1281 1413 1331 ipsum
1431 1289 1569 1318 ‘contra
1583 1293 1622 1318 se
1639 1279 1768 1317 dicere

302 1341 564 1380 testimonium
585 1356 626 1389 se
647 1348 696 1383 ex
720 1356 767 1381 eo
787 1357 865 1381 non
885 1356 972 1382 esse
994 1351 1142 1381 natum.
1201 1344 1278 1386 Qui
1299 1343 1399 1380 enim
1420 1349 1558 1380 natura
1576 1342 1644 1379 filii
1664 1347 1768 1387 sunt,

300 1402 451 1441 etiamsi
479 1417 567 1441 cum
590 1405 764 1455 patribus
789 1406 1006 1443 viventibus
1036 1405 1148 1441 rixati
1182 1405 1352 1451 fuerunt,
1373 1411 1413 1442 at
1445 1404 1662 1442 defunctos·
1683 1403 1768 1440 lau-

300 1463 420 1502 dant:
455 1467 519 1515 qui
551 1473 694 1512 autem,
714 1479 802 1504 cum
823 1479 892 1516 pro
913 1466 1000 1503 filiis
1029 1466 1257 1511 habeantur,
1279 1467 1364 1516 ipso
1394 1479 1537 1519 genere
1563 1479 1643 1503 non
1661 1472 1767 1512 sunt,

299 1532 342 1562 ut
355 1526 469 1564 facile
489 1527 526 1563 in
541 1527 713 1564 viventes
729 1527 976 1571 invehuntur,
994 1528 1049 1564 sic
1070 1540 1142 1565 nec
1159 1527 1366 1573 defunctos
1387 1527 1632 1578 proscindere
1651 1526 1770 1565 male-

299 1584 411 1623 dictis
431 1588 679 1625 erubescunt.
739 1588 818 1624 Sed
843 1587 901 1624 his
930 1587 1084 1625 omissis
1115 1587 1300 1637 cogitate,
1321 1601 1437 1637 quam
1469 1588 1680 1625 absurdum
1703 1588 1766 1635 sit,

298 1648 413 1684 istum
443 1649 554 1698 patri,
586 1656 629 1686 ut
659 1649 699 1685 in
730 1662 771 1686 se
805 1648 945 1700 injurio
968 1649 1188 1694 conviciari,
1216 1649 1283 1699 qui
1309 1656 1468 1700 propter
1486 1649 1589 1702 illius
1607 1648 1766 1700 injurias

298 1707 390 1746 civis
412 1716 470 1746 est
490 1716 618 1748 vester
641 1711 782 1748 factus.
840 1711 897 1748 Ac
928 1724 1001 1762 ego
1028 1711 1199 1761 quidem,
1224 1720 1383 1762 propter
1412 1712 1573 1749 istorum
1604 1713 1766 1751 matrem

298 1769 452 1808 duabus
473 1772 690 1821 patrimonii
711 1772 883 1822 partibus
903 1770 1103 1822 spoliatus,
1119 1779 1248 1809 tamen
1263 1772 1379 1809 vestri
1394 1772 1545 1823 pudore
1560 1772 1654 1810 nihil
1672 1773 1765 1811 mali

299 1831 347 1868 de
369 1845 415 1869 ea
435 1832 564 1870 dicere
585 1833 728 1870 ausim:
759 1839 799 1870 at
827 1833 912 1879 iste,
933 1846 1048 1884 quem
1071 1833 1140 1871 sibi
1162 1840 1312 1884 patrem
1342 1833 1421 1870 fieri
1453 1834 1596 1884 coegit,
1617 1847 1704 1872 eum
1725 1835 1764 1872 in

299 1900 514 1944 conspectu
536 1901 663 1932 vestro
683 1894 898 1945 vituperare
926 1908 1013 1933 non,
1035 1901 1200 1940 veretur,
1223 1908 1346 1945 eoque
1375 1895 1482 1933 venit
1509 1896 1686 1941 inscitiae,
1706 1902 1762 1941 ut,

299 1967 389 1993 cum
420 1955 526 2006 leges
571 1956 805 1994 interdicant
854 1970 945 1994 nec
994 1957 1212 1994 aliorum
1258 1957 1501 2007 patribus
1547 1957 1765 1995 maledi-

298 2030 417 2055 cere
456 2018 746 2063 defunctis,
787 2032 873 2056 eum
902 2019 988 2063 iste,
1020 2020 1132 2070 cujus
1163 2032 1203 2057 se
1230 2018 1352 2055 filium
1381 2031 1467 2056 esse
1496 2018 1686 2069 perhibet,
1704 2019 1763 2056 in-

299 2085 480 2124 sectetur,
502 2093 617 2129 quem
638 2081 908 2125 conveniebat,
929 2081 959 2118 si
981 2081 1068 2130 quis
1088 2081 1121 2118 ei
1145 2081 1240 2119 alius
1262 2082 1509 2126 obtrectaret,
1529 2079 1733 2131 indignari.

357 2141 417 2178 ll.
443 2142 621 2180 Arbitror
640 2143 755 2180 etiam
781 2143 875 2188 fore,
896 2143 1070 2189 Judices,
1091 2150 1148 2189 ut,
1169 2156 1256 2180 cum
1285 2144 1369 2181 aliis
1397 2143 1638 2195 argumentis
1668 2143 1762 2180 defi-

295 2202 429 2248 cietur,
458 2203 548 2241 mihi
578 2204 809 2242 maledicere
837 2204 1013 2256 instituat
1033 2211 1071 2242 et
1097 2218 1156 2242 me
1181 2205 1438 2255 perstringere
1461 2211 1636 2250 conetur,
1657 2217 1764 2242 com-

297 2276 529 2310 memorans,
550 2277 611 2302 me
630 2272 668 2303 et
686 2266 909 2311 educatum,
928 2274 967 2303 et
984 2266 1204 2303 institutum
1232 2280 1329 2312 esse,
1350 2274 1388 2304 et
1413 2267 1450 2303 in
1480 2264 1650 2318 paternis
1669 2266 1765 2303 aedi-

238 2358 241 2361 ,
296 2325 379 2362 bus,
403 2326 643 2363 contraxisse
671 2327 982 2364 matrimonium:
1013 2328 1085 2364 sibi
1115 2327 1209 2364 nihil
1238 2328 1375 2365 horum
1401 2328 1625 2378 contigisse.‘
1684 2328 1764 2366 Vos

297 2393 426 2424 autem
446 2387 628 2437 cogitate,
643 2401 703 2425 me
723 2401 746 2425 a
765 2395 885 2426 matre
905 2388 1093 2426 defuncta
1111 2401 1273 2439 puerum
1294 2388 1481 2434 relictum,
1494 2386 1543 2426 'ut
1560 2389 1652 2427 mihi
1671 2390 1766 2428 satis

298 2447 411 2485 fuerit
441 2461 560 2486 usura
587 2449 687 2487 dotis
708 2456 787 2486 tam
809 2449 858 2487 ad
879 2449 1021 2487 victum
1049 2463 1167 2500 quam
1195 2450 1246 2488 ad
1275 2450 1580 2488 institutionem:
1618 2452 1657 2489 in
1681 2463 1764 2488 ma-

298 2517 393 2548 trem
421 2517 551 2549 autem
579 2511 739 2549 istorum
769 2511 1023 2563 Plangonem,
1053 2525 1184 2550 secum
1218 2512 1314 2551 istos
1345 2513 1515 2551 alentem
1541 2519 1581 2551 et
1604 2513 1763 2552 ancillas

298 2572 531 2623 complures,
554 2579 594 2610 et
609 2574 730 2624 ipsam
752 2581 979 2624 sumptuose
1000 2573 1206 2624 viventem,
1227 2587 1315 2612 cum
1337 2573 1384 2612 ad
1404 2587 1450 2612 ea
1468 2581 1616 2625 patrem
1635 2588 1764 2613 meum

299 2645 428 2671 amore
449 2639 607 2685 captum
635 2633 882 2685 praebitorem
910 2634 1071 2673 haberet
1089 2642 1129 2672 et
1148 2647 1310 2686 magnas
1329 2630 1527 2686 impensas
1545 2634 1675 2673 facere
1695 2649 1764 2674 co-

298 2702 419 2743 geret,
446 2707 524 2732 non
543 2695 676 2745 utique
703 2694 896 2732 tantillum
924 2695 972 2734 de
1005 2695 1105 2734 illius
1134 2695 1272 2746 opibus
1291 2692 1479 2747 quantum
1503 2695 1545 2733 in'
1569 2708 1632 2734 me
1657 2709 1763 2734 sum-

298 2761 434 2805 ptuum
456 2769 542 2794 esse
561 2756 722 2795 factum.
764 2755 897 2800 Quare
915 2756 1039 2794 multo
1058 2756 1182 2808 magis
1201 2756 1265 2795 isti
1285 2770 1309 2795 a
1330 2769 1389 2795 me
1408 2756 1620 2796 accusandi
1639 2764 1762 2805 erant,

238 2855 242 2859 ,
299 2828 414 2866 quam
435 2829 508 2867 ego
529 2816 577 2855 ab
596 2816 694 2855 istis.
751 2816 854 2855 Nam
884 2823 1023 2868 praeter
1050 2826 1204 2864 caetera,
1223 2817 1357 2869 viginti
1383 2816 1511 2858 ‘minas'
1537 2831 1624 2857 cum
1653 2825 1763 2870 patre

298 2884 496 2916 mutuatus
515 2891 537 2917 a
558 2878 716 2930 Blepaeo
750 2879 942 2917 mensario
974 2880 1022 2917 ad
1050 2880 1283 2930 emptionem
1305 2880 1507 2930 quandam
1530 2880 1761 2929 fodinarum,
