1915 3356
966 78 983 85 κ

445 197 520 234 DE
552 197 713 234 MALE
744 196 919 234 GESTA
952 195 1286 235 LEGATIONE.
1546 194 1597 228 49

131 297 312 348 fugitivos
331 297 505 335 homines
521 311 568 336 ex
590 298 747 336 Graecia
765 297 1015 347 collegerant,
1037 309 1084 334 ac
1101 298 1260 335 seorsim
1281 299 1317 334 in
1339 299 1596 336 mercenarios

129 359 236 404 istos,
257 359 321 409 qui
341 359 379 396 in
399 366 582 410 suggesto
601 367 639 397 et
660 359 913 398 concionibus
930 364 1159 397 versantur:
1194 360 1260 408 qui
1280 372 1303 396 a
1322 359 1471 397 miseris
1491 360 1597 398 insu·

128 419 274 458 laribus
306 422 513 472 quotannis
531 424 732 472 sexaginta
754 421 904 458 talenta
932 420 1144 470 exigebant
1163 420 1296 457 tributi
1317 421 1474 459 nomine
1492 434 1501 458 ε
1531 423 1597 471 qui

129 494 247 519 naves
262 490 303 520 et
322 482 482 521 Graecos
499 484 537 520 in
556 482 751 520 communi
769 482 859 519 navi
874 480 1199 531 depraedabantur
1214 494 1222 518 ε
1255 490 1388 519 nostra
1402 496 1491 520 vero
1508 483 1597 521 urbs

128 543 216 581 loeo
253 544 493 583 auctoritatis
527 552 565 582 et
600 543 840 594 principatus
879 542 1126 589 Graecorum,
1165 542 1330 580 eandem
1363 544 1596 593 opinionem,

128 618 246 657 quam
269 607 512 657 Myonnesus
529 612 568 644 et
585 606 735 656 piratae,
752 612 967 643 consecuta
986 612 1082 643 erat.
1112 603 1316 656 Philippus
1336 617 1449 655 porro
1464 619 1483 643 e
1508 607 1597 644 Ma—

126 667 291 706 cedonia
317 681 561 719 progressus,
581 680 659 705 non
684 674 728 705 ut
751 667 940 706 hactenus
961 668 1010 706 de
1039 667 1263 719 Amphipoli
1292 667 1496 704 nobiscum
1525 682 1596 718 pu-

129 731 294 780 gnabat:
312 729 471 780 sedjam
484 730 533 768 de
550 730 747 769 Lemnoet
763 732 892 769 Imbro
908 737 947 768 et
958 730 1094 782 Scer,
1107 731 1251 768 nostris
1266 730 1597 780 possessionibus:

126 797 168 829 et
187 791 504 830 Chersonnesum
524 792 629 831 cives
653 793 778 831 nostri
801 793 1048 838 deserebant,
1068 805 1155 842 quae
1175 791 1272 830 citra
1299 792 1600 829 controversiam

128 860 190 891 est
209 853 524 892 Atheniensium.
557 855 680 893 Erant
691 862 820 893 autem
834 854 965 905 plures
981 854 1202 892 necessario
1223 853 1378 891 indictae
1393 854 1600 892 conciones

126 927 217 952 cum
237 915 406 953 tumultu
426 923 465 954 et
489 923 596 954 metu
615 916 822 963 habendae,
842 930 958 967 quam
976 923 1091 954 statae
1113 930 1158 954 ac
1178 916 1379 966 legitimae,
1400 930 1462 954 res
1482 930 1598 968 porro

123 976 177 1015 ita
203 976 450 1015 labefactatae
484 991 529 1016 ac
566 978 798 1029 periculosae
831 985 954 1025 erant,
981 985 1026 1016 ut
1058 977 1307 1029 Cephisopho
1343 977 1599 1025 Poeaniensis,

127 1037 275 1076 amicus
296 1039 554 1077 etfamiliaris
575 1039 770 1087 Charetis,
798 1041 999 1079 decretum
1020 1040 1188 1078 scribere
1208 1047 1426 1090 cogeretur,
1455 1047 1500 1077 ut
1519 1041 1600 1078 An-

124 1098 280 1137 tiochus
297 1099 480 1138 actuariis
498 1100 661 1151 navigiis
680 1102 905 1151 praefectus,
921 1114 1038 1152 quam
1054 1100 1220 1153 primum
1235 1101 1417 1147 solveret,
1439 1101 1602 1152 impera-

127 1166 251 1198 torem
279 1161 501 1212 quaesitum,
521 1163 583 1200 cui
604 1163 835 1201 commissus
864 1170 969 1201 esset
988 1163 1195 1202 exercitus.
1253 1163 1373 1205 Quod
1394 1164 1426 1201 si
1453 1164 1492 1201 in
1512 1177 1601 1202 eum

126 1222 357 1260 incidisset:
388 1223 425 1260 ei
458 1231 643 1271 narraret,
675 1224 806 1262 mirari
837 1225 1024 1275 populum
1054 1224 1349 1269 Atheniensem,
1378 1224 1603 1276 Philippum

128 1283 455 1331 Chersonnesum,
477 1297 564 1334 quae
591 1285 642 1322 sit
662 1285 980 1331 Atheniensium,
1006 1286 1213 1323 invadere:
1245 1285 1510 1324 Athenienses
1532 1300 1601 1324 au-

129 1351 207 1383 tem
227 1345 390 1391 nescire,
412 1359 484 1383 nec
504 1346 582 1383 dux
601 1359 677 1384 nec
697 1346 820 1397 copiae
848 1359 945 1397 quas
966 1346 1155 1391 miserint,
1175 1346 1240 1384 ubi
1262 1346 1366 1384 sint?
1396 1347 1454 1385 Ut
1473 1355 1604 1385 autem

127 1420 220 1446 vera
237 1421 299 1446 me
318 1407 430 1458 -loqui
461 1408 716 1459 intelligatis:
745 1408 946 1446 decretum
979 1408 1110 1447 audite
1141 1415 1182 1446 et
1215 1408 1309 1447 belli
1349 1409 1610 1448 recordamini

125 1475 166 1507 et
184 1482 324 1520 pacem
344 1482 368 1507 a
387 1469 481 1508 belli
501 1469 681 1517 ducibus,
700 1482 779 1506 non
800 1482 824 1507 a
843 1469 987 1520 legatis
1009 1468 1225 1520 repetitote.

265 1616 575 1656 DECRETUM
611 1617 646 1654 A
682 1615 1160 1655 CEPHISOPHONTE
1193 1615 1435 1654 FACTUM.

126 1721 185 1758 Ac
211 1726 390 1772 tempora
407 1720 567 1772 quidem
587 1719 768 1766 civitatis,
787 1721 927 1771 quibus
960 1720 1009 1758 de
1036 1733 1135 1771 pace
1160 1720 1281 1757 verba
1306 1720 1467 1767 fiebant,
1495 1729 1608 1759 erant

125 1783 364 1834 hujusmodi.
396 1783 582 1821 Oratores
613 1789 745 1820 autem
764 1782 826 1820 isti
846 1781 1014 1828 factiosi,
1044 1795 1132 1820 cum
1162 1781 1214 1819 ad
1234 1781 1446 1819 dicendum
1468 1795 1605 1833 surge—

128 1845 237 1890 bant,
263 1844 313 1882 de
333 1844 502 1883 civitatis
527 1843 684 1895 quidem
705 1844 976 1882 incolumitate
996 1843 1092 1881 nihil
1117 1844 1156 1881 in
1185 1843 1357 1880 medium
1379 1843 1606 1892 afferebant,

128 1906 200 1945 sed
219 1919 287 1944 vos
305 1906 405 1944 arcis
425 1906 663 1944 vestibulum
678 1905 819 1943 intueri
827 1906 1034 1956 jubebant,
1059 1911 1098 1942 et
1114 1904 1336 1942 Salaminiae
1350 1918 1494 1956 pugnae
1510 1918 1605 1943 con-

130 1974 190 2007 tra
214 1968 370 2014 Persas,
391 1975 432 2006 et
451 1968 718 2019 sepulcrorum
739 1974 779 2005 et
796 1967 988 2017 majorum
1009 1972 1232 2004 nostrorum
1261 1973 1299 2003 et
1323 1965 1606 2017 triumphorum

128 2030 365 2068 meminisse.
427 2029 513 2078 Ego
533 2040 624 2065 vero
643 2027 783 2064 horum
803 2039 898 2064 sane
917 2028 1091 2063 omnium
1116 2026 1403 2064 recordandum
1430 2041 1516 2066 esse
1548 2029 1606 2066 di-

127 2093 278 2141 cebam,
305 2089 376 2128 sed
406 2096 538 2127 tamen
565 2088 812 2139 prudentiam
838 2088 1028 2138 majorum
1055 2100 1142 2125 esse
1169 2087 1409 2135 imitandam,
1442 2098 1608 2139 peccata

127 2167 220 2192 vero
252 2159 292 2192 et
310 2151 627 2202 intempestivam
657 2150 944 2188 contentionem
973 2149 1188 2193 vitandam,
1219 2149 1401 2199 pedestre
1430 2151 1605 2200 praelium

131 2216 183 2254 all
202 2215 374 2254 Plataeas
405 2219 542 2252 contra
567 2212 722 2259 Persas,
749 2218 792 2250 ‘et
817 2211 1092 2249 contentiones
1113 2210 1162 2248 de
1183 2210 1392 2257 Salamine,
1412 2218 1452 2249 et
1472 2212 1607 2252 Mara-

134 2278 309 2316 thoniam
337 2289 524 2328 pugnarn,
556 2282 595 2313 et
629 2274 767 2312 navale
789 2274 966 2325 praelium
999 2273 1050 2310 ad
1071 2272 1339 2319 Artemisium,
1360 2279 1399 2310 et
1418 2273 1606 2312 Tolmidae

131 2338 333 2391 imperium
357 2338 544 2390 jubebam
575 2336 729 2383 imitari,
760 2336 825 2386 qui
859 2348 947 2373 cum
979 2335 1141 2373 haberet
1161 2333 1263 2371 mille
1283 2334 1456 2372 delectos
1482 2335 1605 2374 Athe-

129 2401 302 2447 nienses,
330 2398 481 2437 infestis
514 2397 629 2436 armis
659 2411 794 2436 secure
820 2410 889 2448 per
920 2397 1088 2434 mediam
1120 2395 1434 2447 Peloponnesum
1471 2410 1607 2447 perva-

130 2464 256 2509 sisset,
286 2461 574 2513 expeditionem
596 2467 726 2498 autem
756 2460 1000 2497 Siciliensem
1020 2458 1234 2497 cavendam
1256 2471 1356 2504 esse,
1380 2471 1459 2508 qua
1480 2459 1605 2496 Leon-

131 2524 221 2562 tinis
241 2523 387 2562 auxilia
408 2523 616 2568 misissent,
636 2535 725 2560 cum
746 2521 880 2559 hostes
908 2522 946 2558 in
971 2527 1151 2559 nostrum
1176 2533 1312 2570 agrum
1333 2520 1518 2570 impetum
1549 2520 1604 2558 fe-

129 2586 288 2630 cissent,
309 2591 349 2623 et
376 2584 549 2622 Decelea
569 2590 705 2622 contra
735 2596 806 2621 nos
839 2583 989 2620 munita
1015 2590 1134 2628 esset,
1163 2589 1402 2633 postremum
1433 2581 1525 2619 item
1546 2588 1603 2619 te-

131 2647 350 2685 meritatem
370 2646 474 2684 illam
504 2645 734 2692 cavendam,
754 2658 842 2683 curn
861 2644 966 2683 bello
984 2644 1090 2690 victi,
1108 2643 1398 2696 postulantibus
1420 2642 1604 2681 Lacedae-

133 2707 272 2747 moniis
292 2715 335 2745 ut
352 2719 492 2759 pacem
523 2714 698 2759 agerent,
717 2714 756 2745 et
784 2713 926 2758 praeter
946 2706 1131 2752 Atticam,
1155 2706 1270 2744 etiam
1293 2705 1502 2750 Lemnum,
1527 2705 1605 2743 Im-

130 2771 244 2808 brum
271 2775 311 2808 et
331 2769 496 2820 Scyrum
515 2776 705 2814 tenerent,
732 2775 773 2806 et
790 2767 999 2806 constituta
1017 2768 1168 2819 legibus
1194 2768 1371 2805 libertate
1392 2774 1602 2812 uterentur,

130 2833 270 2871 horum
298 2830 391 2868 nihil
413 2830 617 2880 admittere
636 2831 855 2876 voluerunt,
888 2829 957 2867 sed
976 2829 1122 2868 bellurn
1153 2830 1260 2880 quod
1282 2842 1413 2879 gerere
1435 2842 1512 2867 non
1532 2843 1604 2881 po-

133 2899 281 2940 terant,
313 2892 593 2944 praetulerunt:
624 2905 712 2931 cum
743 2891 900 2943 quidem
931 2891 1109 2942 Cleopho
1137 2892 1305 2942 lyrarum
1334 2890 1456 2935 faber,
1487 2904 1603 2942 quem

135 2956 247 2995 multi
266 2954 523 3006 compedibus
543 2954 716 2999 vinctum
744 2953 1013 3001 meminerant,
1032 2966 1101 3004 per
1120 2953 1295 2991 fraudem
1316 2965 1360 2990 ac
1382 2954 1546 3003 turpiter
1564 2954 1602 2991 in

841 3014 860 3034 ‘¹‘
885 3028 911 3053 11
