1965 3356
246 419 650 462 ARGUMENTUM
679 421 976 461 ORATIONIS
1007 421 1066 461 IN
1095 421 1370 464 EVERGUM
1402 424 1467 463 ET

561 484 928 523 MNESIBULUM
956 485 1169 524 TESTES.

181 587 465 620 Arflzmmsmns
481 588 609 619 classem
623 588 660 619 ad
683 589 797 619 bellum
812 599 943 629 propere
958 588 1187 625 instruentibus,
1204 593 1388 619 armamenta
1416 588 1584 620 triremium

138 638 294 679 praefectis
308 639 442 670 deerant.
488 639 595 679 Itaque
612 640 768 670 decretum
786 640 943 675 scribitur,
959 644 992 669 ut
1008 639 1208 668 instrumenta
1231 639 1349 669 navalia
1364 640 1587 678 quamprimum

136 690 176 719 ab
191 689 230 718 iis
246 689 298 728 qui
312 690 458 719 deberent.
472 690 650 729 reipublicae
667 690 879 729 exigerentur:
906 690 928 719 ii
947 700 1018 720 vero
1034 690 1157 730 quidam
1170 700 1274 720 eorum
1291 696 1376 720 erant
1392 691 1443 729 qui
1457 690 1588 720 triremi-

135 739 193 768 bus
208 739 401 779 praefuerant.
444 740 533 770 Alius
548 740 642 780 igitur
657 742 694 771 ab
709 740 778 771 aliis
794 751 831 770 ea
846 751 918 771 vasa
933 746 1070 781 repetere
1086 743 1193 780 jussus
1209 745 1275 771 est:
1296 741 1321 772 is
1336 751 1410 771 vero
1431 741 1485 781 qui
1507 752 1587 771 nnnc

136 789 227 820 habet
241 791 418 826 orationem,
434 801 452 822 a
464 792 661 832 Theophemo
679 798 710 822 et
726 793 927 822 Demochare.
972 793 1033 831 Qui
1050 802 1118 822 cum
1132 782 1311 822 insolentius
1327 803 1359 822 se
1373 797 1523 832 gererent,
1533 803 1587 823 eos

133 840 165 870 in
177 841 230 880 jus
248 845 383 878 vocatos,
393 852 462 872 reos
479 841 609 883 peregit.
655 843 861 873 Demochares
878 843 1000 882 quidem
1014 843 1126 879 reddit,
1137 843 1192 873 sed
1206 843 1420 883 Theophemns
1434 843 1533 873 adhuc
1544 844 1588 872 ef-

135 890 221 931 fugia
234 892 383 931 quaeritat.
429 893 522 924 Facto
539 898 638 924 autem
656 905 673 924 a
689 899 796 925 senatu
812 894 950 931 decreto,
968 899 1000 924 ut
1016 905 1075 934 quo
1092 894 1219 934 quisque
1240 892 1331 924 modo
1353 899 1469 935 posset,
1485 894 1588 924 debita

135 942 288 983 exigeret,
300 944 382 974 aedes
392 945 580 985 Theophemi
595 945 623 975 is
635 945 687 984 qui
701 956 780 975 nuno
792 945 893 986 litigat
902 946 1029 976 invadit.
1057 945 1318 986 Ortoquejurgio‚
1331 950 1363 975 et
1378 945 1457 975 inter
1474 955 1507 975 se
1520 955 1589 975 ver-

136 993 252 1030 bei-ant,
265 998 296 1024 et
315 994 346 1024 in
365 996 417 1034 jus
432 1001 537 1026 mutuo
558 1001 679 1031 vocant,
693 1001 820 1037 uterque
832 1008 969 1027 asserens
981 998 1107 1027 alterum
1120 997 1261 1027 intulisse
1274 1007 1396 1027 manus:
1419 1007 1487 1036 quae
1506 997 1587 1026 actio

134 1043 220 1081 αἰκία,
233 1045 290 1075 hoc
303 1051 362 1082 est,
378 1047 561 1084 verberatio,
573 1047 742 1078 dicebatur.
787 1049 878 1079 Prior
893 1049 987 1088 igitur
1003 1049 1161 1087 ingressus
1176 1048 1393 1089 Theopbemus
1408 1053 1502 1079 testes
1518 1058 1588 1087 pro-

135 1095 235 1131 duxit,
252 1097 404 1135 Evergum
416 1102 445 1127 et
462 1098 680 1134 Mnesibnlum,
692 1099 822 1129 alterum
840 1100 962 1129 fratrem
976 1109 1078 1135 suum,
1092 1099 1219 1128 alterum
1236 1099 1363 1129 affinem.
1408 1099 1437 1130 Ii
1454 1109 1525 1130 vero
1542 1103 1588 1129 te-

134 1145 254 1176 stificati
271 1138 587 1186 sunt,Tlieophe1iium
607 1148 740 1180 voluisse
756 1150 926 1186 mulierem,
944 1160 1011 1189 quae
1026 1159 1139 1189 pugnae
1153 1149 1343 1186 interfuerat,
1358 1151 1430 1181 dare
1453 1150 1483 1180 in
1506 1160 1591 1190 qnae-

134 1196 276 1234 stionem,
287 1198 363 1227 utin
379 1199 538 1228 tormentis
554 1200 761 1237 confiteretur,
776 1206 845 1231 uter
861 1201 945 1240 prior
960 1211 1066 1230 manus
1084 1201 1259 1231 intulisset:
1281 1201 1363 1240 qnod
1385 1211 1453 1231 cum
1467 1201 1590 1231 offerret

133 1247 348 1287 Theophemus
362 1249 564 1289 ancillamque
580 1251 747 1281 traditurus
762 1257 856 1289 esset,
868 1252 955 1282 illurn
968 1253 1128 1282 admittere
1139 1251 1286 1282 noluisse.
1305 1253 1441 1282 Tandem
1454 1251 1591 1291 judices,

133 1297 193 1327 fide
209 1298 338 1330 testibus
354 1301 470 1338 habita,
490 1312 546 1341 pro
567 1302 764 1342 Theophemo
787 1303 1045 1343 pronunciarunt:
1071 1303 1098 1333 is
1121 1308 1222 1333 autem
1239 1302 1293 1343 qui
1309 1302 1411 1334 victus
1428 1306 1476 1332 est
1491 1307 1586 1333 testes

132 1348 201 1379 [alsi
214 1350 380 1382 testimonii
391 1357 524 1384 accusat.

486 1685 542 1739 D
565 1687 614 1741 E
637 1686 703 1742 M
723 1687 772 1742 O
787 1687 824 1742 S
844 1688 891 1742 T
913 1688 970 1742 H
991 1688 1040 1742 E
1058 1688 1116 1742 N
1139 1690 1167 1743 I
1190 1689 1226 1742 S

182 1836 254 1884 IN
290 1836 626 1887 EVERGUM
664 1839 748 1887 ET
784 1839 1240 1889 MNESIBULUM
1287 1840 1533 1891 TESTES

725 1980 968 2024 ORATIO
977 2014 987 2024 .

186 2096 219 2133 l.
239 2094 500 2134 PRAECLARAE
515 2096 608 2135 mihi
620 2109 706 2135 esse
718 2097 825 2148 leges
840 2097 1032 2144 videntur,
1047 2096 1219 2144 Judices,
1236 2110 1324 2148 quae
1337 2104 1428 2148 post
1440 2096 1587 2149 judicia

127 2157 212 2195 falsi
231 2157 434 2196 testimonii
453 2158 645 2197 actionem
661 2158 890 2210 largiuntur,
909 2166 966 2205 ut,
982 2158 1012 2195 si
1032 2159 1130 2209 quis,
1151 2159 1315 2196 testibus
1332 2158 1586 2197 mendacibus

126 2219 324 2271 productis
357 2227 424 2258 aut
455 2221 795 2272 provocationibus
833 2234 910 2258 non
941 2220 1054 2259 factis
1090 2227 1158 2258 aut
1188 2221 1420 2260 testimoniis
1451 2227 1588 2258 contra

127 2281 251 2333 legem
282 2282 410 2328 dictis,
438 2283 592 2334 judices
623 2283 833 2334 deceperit,
854 2283 947 2321 nihil
967 2297 1013 2321 ea
1034 2297 1073 2322 re
1095 2284 1295 2334 proficiat:
1324 2284 1357 2322 is
1378 2289 1504 2321 autem
1527 2282 1589 2320 cui

128 2343 229 2382 facta
248 2350 307 2383 est
324 2344 475 2395 injuria,
497 2346 726 2384 testimoniis
753 2346 996 2397 reprehensis
1023 2360 1142 2397 quum
1164 2347 1267 2398 apud
1289 2360 1356 2384 vos
1375 2346 1589 2384 ostenderit

126 2413 243 2444 testes
263 2406 312 2445 de
338 2420 379 2445 re
405 2407 548 2445 dixisse
568 2408 719 2455 falsum,
741 2415 823 2446 tum
844 2409 893 2446 ab
922 2408 977 2446 eis
997 2421 1133 2460 poenas
1149 2415 1320 2460 expetat,
1342 2414 1424 2445 tum
1443 2407 1543 2444 illius
1566 2420 1588 2444 a

127 2480 205 2519 quo
225 2468 403 2519 producti
423 2476 514 2508 sunt
532 2469 653 2507 malas
683 2476 784 2508 artes
815 2469 1036 2508 ulciscatur.
1094 2469 1382 2521 Proptereaque
1403 2469 1588 2507 minorem

126 2530 356 2577 accusatori,
376 2530 406 2568 si
427 2531 687 2578 succubuerit,
711 2531 894 2569 mulctam
914 2538 1145 2576 statuerunt,
1174 2544 1222 2568 ne
1248 2544 1374 2582 poenae
1392 2530 1589 2580 magnitu-

127 2591 216 2630 dine
235 2591 472 2631 deterreatur
490 2592 607 2631 laesus
627 2606 650 2630 a
667 2593 947 2644 persequendis
974 2593 1162 2632 testibus:
1193 2605 1258 2631 reo
1277 2599 1406 2630 autem
1426 2605 1587 2642 magnas

126 2667 260 2705 poenas
294 2655 591 2702 constituerunt,
612 2655 643 2694 si
662 2656 863 2694 convictus
895 2656 1011 2694 fuerit
1041 2664 1080 2694 et
1117 2655 1226 2694 vobis
1260 2668 1330 2707 pro
1366 2655 1588 2694 testimonio

127 2716 310 2755 mentitus
329 2730 416 2756 esse
444 2717 631 2756 videatur.
690 2718 813 2769 quue
841 2719 992 2766 merito,
1013 2718 1198 2757 Judices:
1230 2731 1300 2756 vos
1323 2717 1439 2764 enim,
1469 2725 1588 2756 testes

127 2777 264 2823 intuiti,
285 2784 325 2817 et
355 2792 488 2817 eorum
519 2780 749 2819 testimoniis
770 2780 870 2826 freti,
898 2780 1180 2833 pronunciatis.
1238 2780 1298 2817 Ne
1323 2780 1439 2830 igitur
1458 2786 1498 2817 et
1517 2793 1587 2818 vos

127 2837 382 2891 decipiamini,
398 2848 437 2880 et
452 2841 515 2893 qui
533 2841 582 2880 ad
602 2855 670 2880 vos
688 2842 958 2894 ingrediuntur
977 2843 1124 2892 injuriis
1141 2842 1369 2887 afficiantur,
1385 2848 1590 2892 propterea

127 2912 194 2939 eos
209 2901 399 2941 obnoxios
414 2903 580 2942 reddidit
599 2903 810 2956 legislator.
869 2905 950 2943 Oro
971 2911 1099 2943 autem
1121 2911 1160 2942 et
1178 2916 1251 2954 ego
1271 2911 1314 2941 ut
1333 2916 1401 2942 vos
1420 2916 1481 2941 me
1496 2916 1585 2941 cum

127 2963 398 3004 benevolentia
416 2966 581 3006 audiatis
600 2981 679 3007 rem
699 2981 855 3007 omnem
871 2968 919 3006 ab
939 2967 1045 3006 initio
1061 2967 1336 3020 explicantem,
1355 2973 1399 3004 ut
1418 2965 1507 3004 inde
1527 2966 1585 3003 in-
