1948 3306
365 203 440 238 670
818 202 869 238 lN
904 201 1376 240 OLYMPIODORUM.

364 305 553 351 veniebat,
585 304 624 342 id
654 305 758 355 quod
789 305 878 342 mihi
910 305 1023 342 etiam
1053 317 1159 342 nunc
1186 318 1258 342 usu
1279 305 1395 343 venit.
1454 305 1685 356 Quanquam
1704 304 1821 349 enim,

364 366 535 412 Judices,
556 365 705 417 litigare
725 379 809 405 cum
841 365 1120 417 Olympiodoro
1140 365 1249 404 affine
1278 379 1364 404 meo
1392 365 1493 417 (ejus
1523 366 1625 403 enim
1653 378 1822 404 sororem

363 428 402 465 in
428 429 672 466 matrimonio
692 428 835 475 habeo)
854 441 929 464 non
950 427 1053 473 volo,
1079 428 1229 479 magnis
1258 435 1388 467 tamen
1415 427 1496 478 ejus
1524 426 1669 478 injuriis
1690 441 1822 479 cogor.

365 490 482 534 Quod
517 490 549 529 si
583 490 691 528 nulla
717 489 854 541 injuria
881 489 1100 536 lacessitus,
1120 490 1295 535 Judices,
1315 489 1383 527 sed
1416 502 1486 541 per
1519 488 1753 528 calumniam
1786 495 1826 527 et

362 552 606 590 mendacium
627 565 714 590 eum
734 564 971 597 accusarem,
992 559 1060 590 aut
1074 552 1372 591 controversiam
1391 552 1486 590 meis
1502 557 1541 589 et
1555 551 1826 603 Olympiodori

363 613 612 652 familiaribus
641 613 858 665 permittere
893 613 1118 661 noluissem,
1138 621 1206 652 aut
1235 614 1351 652 ullam
1375 614 1490 652 aliam
1514 613 1736 665 aequitatem
1756 613 1831 651 de-=

363 682 605 722 trectassem‚
627 675 717 713 mihi
746 675 902 721 credite,
924 675 1172 714 vehementer
1200 676 1465 714 erubescerem
1486 682 1525 714 et
1549 688 1608 713 me
1628 674 1824 713 hominem

363 750 449 775 esse
479 737 695 789 improbum
730 737 1014 775 existimarem:
1054 751 1157 776 nunc
1191 750 1315 789 neque
1353 737 1477 788 parvis
1506 737 1748 775 detrimentis
1776 738 1825 775 ab

364 798 646 850 Olympiodoro
679 799 862 850 acceptis,
896 812 1021 850 neque
1060 806 1304 852 sequestrum
1338 800 1461 837 ullum
1499 799 1665 851 fugiens,
1699 812 1824 850 neque

362 860 491 907 etiam,
512 861 649 899 Jovem
672 861 872 912 Optimum
911 861 1126 899 Maximum
1152 869 1287 908 testor,
1307 861 1423 908 ultro,
1445 861 1516 899 sed
1538 874 1654 912 quam
1677 860 1824 899 invitis-

362 922 494 969 simus,
513 929 674 961 coactus
696 924 744 960 ab
759 923 835 960 isto
851 935 936 960 sum
955 922 1028 961 hoc
1049 923 1176 961 subire
1191 923 1393 974 judicium.
1451 924 1580 966 Quare
1599 936 1669 961 vos
1689 935 1824 961 omnes

360 983 399 1021 in
420 984 549 1035 primis
580 997 687 1035 rogo,
708 984 730 1021 J
736 984 884 1030 udices,
904 990 948 1022 ut
973 992 1147 1022 nostrum
1166 994 1329 1035 utroque
1350 984 1497 1031 audito,
1512 991 1551 1023 et
1566 984 1638 1036 ipsi
1659 997 1825 1023 censura

361 1045 426 1083 rei'
447 1053 629 1097 suscepta
661 1059 729 1084 nos
762 1046 1032 1084 reconciliatos
1064 1046 1277 1093 dimittatis,
1301 1053 1341 1084 et
1371 1046 1421 1084 de
1452 1054 1618 1097 utroque
1650 1053 1824 1084 nostrum

360 1107 461 1145 bene
483 1108 728 1160 mereamini:
760 1108 819 1146 sin
843 1109 883 1146 id
911 1108 1100 1160 consequi
1132 1122 1208 1147 non
1230 1108 1446 1160 potueritis,
1469 1115 1511 1146 ut
1544 1109 1592 1147 de
1624 1115 1764 1147 caetero
1789 1109 1825 1146 ei

360 1168 425 1219 qui
445 1182 603 1207 causam
631 1169 827 1208 meliorem
847 1170 965 1208 habet
993 1169 1268 1221 suffragemini.
1325 1172 1385 1209 Ac
1410 1170 1574 1221 primum
1605 1171 1825 1209 testimonia

359 1230 640 1277 recitabuntur,
661 1231 763 1269 unde
797 1232 998 1283 apparebit
1025 1245 1093 1283 per
1122 1245 1184 1270 me
1214 1245 1292 1269 non
1317 1245 1405 1270 esse
1425 1232 1587 1278 factum,
1608 1238 1652 1271 ut
1669 1233 1823 1285 injudi-

360 1292 460 1329 cium
479 1293 685 1348 veniretur,
707 1293 774 1332 sed
794 1307 863 1345 per
881 1294 998 1332 istum
1022 1295 1161 1345 ipsum.
1220 1293 1357 1333 Recita
1376 1294 1607 1333 testimonia.

912 1465 1270 1503 TESTIMONIA.

360 1562 427 1599 Me
449 1562 577 1614 igitur,
597 1563 774 1609 Jndices,
796 1569 836 1601 et
864 1576 996 1614 aequas
1016 1570 1055 1601 et
1082 1561 1359 1601 convenientes
1387 1560 1667 1613 Olympiodoro
1686 1561 1823 1600 tulisse

355 1624 614 1670 conditiones,
651 1625 848 1663 testificati
886 1624 911 1662 ii
944 1633 1034 1663 sunt
1067 1625 1133 1676 qui
1165 1624 1421 1662 interfuerunt
1439 1637 1448 1662 :
1495 1637 1615 1674 quum
1637 1638 1728 1662 vero
1759 1623 1824 1662 ille

356 1701 515 1739 prorsus
535 1687 636 1738 aequi
657 1687 750 1725 nihil
771 1687 976 1725 admittere
1006 1686 1183 1733 voluerit,
1204 1699 1366 1725 necesse
1395 1692 1456 1724 est
1488 1686 1593 1737 apud
1612 1699 1680 1725 vos
1705 1699 1824 1738 expo-

354 1763 446 1788 nere
465 1750 606 1801 quibus
627 1749 772 1788 afficiar
794 1750 842 1787 ab
859 1749 1143 1801 Olympiodoro
1163 1747 1324 1801 injuriis.
1382 1748 1516 1786 Brevis
1536 1756 1666 1786 autem
1686 1761 1734 1786 ea
1752 1746 1826 1786 erit

355 1820 491 1850 oratio.

409 1875 446 1911 2.
468 1873 606 1911 Conon
620 1872 839 1911 Halaeensis
853 1880 1042 1924 cognatus
1057 1879 1185 1910 noster
1198 1871 1283 1918 fuit,
1305 1871 1480 1910 Judices.
1522 1872 1560 1910 Is
1583 1871 1721 1910 Conon
1738 1870 1822 1909 sine

353 1933 483 1973 liberis
515 1934 695 1981 decessit,
729 1948 818 1972 cum
849 1934 1004 1973 omnino
1025 1947 1142 1985 parvo
1170 1940 1344 1985 tempore
1373 1932 1636 1980 decubuisset,
1664 1933 1822 1984 grandis

351 2004 446 2036 natu
467 2010 554 2036 curn
575 2003 801 2035 moreretur.
860 1998 944 2048 Ego
970 2011 1058 2035 cum
1084 2010 1171 2035 eum
1199 2005 1277 2035 non
1296 2009 1412 2048 posse
1432 1996 1597 2034 evadere
1628 1995 1821 2042 sentirem,

351 2059 534 2098 accersivi
555 2058 890 2110 Olympiodorum‚
913 2066 956 2097 ut
977 2059 1134 2097 adesset
1160 2072 1313 2109 unaque
1334 2059 1533 2097 nobiscum
1561 2064 1714 2096 curaret
1733 2071 1821 2108 quae

353 2122 538 2160 decerent
566 2121 722 2159 omnia:
754 2121 1056 2173 Olympiodorus
1086 2121 1216 2172 igitur,
1236 2120 1412 2166 Judices,
1434 2127 1478 2158 ut
1496 2120 1546 2158 ad
1574 2133 1634 2158 me
1658 2120 1763 2158 venit
1782 2126 1822 2158 et

353 2184 403 2222 ad
423 2197 593 2222 sororem
613 2196 738 2228 suam,
756 2197 914 2221 uxorem
935 2196 1074 2228 meam,
1091 2196 1170 2221 una
1189 2181 1391 2220 nobiseum
1411 2182 1543 2221 omnia
1561 2188 1684 2223 curat.
1715 2182 1820 2220 Dum

352 2259 441 2284 vero
464 2259 533 2283 nos
556 2245 627 2283 hac
646 2259 740 2284 cura
758 2258 1010 2297 occupamur,
1023 2259 1071 2283 ex
1083 2244 1288 2296 improviso
1303 2244 1353 2283 ad
1368 2257 1428 2282 me
1447 2245 1567 2283 verba
1577 2244 1671 2282 facit
1685 2243 1821 2295 Olym-

350 2308 552 2358 piodorus‚
574 2314 736 2345 matrem
766 2321 921 2359 quoque
949 2321 1059 2346 suam
1087 2313 1296 2359 cognatam
1325 2320 1411 2345 esse
1439 2306 1595 2345 Cononi
1619 2306 1822 2354 defuncto,

307 2378 313 2383 ’
351 2383 507 2420 aequum
529 2369 643 2420 igitur
665 2383 749 2407 esse
769 2378 812 2407 ut
831 2369 868 2407 in
889 2376 1037 2421 partem
1064 2369 1213 2408 veniret
1231 2369 1402 2407 omniurn
1422 2370 1615 2407 bonorum
1634 2381 1722 2420 quae
1743 2369 1821 2407 Co-

353 2444 430 2469 non
451 2429 679 2481 reliquisset.
738 2431 823 2482 Ego
843 2444 947 2476 vero,
961 2430 1137 2478 Judices,
1159 2430 1225 2481 qui
1241 2431 1377 2469 scirem
1398 2444 1487 2469 eum
1506 2430 1659 2469 mentiri
1677 2438 1717 2469 et
1734 2444 1821 2482 per-

351 2493 487 2531 fricare
509 2493 672 2530 frontem
693 2492 921 2538 instituisse,
943 2492 1050 2543 quod
1069 2506 1183 2531 nemo
1203 2492 1301 2531 alius
1323 2493 1478 2531 Cononi
1504 2505 1646 2544 genere
1664 2493 1820 2544 propior

351 2561 452 2592 esset
470 2566 586 2603 quam
608 2566 696 2604 ego,
717 2554 878 2605 primum
909 2567 1026 2605 quam
1055 2555 1164 2605 potui
1192 2553 1418 2604 gravissime
1438 2567 1523 2592 sum
1544 2561 1761 2593 commotus
1781 2561 1822 2593 et

350 2613 574 2668 indignatus
595 2616 643 2653 ob
664 2615 942 2666 impudentiam
963 2615 1146 2654 orationis
1163 2629 1172 2653 ε
1203 2615 1344 2654 deinde
1362 2629 1513 2654 mecum
1527 2616 1608 2667 ipse
1623 2622 1821 2667 reputans,

350 2692 411 2717 me
442 2692 519 2716 non
551 2679 778 2730 tempestive
809 2678 936 2725 irasci,
963 2677 1198 2729 respondeo,
1231 2677 1460 2716 defunctum
1491 2677 1757 2728 sepeliendum
1782 2679 1821 2716 in

348 2741 555 2792 praesentia
574 2747 613 2778 et
631 2740 706 2778 alia
719 2739 828 2791 justa
847 2740 881 2778 ei
901 2739 1161 2791 persolvenda
1178 2752 1286 2784 esse;
1316 2752 1402 2790 quae
1435 2738 1498 2777 ubi
1525 2740 1655 2777 omnia
1683 2747 1821 2778 curata

350 2810 494 2847 essent,
515 2809 594 2840 tum
631 2802 732 2840 inter
765 2815 836 2839 uos
868 2802 969 2840 velle
998 2801 1229 2853 disceptare.
1288 2801 1390 2852 Ipse,
1419 2799 1595 2846 Judices,
1625 2802 1820 2840 concessit

348 2864 448 2910 haec,
481 2871 584 2902 recte
620 2878 682 2901 mc
715 2863 844 2902 dicere
875 2877 1080 2902 assensus:
1111 2870 1315 2914 postquam
1348 2870 1477 2901 autem
1499 2863 1615 2914 justis
1641 2865 1818 2901 omnibus

347 2926 553 2977 persolutis
574 2926 713 2965 reversi
736 2939 883 2974 sumus,
905 2925 1102 2965 accersitis
1125 2925 1305 2964 omnibus
1325 2924 1502 2976 cognatis
1521 2924 1621 2964 inter
1642 2938 1710 2963 nos
1735 2924 1827 2976 jam'
