1948 3306
316 156 364 196 68
642 155 716 192 DE
748 153 896 193 MALE
926 154 1101 192 GESTA
1132 153 1460 191 LEGATIONE.

318 259 432 296 etiam
461 267 578 310 atque
599 260 713 298 etiam
746 260 1037 298 commendatos
1063 258 1252 304 habeatis,
1278 271 1405 309 neque
1425 257 1586 295 inimicis
1612 263 1651 295 et
1678 256 1784 296 effoe‘-

317 320 451 358 minati
471 334 516 360 ac
537 322 733 359 mulierosi
752 321 917 359 hominis
938 321 1148 358 iracundiae
1169 320 1345 357 tradatis.

374 384 439 422 56.
469 383 549 420 Oro
568 397 695 434 porro,
717 390 757 421 et
781 384 948 434 supplex
969 390 1072 433 petO,
1094 382 1256 432 primum
1279 394 1302 418 a
1321 380 1393 418 diis
1413 380 1707 426 immortalibus,
1730 380 1786 417 uti

318 457 379 481 me
399 452 642 491 conservent,
671 445 846 483 secundo
867 444 954 482 loco
979 457 1001 481 a
1021 443 1141 488 vobis,
1168 443 1234 493 qui
1255 441 1406 480 ferendi
1432 441 1606 491 suffragii
1621 441 1687 492 jus
1717 441 1786 479 ha-

318 505 432 552 betis,
453 505 556 556 apud
577 520 674 557 quos
699 520 773 556 ego
803 506 956 555 singula
973 505 1133 542 erimina
1159 510 1349 555 quantum
1381 502 1537 553 quidem
1569 502 1789 540 meminisse

319 567 442 616 potui,
470 568 646 605 refutavi.
697 569 934 607 Conservate
964 566 1080 616 igitur
1109 579 1182 611 me,
1212 579 1337 615 neque
1367 564 1584 602 orationum
1615 564 1790 614 scriptori

319 635 359 665 et
373 628 546 679 improbo
561 630 716 680 Scythae
733 642 793 665 me
810 627 962 664 tradite.
995 627 1044 664 Et
1059 627 1124 676 qui
1142 634 1307 663 vestrum
1325 633 1453 677 patres
1467 625 1788 671 suntliberorum,
1818 660 1823 670 ,

320 698 388 728 aut
406 692 472 741 qui
492 692 629 728 fratres
659 700 750 727 natu
773 690 941 726 minores
961 688 1235 738 magnifacitis,
1255 687 1525 731 recordamini,
1555 700 1613 724 me
1634 687 1790 724 immor-

319 752 435 790 talem
457 753 506 790 ad
523 753 753 789 modestiam
770 751 1081 789 adhortationem
1097 749 1345 787 accusatione
1360 749 1552 787 Timarchi
1573 749 1790 800 reliquisse:

320 828 342 852 a
372 815 508 852 ceteris
530 822 661 852 autem
681 814 875 860 omnibus,
903 826 995 864 erga
1016 826 1112 863 quos
1144 825 1202 849 me
1234 825 1385 849 comem
1413 811 1576 862 praebui,
1601 825 1690 849 cum
1713 813 1791 850 for-

320 883 415 913 tuna
444 876 514 913 sim
536 875 709 927 plebeius
733 883 771 913 et
791 875 1040 913 mediocrium
1063 874 1210 920 similis,
1239 873 1278 910 in
1305 872 1481 911 civilibus
1510 878 1641 910 autem
1668 881 1792 912 certa-

318 937 486 975 minibus
506 937 612 975 solus
634 944 852 986 ceterorum
873 943 1009 974 contra
1028 948 1096 973 vos
1116 948 1195 973 non
1218 934 1485 986 conspirarim,
1506 940 1596 985 peto
1615 934 1792 981 salutem,

320 1014 471 1038 summa
499 1014 592 1051 erga
612 1000 891 1051 rempublicam
913 998 1188 1037 benevolentia
1205 998 1397 1049 legatione
1427 997 1598 1044 functus,
1619 1004 1658 1034 et
1685 997 1792 1035 solus

319 1063 644 1103 calumniatorum
663 1063 871 1100 tumultum
891 1074 1115 1113 perpessus,
1146 1074 1259 1111 quem
1289 1059 1399 1097 multi
1422 1059 1516 1111 jam,
1539 1059 1605 1110 qui
1625 1059 1664 1096 in
1683 1059 1795 1097 bellis

321 1125 481 1175 egregia
508 1126 682 1164 facinora
707 1124 876 1171 edidere,
897 1138 974 1162 non
996 1124 1278 1162 sustinuerunt.
1323 1123 1460 1173 Neque
1487 1123 1588 1159 enim
1616 1122 1794 1160 terribilis

320 1193 382 1225 est
401 1187 591 1234 interitus,
615 1187 685 1226 sed
707 1187 944 1226 contumelia
965 1187 1003 1224 in
1024 1193 1146 1223 morte
1167 1193 1227 1223 est
1245 1184 1468 1223 metuenda.

375 1251 440 1286 57.
473 1250 631 1293 Quanta
658 1263 748 1288 vero
768 1249 923 1287 miseria
942 1255 1012 1293 est,
1034 1248 1179 1285 inimici
1207 1246 1431 1285 insultantis
1459 1246 1608 1283 vultum
1640 1246 1794 1293 intueri,

321 1318 361 1348 et
386 1311 466 1362 ejus
489 1313 627 1362 probra
658 1312 814 1349 auribus
836 1309 1039 1361 accipere?
1071 1310 1150 1347 Sed
1180 1316 1308 1347 tamen
1332 1309 1370 1345 in
1401 1308 1607 1346 discrimen
1635 1317 1794 1347 ventum

321 1379 394 1418 est,
416 1374 495 1411 vita
523 1387 610 1411 mea
630 1381 691 1412 est
718 1373 900 1424 periculis
931 1372 1118 1423 exposita.
1168 1371 1285 1422 Apud
1307 1384 1375 1408 vos
1406 1383 1491 1407 sum
1523 1370 1728 1415 educatus,
1755 1370 1794 1407 in

320 1435 458 1481 vestris
498 1435 775 1486 congressibus
805 1447 890 1471 sum
921 1441 1109 1478 versatus,
1145 1446 1234 1470 cum
1263 1431 1416 1469 nemine
1443 1438 1613 1469 vestrum
1642 1438 1797 1483 propter

322 1510 429 1534 meas
459 1497 681 1547 voluptates
700 1496 810 1548 pejus
831 1495 971 1546 agitur,
1004 1508 1130 1546 neque
1160 1494 1284 1545 patria
1312 1493 1519 1544 quisquam
1548 1494 1718 1543 privatus
1739 1500 1797 1532 est

323 1571 383 1596 me
403 1566 646 1603 accusatore,
665 1571 753 1596 cum
774 1559 811 1595 in
833 1557 1050 1607 municipiis
1071 1556 1209 1594 civium
1230 1554 1474 1594 recensiones
1497 1555 1645 1601 fierent,
1671 1568 1796 1606 neque

323 1620 373 1657 ob
395 1627 548 1671 gestum
579 1619 849 1669 magistratum
870 1619 908 1655 in
929 1618 1144 1668 periculum
1175 1617 1275 1654 veni.
1319 1616 1399 1653 Sed
1418 1615 1485 1653 ubi
1504 1629 1632 1667 pauca
1651 1616 1799 1664 dixero,

323 1681 575 1719 descendam.

378 1745 444 1781 58.
475 1743 592 1788 Illud,
615 1742 886 1787 Athenienses,
906 1741 945 1778 in
972 1746 1170 1792 potestate
1197 1753 1285 1778 mea
1312 1740 1397 1785 fuit,
1417 1747 1462 1778 ut
1486 1739 1594 1778 nulla
1615 1753 1684 1778 vos
1713 1741 1797 1778 affi-

323 1820 450 1844 cerem
470 1806 631 1858 injuria:
663 1819 710 1843 ne
731 1818 821 1842 vero
849 1804 885 1840 in
913 1804 1058 1842 crimen
1078 1803 1257 1849 venirem,
1287 1803 1326 1840 id
1353 1815 1474 1853 penes
1496 1803 1689 1840 fortunam
1710 1803 1797 1848 fuit,

323 1883 411 1919 quae
426 1882 488 1906 me
502 1882 591 1906 cum
606 1867 762 1905 homine
779 1865 1072 1910 calumniatore,
1090 1878 1214 1915 eoque
1226 1865 1406 1912 barbaro,
1427 1864 1640 1902 conflictari
1657 1865 1798 1915 coegit,

323 1931 402 1980 qui,
422 1943 548 1980 neque
570 1942 781 1974 sacrorum,
808 1940 934 1977 neque
955 1926 1198 1972 libationum,
1219 1939 1293 1964 nec
1317 1938 1464 1963 mensae
1491 1926 1708 1963 communis
1727 1927 1796 1964 ha-

325 1993 407 2029 bita
427 1992 590 2036 ratione,
622 1990 691 2027 sed
724 1989 768 2027 iis
789 1989 853 2039 qui
884 1988 919 2025 in
942 1994 1140 2038 posterum
1169 1986 1367 2024 adversari
1397 1986 1430 2024 ei
1461 1993 1624 2037 possent
1653 1993 1798 2025 terrore

325 2054 482 2104 injecto,
511 2053 636 2096 adest,
665 2052 763 2089 falsa
790 2057 927 2088 contra
955 2063 1026 2087 nos
1055 2049 1305 2087 accusatione
1332 2047 1580 2086 concinnata.
1628 2048 1744 2092 Quod
1767 2050 1799 2087 si

326 2128 394 2153 eos
420 2127 652 2152 conservare
683 2112 892 2156 volueritis,
923 2112 989 2162 qui
1015 2124 1151 2162 pacem
1180 2117 1426 2160 vestramque
1451 2110 1696 2147 securitatem
1730 2111 1798 2149 de-

326 2178 546 2222 fenderunt,
566 2176 677 2213 multi
697 2182 824 2220 erunt,
845 2174 911 2225 qui
930 2173 1154 2224 reipublicae
1172 2172 1377 2211 commoda
1395 2172 1494 2210 tueri
1513 2172 1649 2216 velint,
1666 2178 1706 2210 et
1719 2172 1799 2210 ala—

326 2240 440 2277 criter
460 2251 529 2290 pro
548 2238 656 2275 vobis
676 2238 888 2275 decertare.

382 2303 448 2339 59.
479 2300 576 2338 Peto
593 2307 736 2345 autem,
751 2305 796 2336 ut
811 2298 1024 2336 advocatus
1044 2297 1136 2334 mihi
1152 2309 1238 2334 esse
1258 2295 1452 2347 dignetur,
1467 2308 1488 2332 e
1506 2294 1598 2333 viris
1609 2294 1798 2335 modestis

328 2370 368 2402 et
395 2363 432 2400 in
451 2362 650 2413 republica
667 2361 847 2406 versatis,
871 2360 1062 2406 Eubulus,
1083 2373 1130 2397 ex
1151 2357 1405 2410 imperatoriis
1433 2356 1593 2401 Phocio,
1613 2358 1678 2407 qui
1698 2371 1797 2409 prae-

328 2436 434 2464 terea
451 2425 565 2463 etiam
581 2422 736 2475 justitia
754 2423 933 2459 omnibus
953 2421 1166 2466 antecellit,
1186 2433 1233 2457 ex
1254 2418 1389 2457 amicis
1409 2425 1449 2456 et
1467 2418 1681 2469 aequalibus
1703 2419 1799 2457 meis

331 2486 555 2531 NausicleS,
573 2484 769 2534 ceterique
795 2497 944 2528 omnes,
963 2483 1104 2533 quibus
1130 2495 1204 2532 ego
1224 2479 1463 2519 familiariter
1490 2493 1596 2526 usus,
1618 2485 1734 2530 atque
1760 2481 1798 2518 in

329 2550 466 2589 iisdem
485 2548 622 2587 studiis
646 2553 823 2584 versatus
843 2558 941 2583 sum.
995 2545 1052 2583 Ac
1075 2557 1163 2582 mea
1182 2543 1338 2594 quidem
1365 2542 1486 2580 oratio
1508 2541 1590 2592 jam
1619 2542 1800 2581 absoluta

330 2620 390 2651 est
411 2626 418 2650 :
449 2624 589 2663 corpus
611 2615 738 2648 autem
758 2621 886 2646 meum
907 2607 1030 2653 vobis,
1051 2612 1089 2645 et
1108 2619 1131 2644 a
1151 2619 1212 2644 me
1232 2604 1407 2651 traditur,
1428 2611 1468 2642 et
1488 2616 1510 2641 a
1529 2603 1628 2655 lege.
