1915 3356
701 216 999 258 EPISTOLAE.
1493 218 1568 256 847

118 327 158 359 et
175 320 303 372 inopia
319 326 359 359 et
378 326 480 360 metu
501 320 766 360 conflictabor.
823 321 998 365 Quorum
1017 333 1085 359 vos
1100 320 1194 359 nihil
1210 320 1475 368 consideratis,
1500 319 1573 359 sed

117 383 234 421 verba
253 389 293 422 et
317 383 596 423 humanitatem
626 381 718 421 mihi
747 382 976 429 invidentes,
991 396 1052 421 me
1074 389 1202 421 vestra
1220 384 1349 435 culpa,
1370 384 1402 435 si
1421 384 1500 422 fors
1520 383 1575 422 ita

116 445 258 493 tulerit,
272 445 424 484 interire
446 446 602 485 sinetis:
632 458 756 495 neque
784 444 885 483 enirn
907 444 991 483 aliis
1019 459 1136 496 quarn
1155 445 1264 484 vobis
1297 446 1461 496 supplex
1488 459 1574 484 esse

116 519 285 559 possum.
342 510 405 546 Ac
435 514 516 545 tum
542 513 684 545 sortem
713 519 855 552 meam,
876 507 968 545 satis
996 506 1091 552 scio,
1114 506 1328 545 miseratur-i
1357 507 1463 554 estis,
1483 521 1573 546 cum

117 569 283 620 querelae
303 582 430 620 neque
449 569 540 607 mihi
559 581 683 619 neque
705 568 810 605 vobis
838 567 1042 619 quicquam
1065 568 1289 619 proderunt.
1348 567 1451 605 Nam
1478 569 1574 607 alias

118 644 227 682 opes,
259 639 398 683 praeter
417 644 482 669 eas
515 643 602 680 quae
636 636 738 667 notae
769 635 809 667 et
837 636 980 681 ereptae
1007 630 1099 668 mihi
1133 636 1236 676 sunt,
1266 629 1408 667 habere
1442 642 1489 667 ne
1512 643 1574 668 me

119 692 365 744 exspectetis.
404 690 607 743 Reliquias
627 690 755 742 igitur,
770 689 802 728 si
821 690 964 728 omissa
983 690 1231 729 contentione
1251 689 1290 727 id
1308 703 1377 741 pro
1396 690 1575 728 humani-

118 761 196 793 tate
215 762 344 793 vestra
361 753 451 792 mihi
473 760 557 791 tuto
576 753 701 791 facere
722 752 1003 798 concesseritis,
1026 754 1266 803 conquiram.
1323 752 1460 803 Neque
1475 752 1577 790 enim

117 818 166 855 ab
186 816 359 868 Harpalo
385 828 447 854 me
468 815 611 867 aliquid
630 815 824 866 accepisse
844 814 1058 853 ostendetis
1077 828 1086 853 :
1118 812 1208 853 narn
1227 827 1356 866 neque
1374 814 1576 852 convictus

118 891 219 926 sum,
246 892 373 930 neque
401 879 547 930 accepi.
606 877 648 915 Si
666 890 755 915 vero
789 884 947 915 senatus
976 878 1181 915 obscuram
1215 877 1482 915 auctoritatem
1511 883 1579 915 aut

116 942 244 980 vicum
273 941 457 980 Martium
489 939 704 985 intuemini,
725 939 861 988 judicii
895 939 944 977 de
971 940 1234 991 Aristogitone
1266 938 1358 977 faeti
1388 939 1578 977 recordati

118 1003 347 1043 erubescite.
403 1003 495 1042 Non
515 1003 617 1041 enim
637 1001 741 1040 aliud
760 1001 887 1040 habeo
906 1001 1027 1040 levius
1049 1002 1153 1053 quod
1179 1001 1360 1039 mandem
1378 1000 1423 1039 iis
1443 1001 1508 1051 qui
1529 1001 1578 1040 ad

118 1067 234 1105 istum
265 1068 425 1105 modum
459 1066 498 1104 in
527 1079 588 1104 me
619 1064 875 1115 deliquerunt.
942 1064 1026 1111 Nec
1060 1065 1162 1103 enim
1193 1064 1331 1103 iisdem
1364 1064 1578 1102 rationibus

118 1128 250 1179 utique
283 1129 331 1166 ab
361 1128 498 1167 eodem
528 1135 664 1166 senatu
694 1128 996 1180 promulgatum,
1017 1127 1125 1165 illum
1158 1127 1297 1166 dimitti
1322 1141 1474 1179 oequum
1492 1141 1580 1166 esse

118 1189 268 1237 dicetis,
284 1203 345 1229 me
364 1203 453 1230 vero
474 1191 628 1230 interire
646 1206 655 1230 :
688 1205 765 1230 non
786 1190 883 1229 adeo
901 1202 971 1227 vos
996 1189 1255 1241 incogitantes
1276 1189 1384 1228 estis.
1441 1189 1579 1240 Neque

116 1251 218 1290 enim
250 1264 398 1290 mereor
428 1265 556 1304 neque
581 1253 721 1305 dignus
750 1265 876 1303 neque
903 1251 967 1288 illo
994 1251 1160 1289 deterior
1179 1264 1277 1298 sum,
1297 1251 1367 1289 sed
1387 1251 1580 1290 infelicem

117 1313 274 1365 quidem
292 1321 421 1352 vestra
437 1327 569 1353 causa.
601 1315 821 1354 Confiteor:
845 1310 929 1364 quis
948 1312 1049 1351 enim
1066 1312 1258 1351 infelicem
1273 1326 1334 1351 me
1347 1326 1432 1351 esse
1448 1321 1581 1364 neget,

117 1376 181 1414 cui
197 1376 247 1414 ad
265 1376 369 1418 mala
388 1382 531 1414 caetera
547 1375 588 1414 id
607 1389 759 1428 quoque
779 1374 932 1414 accedit
951 1381 990 1412 ut
1004 1387 1093 1413 cum
1109 1374 1378 1425 Aristogitone
1396 1388 1458 1413 me
1474 1388 1580 1412 com-

117 1451 263 1491 parem,
282 1438 488 1490 praesertim
511 1439 702 1490 perditum
723 1452 811 1478 cum
831 1436 1044 1476 incolumi?
1085 1437 1223 1487 Neque
1249 1436 1334 1475 haec
1353 1437 1538 1475 iracunde
1559 1450 1582 1475 a

119 1513 180 1539 me
200 1501 274 1539 dici
293 1500 437 1553 putetis
449 1505 591 1552 (neque
612 1501 714 1539 enim
731 1514 805 1552 ego
820 1500 929 1538 vobis
948 1499 1059 1538 irasci
1074 1499 1254 1551 queam);
1276 1498 1344 1537 sed
1363 1505 1405 1537 ut
1420 1500 1582 1550 suspiria

119 1563 355 1609 dolentibus,
376 1563 431 1602 sic
457 1563 607 1602 affectis
635 1554 782 1615 injurias
801 1563 1104 1614 conquestiones
1131 1562 1337 1600 levamenti
1359 1562 1504 1613 aliquid
1525 1563 1582 1601 af-

117 1625 217 1663 ferre
250 1625 401 1664 solent:
431 1639 520 1664 nam
551 1625 660 1664 vobis
692 1625 849 1677 quidem
877 1633 956 1663 tam
978 1625 1077 1663 bene
1101 1623 1228 1676 cupio,
1248 1637 1366 1675 quam
1393 1637 1461 1662 vos
1490 1625 1581 1662 mihi

118 1689 296 1740 optarim.
332 1688 383 1726 Et
400 1688 475 1727 hoc
494 1688 531 1726 in
548 1689 723 1727 omnibus
745 1690 859 1727 rebus
880 1695 921 1726 et
947 1687 1152 1734 declaravi,
1173 1694 1213 1726 et
1232 1687 1463 1727 declarabo:
1491 1702 1581 1727 nam

119 1749 228 1788 initio
247 1750 377 1788 statim
393 1751 563 1788 animum
583 1751 715 1789 induxi
731 1764 873 1798 meum,
894 1750 1068 1802 quisquis
1085 1749 1134 1788 ad
1157 1749 1434 1801 rempublicam
1449 1763 1582 1789 acces-

120 1812 350 1858 serit,mod0
364 1813 490 1851 bonus
505 1813 598 1851 civis
614 1827 701 1852 esse
718 1814 823 1861 velit,
838 1827 926 1852 eum
942 1813 994 1851 sic
1015 1826 1108 1863 erga
1126 1825 1262 1850 omnes
1279 1812 1383 1850 cives
1403 1812 1579 1851 affectum

119 1886 205 1912 esse
226 1873 377 1920 decere,
396 1881 440 1913 ut
458 1875 600 1914 liberos
626 1890 720 1928 erga
738 1882 933 1931 parentes,
964 1881 1007 1912 ut
1037 1888 1104 1913 eos
1131 1874 1286 1926 quidem
1306 1888 1421 1925 quam
1441 1874 1582 1926 eequis-

121 1935 238 1974 simos
265 1935 427 1987 experiri
454 1943 576 1988 optet,
598 1938 668 1976 sed
696 1938 987 1989 qualescunque
1010 1936 1152 1975 fuerint
1176 1936 1276 1974 ferat
1299 1949 1413 1987 aequo
1438 1937 1578 1974 animo.

121 1997 183 2036 Ita
199 1997 301 2036 enim
319 1998 422 2037 vinci
438 1999 665 2050 praeclarum
686 2007 745 2039 est
774 2006 814 2039 et
837 2013 861 2038 a
886 1999 1143 2052 prudentibus
1163 1999 1323 2038 victoria
1348 1999 1581 2038 conveniens

120 2059 372 2099 existimatur.
428 2061 579 2101 Valete.
