1915 3356
527 203 816 244 ADVERSUS
850 207 1191 249 EUBULIDEM.
1519 213 1598 250 749

764 401 979 442 TESTES.

138 489 201 528 An
221 503 299 529 non
318 490 437 544 igitur
452 493 718 545 indignissime
739 497 906 535 omnium
927 498 1128 539 hominum
1142 502 1268 553 agitur
1287 515 1455 551 mecum,
1472 505 1596 545 Athe-

136 551 304 600 nienses,
324 554 430 605 quod
460 567 547 593 cum
575 563 633 594 tot
664 559 821 609 cognati
854 560 946 598 mihi
968 562 1057 610 sint,
1077 564 1193 616 hique
1210 572 1250 604 et
1269 565 1537 615 testificentur,
1558 575 1598 608 et

138 611 326 664 dejerent‚
354 628 397 654 se
428 617 519 654 mihi
552 627 739 669 cognatos
769 633 871 667 csse,
893 629 931 660 et
958 624 1093 664 horum
1120 641 1234 666 nemo
1264 628 1303 665 in
1327 628 1392 680 jus
1425 637 1596 676 vocetur,

138 676 250 724 quasi
269 676 373 715 cives
405 691 484 716 non
516 681 605 727 sint,
627 680 687 718 isti
718 687 848 720 tamen
877 688 1196 737 pronunciatum,
1217 703 1278 728 me
1309 703 1396 728 esse
1427 693 1596 742 peregri-

135 735 258 773 num?
300 737 408 789 Cape
439 739 532 778 mihi
553 748 592 780 et
611 743 759 790 Cliniae,
787 752 826 783 et
845 756 1102 798 cognatorum
1127 750 1209 803 ejus
1239 752 1512 800 testimonium,
1532 753 1597 805 qui

134 805 278 836 norunt
296 798 402 838 haud
421 800 551 850 dubie,
579 817 757 854 quaenam
792 815 914 846 mater
943 823 1032 849 mea
1050 811 1179 860 fuerit,
1198 827 1286 864 quae
1317 827 1523 853 mammam
1543 815 1598 853 illi

134 859 315 910 praebuit.
355 861 494 913 Neque
512 865 613 903 enim
633 866 673 904 id
692 868 740 906 ab
761 868 814 907 eis
830 871 1081 924 jurisjurandi
1100 874 1234 926 religio
1249 877 1432 928 postulat,
1451 883 1496 915 ut
1511 890 1598 929 quae

132 933 205 959 nos
230 921 346 962 hodie
377 924 554 974 dicimus,
575 941 624 966 ea
642 930 921 971 testificentur:
952 934 1022 972 sed
1041 942 1085 972 ut
1103 949 1149 974 ea
1177 951 1265 988 quae
1285 939 1391 976 omni
1422 945 1595 991 tempore

132 990 331 1035 comperta
347 985 582 1035 habuerunt,
602 1001 688 1026 eam
708 997 747 1028 et
767 1005 874 1029 suam
894 995 1098 1042 nutricem,
1123 1004 1162 1035 et
1180 1006 1352 1038 nostram
1371 1001 1493 1039 fuisse
1513 1015 1595 1040 ma-

132 1048 232 1082 trem
251 1045 518 1085 existimatam.
565 1049 738 1089 Tametsi
757 1052 859 1090 enim
876 1054 1017 1100 humile
1036 1056 1221 1106 quiddam
1237 1066 1297 1098 est
1310 1061 1467 1100 nutricis
1480 1076 1596 1102 voca-

131 1105 281 1152 bulum,
305 1107 505 1147 veritatem
539 1116 670 1150 tamen
707 1126 785 1151 non
816 1115 1004 1155 detrecto.
1073 1119 1162 1158 Non
1197 1123 1311 1170 enim,
1344 1125 1374 1162 si
1404 1139 1595 1177 pauperes

131 1166 288 1215 fuimus,
308 1168 487 1221 cuiquam
502 1172 679 1224 injuriam
699 1176 875 1222 fecimus,
898 1179 964 1217 sed
995 1180 1026 1218 si
1045 1181 1147 1220 cives
1177 1196 1254 1223 non
1282 1185 1444 1226 fuimus:
1464 1202 1593 1241 neque

130 1227 170 1266 in
189 1228 264 1267 hoc
275 1229 425 1282 judIcio
447 1233 508 1271 vel
529 1235 620 1281 vita,
639 1237 698 1274 vel
720 1239 886 1288 pecunia
905 1248 1037 1279 nostra
1054 1244 1194 1294 agitur,
1215 1246 1285 1284 sed
1304 1260 1442 1298 genus.
1488 1251 1594 1289 Mul-

130 1291 376 1337 tashumiles
398 1302 439 1333 et
456 1296 614 1335 serviles
631 1311 782 1350 ⁴operas
813 1300 1006 1352 ingenuos
1037 1304 1213 1346 homines
1233 1317 1441 1361 paupertas
1467 1312 1594 1353 facere

131 1352 262 1404 cogit:
292 1355 342 1407 ob
362 1369 459 1407 quas
485 1360 859 1401 commiserationem
890 1364 1032 1416 potius,
1053 1381 1169 1419 quam
1190 1370 1492 1413 internecionem
1511 1388 1594 1414 me-

129 1421 274 1454 rentur.
333 1417 387 1456 Ut
415 1420 515 1458 enim
538 1434 612 1472 ego
647 1424 776 1470 audio,
802 1426 933 1465 multae
971 1429 1151 1470 mulieres
1185 1434 1304 1481 cives,
1337 1442 1375 1473 et
1407 1438 1592 1487 nutrices,

130 1483 170 1514 et
188 1480 449 1527 mercenariae,
467 1489 506 1521 et
524 1484 813 1525 vindemitrices
842 1488 956 1527 factae
977 1499 1079 1540 sunt,
1098 1503 1256 1546 propter
1270 1498 1490 1549 reipublicae
1508 1500 1592 1540 illo-

127 1552 212 1577 rum
234 1545 451 1593 temporum
479 1545 733 1594 calamitates,
755 1542 888 1589 n‘mltae
920 1552 1009 1590 item
1035 1567 1082 1592 ex
1107 1560 1342 1609 pauperibus
1362 1574 1464 1609 nunc
1484 1562 1592 1602 locu-

128 1600 288 1652 pletatae
307 1610 410 1643 sunt.
467 1606 544 1645 Sed
566 1608 613 1647 de
633 1609 693 1647 his
713 1611 854 1650 statim.
914 1614 1028 1654 Nunc
1047 1624 1166 1657 testes
1187 1633 1296 1660 voca.

759 1760 973 1802 TESTES.

186 1848 247 1885 13.
278 1847 346 1887 Me
366 1849 483 1901 igitur
502 1858 541 1890 et
560 1865 582 1891 a
602 1862 724 1894 matre
743 1870 828 1895 esse
849 1858 986 1906 civem,
1005 1867 1045 1899 et
1061 1875 1082 1900 a
1102 1870 1224 1914 patre,
1245 1868 1381 1916 partim
1403 1881 1453 1906 ex
1475 1869 1590 1909 dictis

127 1909 284 1947 testium
305 1912 422 1951 modo
453 1916 706 1965 cognovistis,
738 1920 873 1970 partim
895 1935 942 1959 ex
972 1922 1018 1961 iis
1039 1937 1127 1975 quae
1148 1926 1249 1976 prius
1281 1929 1329 1967 de
1356 1938 1466 1981 patre
1486 1932 1591 1971 dicta

127 1976 238 2014 sunt;
268 1978 391 2011 restat
421 1974 552 2026 igitur,
580 1986 622 2016 ut
652 1979 700 2018 de
731 1993 791 2019 me
821 1981 906 2033 ipso
927 1985 1032 2035 apud
1051 1999 1120 2025 vos
1141 1987 1280 2028 dicam.
1339 1991 1454 2035 Quod
1473 1993 1591 2045 igitur

124 2031 448 2083 simplicissimum
465 2043 540 2082 est,
559 2044 596 2076 et
609 2039 886 2090 justissimum,
905 2058 995 2083 cum
1016 2059 1064 2085 ex
1085 2049 1255 2101 utrisque
1275 2054 1497 2103 parentibus
1518 2056 1588 2094 sim

121 2090 230 2139 civis,
251 2106 340 2132 cum
359 2101 400 2134 et
419 2095 674 2138 hereditatem
695 2109 736 2140 et
755 2116 877 2153 genus
899 2106 971 2144 sim
992 2118 1242 2159 consecutus,
1264 2127 1325 2152 me
1354 2128 1439 2154 esse
1463 2117 1588 2156 civem

125 2153 287 2194 affirmo.
347 2156 426 2196 Sed
447 2165 578 2198 tamen
598 2163 728 2202 omnia
756 2178 844 2215 quae
873 2170 1123 2217 conveniunt,
1144 2185 1167 2210 a
1196 2187 1257 2212 me
1289 2189 1374 2215 esse
1402 2180 1588 2229 praestita,

121 2219 295 2267 probabo
323 2220 484 2259 testibus
507 2224 720 2274 productis,
740 2234 784 2265 ut
813 2227 1058 2270 introductus
1092 2234 1162 2271 sim
1193 2236 1242 2274 ad
1264 2238 1442 2287 curiales,
1477 2247 1520 2279 ut
1548 2242 1587 2279 in

122 2279 375 2332 municipium
407 2283 475 2320 sim
506 2285 739 2338 adscriptus,
767 2296 810 2327 ut
829 2291 877 2329 ab
898 2292 981 2331 istis
1010 2295 1102 2346 ipsis
1132 2297 1308 2338 delectus
1329 2300 1399 2339 sim
1422 2309 1462 2340 ut
1490 2303 1588 2342 inter

121 2340 385 2382 nobilissimos
405 2345 453 2384 de
478 2348 698 2388 sacerdotio
716 2351 897 2392 Herculis
926 2356 1094 2406 sortirer,
1114 2367 1157 2398 ut
1181 2362 1430 2414 magistratus
1452 2378 1586 2417 gesse-

123 2402 460 2456 rimapprobatus.
519 2409 631 2450 Voca
649 2412 743 2450 mihi
762 2427 842 2453 eos.

741 2572 954 2616 TESTES.

120 2654 247 2699 Quam
267 2664 396 2698 autem
415 2660 627 2702 absurdum
649 2665 773 2716 fuerit,
795 2670 969 2720 Judices‚
987 2674 1018 2712 si
1038 2674 1092 2714 ita
1106 2676 1197 2715 mihi
1217 2679 1437 2718 obvenisset
1457 2694 1581 2721 sacer*

120 2715 283 2766 dotium,
302 2726 344 2758 ut
362 2721 539 2762 delectus
569 2726 732 2776 fueram,
758 2735 976 2783 oportuisse
1005 2749 1066 2775 me
1100 2752 1169 2790 pro
1195 2739 1277 2778 istis
1297 2742 1524 2790 sacrificare,
1545 2751 1585 2783 et

120 2776 218 2816 istos
243 2793 324 2820 una
349 2785 568 2826 sacrificare
592 2802 767 2830 mecum:
797 2807 901 2834 nunc
930 2805 1060 2838 autem
1087 2802 1246 2840 eosdem
1270 2804 1362 2842 istos
1392 2818 1470 2843 non
1498 2820 1584 2857 per-

118 2838 286 2890 mittere,
304 2850 347 2883 ut
365 2858 442 2898 ego
460 2861 538 2888 una
561 2863 648 2889 cum
669 2853 725 2892 eis
745 2868 856 2895 sacra
874 2858 1042 2898 faciam?
1086 2863 1252 2903 Constat
1277 2865 1405 2916 igitur,
1422 2867 1582 2909 Atheni-

118 2913 249 2950 enseS‚
265 2917 327 2944 me
345 2920 414 2959 per
429 2922 545 2950 omne
563 2913 754 2966 reliquum
772 2925 941 2971 tempuS,
961 2923 1065 2974 apud
1077 2937 1212 2964 omnes
1228 2939 1306 2974 eos,
1321 2929 1386 2979 qui
1402 2942 1462 2969 me
1477 2945 1581 2970 nune

119 2971 321 3017 accusant,
341 2968 464 3011 civem
482 2986 568 3014 esse
588 2975 777 3021 habitum.
835 2982 972 3035 Neque
985 2985 1085 3025 enim
1106 2989 1349 3040 peregrinum
1371 2998 1409 3032 ct
1428 2992 1581 3045 inquili-
