1981 3356
526 217 817 257 ADVERSUS
847 217 1257 257 PANTAENETUM.
1547 220 1627 257 565

162 321 322 362 Desine.
376 312 534 359 Rursus
554 320 628 360 ista
645 319 727 359 fieri
747 333 771 358 a
788 333 851 359 me
879 320 944 372 qui
963 327 1178 373 potuerunt
1195 333 1274 359 non
1295 327 1502 373 praesente,
1521 328 1560 361 et
1579 322 1629 361 de

161 384 301 436 quibus
318 383 514 435 Evergum
536 382 836 422 condemnasti?
866 383 1007 422 Recita
1025 383 1152 435 ipsam
1171 384 1461 423 accusationem
1477 384 1627 424 ordine.

723 527 1064 567 ACCUSATIO.

159 617 202 647 Et
218 615 342 647 vendita
355 615 474 646 officina
491 625 559 646 mea
570 620 601 645 et
617 615 714 646 servis
731 619 837 645 contra
852 619 944 655 pacta
959 626 1078 647 mecum
1096 617 1186 648 saeta.

161 699 320 738 Desine.
378 699 467 737 Hoc
501 705 643 737 caetera
674 699 805 737 omnia
837 699 956 752 longe
995 708 1161 752 superat.
1230 701 1402 739 Primum
1440 716 1461 741 c
1476 715 1499 741 o
1513 709 1563 742 nt
1576 717 1594 742 r
1609 716 1633 742 a

159 767 328 812 pacta,
357 759 493 812 inquit,
523 773 560 798 m
576 773 722 798 ecum
763 761 939 800 facta:
987 775 1034 800 ea
1066 775 1157 800 vero
1184 776 1272 813 quae
1304 763 1420 802 sunt?
1473 764 1634 804 Locavi-

161 835 246 860 mus
281 821 405 860 usuris
437 821 561 860 solitis
591 821 655 860 isti
683 828 818 860 nostra
842 835 928 867 nOS‚
951 829 992 861 et
1025 823 1131 861 aliud
1165 823 1284 862 nihil:
1315 825 1497 863 venditor
1516 826 1632 864 -enim

159 885 271 924 nobis
292 884 507 923 Mnesicles
534 884 661 923 factus
681 891 776 932 erat,
797 884 872 923 isto
892 891 1083 936 praesente
1104 891 1143 923 et
1157 886 1336 937 jubente.
1386 886 1541 925 Deinde
1561 899 1632 925 nos

159 947 243 986 aliis
262 946 506 985 vendidimus
526 946 571 984 iis
591 946 894 992 conditionibus,
914 947 1057 999 quibus
1077 960 1149 985 nos
1169 960 1399 995 emeramus,
1415 962 1495 987 non
1513 949 1633 988 modo

155 1011 319 1063 jubente
340 1010 467 1048 adhuc
490 1010 578 1056 isto,
599 1010 668 1048 sed
701 1009 817 1048 etiam
847 1009 1114 1061 supplicante:
1145 1023 1258 1049 nemo
1280 1011 1383 1050 enirn
1400 1011 1520 1050 istum
1538 1026 1632 1051 ven-

159 1072 322 1111 ditorem
356 1071 560 1110 admittere
596 1070 732 1109 voluit.
789 1071 985 1116 Quorsum
1020 1071 1136 1123 igitur
1163 1072 1228 1111 hic
1254 1072 1460 1111 locationis
1488 1073 1635 1125 pacta?

162 1134 267 1179 Quid
287 1134 379 1180 hoc,
399 1133 517 1171 homo
537 1133 769 1178 futilissime,
791 1132 1052 1184 inscripsisti?
1095 1135 1226 1185 Atque
1246 1141 1291 1172 ut
1310 1141 1465 1174 constet
1489 1147 1574 1183 nOS,
1595 1142 1634 1174 et

160 1204 197 1235 te
211 1196 390 1247 jubente,
411 1201 463 1241 et,
489 1195 630 1246 quibus
661 1194 952 1233 conditionibus
974 1208 1191 1234 emeramus
1221 1196 1308 1248 ipsi,
1328 1196 1466 1235 iisdem
1497 1211 1633 1236 reven-

159 1257 318 1304 didisse,
340 1256 463 1295 recita
483 1256 758 1296 testimonium.

681 1391 1092 1431 TESTIMONIUM.

157 1490 286 1541 Atque
302 1488 400 1528 adeo
422 1496 464 1528 tu
486 1502 642 1541 quoque
656 1488 773 1533 ,testis
792 1501 858 1527 es:
901 1500 993 1526 nam
1012 1500 1100 1538 quae
1120 1499 1192 1525 nos
1212 1493 1372 1525 centum
1393 1493 1432 1525 et
1459 1487 1630 1539 quinque

157 1552 269 1591 minis
298 1552 475 1599 emimus,
495 1566 542 1591 ea
574 1559 613 1590 tu
646 1558 785 1604 postea
815 1550 937 1589 tribus
965 1549 1122 1588 talentis
1149 1557 1188 1587 et
1216 1549 1275 1587 bis
1310 1550 1413 1588 mille
1441 1551 1631 1588 sexcentis

157 1613 352 1653 drachmis
379 1614 601 1653 vendidisti.
661 1615 716 1652 At
749 1613 836 1664 quis
864 1612 1048 1658 omniurn,
1070 1611 1143 1649 nisi
1173 1612 1394 1650 venditores
1418 1611 1632 1660 habuisset,

157 1689 273 1714 unam
288 1676 358 1714 tibi
376 1676 603 1716 drachmam
619 1675 806 1714 dedisset.
847 1676 947 1717 Quae
967 1681 1011 1713 ut
1025 1687 1115 1712 vere
1135 1687 1158 1712 a
1177 1687 1239 1713 me
1255 1674 1331 1713 dici
1352 1681 1519 1722 constet,
1533 1687 1632 1714 voca

159 1737 252 1776 mihi
270 1744 403 1776 testes.

784 1829 1001 1870 TESTES.

158 1928 334 1979 Recepto
353 1927 485 1979 igitur,
505 1927 641 1978 quanti
660 1926 885 1974 aestimarat,
906 1937 1065 1964 suarum
1084 1938 1212 1963 rerum
1232 1924 1374 1976 pretio,
1390 1938 1530 1976 meque
1552 1931 1634 1963 tum

157 1990 238 2042 ipse
254 1996 432 2042 precatus
452 1996 496 2027 ut
514 1989 692 2029 venditor
711 1990 843 2027 fierem
860 2001 950 2026 cum
966 1993 1173 2039 argentum
1193 1987 1461 2034 contulissem,
1481 2001 1588 2027 nunc
1610 2001 1634 2027 a

159 2065 222 2090 me
254 2052 333 2091 duo
358 2051 508 2090 talenta
528 2051 645 2090 etiam
667 2051 854 2104 postulat.
913 2050 993 2089 Sed
1014 2056 1158 2089 caetera
1190 2050 1354 2089 crimina
1388 2056 1477 2089 sunt
1509 2049 1633 2088 multo

160 2114 350 2166 graviora.
408 2114 547 2153 Recita
566 2114 756 2166 reliquam
776 2111 1039 2152 accusationis
1059 2117 1223 2164 partem.

727 2258 1055 2298 ACCUSATIO.

160 2354 237 2394 Hic
255 2354 457 2407 complura
476 2360 516 2393 et
537 2353 682 2393 atrocia
701 2353 815 2392 simul
841 2354 935 2393 mihi
955 2355 1111 2406 objicit:
1141 2361 1186 2393 ut
1215 2355 1389 2400 verbera,
1422 2360 1467 2392 ut
1494 2361 1634 2392 contu-

159 2416 330 2464 meliam,
347 2425 391 2455 ut
409 2415 645 2462 violentiam,
665 2423 708 2454 ut
726 2415 885 2468 injurias
904 2416 942 2454 in
961 2418 1089 2455 orbas.
1147 2416 1323 2460 Quorum
1342 2416 1495 2467 singula
1514 2429 1633 2467 pecu·

158 2477 291 2517 liarern
320 2478 513 2517 actionem
546 2477 706 2525 habent,
729 2490 894 2530 eamque
926 2492 1000 2517 nec
1027 2478 1130 2530 apud
1153 2477 1423 2530 magistratum
1452 2477 1633 2523 eundem,

158 2553 232 2579 nec
265 2540 404 2579 iisdem
432 2539 621 2578 sancitam
659 2539 799 2591 poenis.
859 2540 962 2578 Nam
991 2540 1210 2579 verberatio
1237 2547 1277 2578 et
1308 2540 1506 2585 violentia,
1528 2539 1632 2591 apud

161 2601 563 2653 Quadragintaviros;
594 2602 845 2648 contumelia,
872 2601 977 2653 apud
998 2602 1181 2641 Sexviros
1198 2616 1208 2646 ;
1240 2616 1328 2654 quae
1350 2615 1442 2641 vero
1462 2602 1500 2640 in
1521 2603 1635 2640 orbas

160 2664 471 2711 committuntur,
494 2662 597 2715 apud
616 2663 832 2702 Praetorem
852 2664 1108 2716 disceptanda
1138 2671 1242 2704 sunt.
1301 2665 1471 2717 Legibus
1505 2672 1636 2702 autem

161 2726 252 2766 licet
279 2740 327 2766 ea
353 2739 513 2778 quoque
540 2726 715 2773 crimina,
738 2740 902 2779 quorum
931 2726 998 2778 qui
1029 2727 1222 2766 actionem
1250 2727 1318 2766 det
1338 2740 1452 2765 nemo
1473 2733 1544 2773 est,
1566 2739 1634 2764 ex—

163 2789 340 2840 ceptione
360 2782 618 2828 summovere.
677 2789 816 2828 Recita
835 2789 890 2828 eis
909 2788 1010 2828 hanc
1028 2789 1170 2841 legem.

835 2911 959 2950 LEX.

166 2996 278 3035 Istud
311 2996 440 3049 igitur,
460 3011 547 3037 cum
580 3005 718 3050 praeter
752 2998 938 3050 reliquam
967 2998 1296 3050 praescriptionem
1323 2997 1501 3049 opposita
1520 3009 1634 3034 exce-
