1948 3306
373 156 449 192 804
830 157 1033 195 ORATIO
1063 160 1371 201 AMATORIA.

361 266 402 297 et
431 260 592 299 honori:
624 274 668 299 ac
693 261 843 311 judicia
876 262 924 301 de
958 262 1040 300 aliis
1069 263 1184 300 rebus
1210 263 1327 301 animi
1356 265 1476 303 nostri
1503 277 1657 304 sensum
1685 272 1820 306 osten-

357 321 464 368 dere,
495 322 708 361 studiorum
729 337 817 362 vero
851 324 1044 363 delectum
1073 332 1198 362 toturn
1226 332 1400 363 nostrum
1430 327 1628 378 ingenium
1657 329 1818 380 aperire.

356 384 418 423 De
438 385 576 436 quibus
596 386 747 424 interim
778 387 870 424 dum
901 387 1069 438 judicas,
1092 387 1140 425 ab
1166 386 1344 426 omnibus
1373 387 1422 425 de
1450 395 1489 426 te
1516 387 1599 426 fieri
1626 389 1819 441 judicium

355 453 562 497 exspecta:
593 453 632 485 et
664 448 769 493 mihi,
798 450 864 499 qui
889 455 926 486 te
953 449 1007 487 ita
1027 448 1228 496 laudarim,
1250 461 1319 500 pro
1349 462 1396 487 eo
1424 462 1470 487 ac
1492 448 1686 501 specimen
1704 450 1755 488 de
1776 456 1817 489 te

352 510 576 560 praebueris,
590 511 802 549 certamina
822 511 903 549 sore
923 511 1005 550 sine
1023 525 1131 550 mora
1146 511 1386 550 sustinenda.
1444 512 1550 555 Quas
1570 511 1621 549 ob
1638 524 1700 549 res
1720 517 1762 549 et
1778 517 1818 550 te

350 570 459 610 hisce
479 571 659 610 laudibus
679 572 798 611 videri
824 573 1001 623 dignum,
1021 580 1060 612 et
1085 573 1176 611 mihi
1205 573 1261 611 tui
1289 586 1460 612 amorem
1479 586 1555 612 non
1573 585 1661 612 esse
1690 572 1818 611 fraudi

353 634 558 684 oportebit.

408 696 470 733 15.
499 696 554 733 Te
582 709 672 735 vero
703 709 782 735 non
817 697 872 735 ita
904 704 1080 749 prompte
1112 697 1161 735 ad
1194 697 1477 749 philosophiam
1507 696 1816 743 adhortaremur‚

349 757 422 795 nisi
441 770 516 795 nec
536 758 642 796 aliud
661 771 800 797 munus
821 759 988 797 amicitia
1016 766 1148 798 nostra
1169 759 1295 810 magis
1315 759 1479 811 dignum
1506 771 1570 797 me
1600 758 1671 797 tibi
1698 771 1816 811 posse

347 819 523 858 conferre
552 821 778 864 arbitrarer;
808 828 848 860 et
876 822 1155 873 rempublicam
1183 820 1365 868 viderem,
1384 821 1479 860 dum
1503 822 1664 873 penuria
1693 820 1817 860 bono-

346 894 432 918 rum
453 881 620 920 virorum
641 884 840 935 quibusvis
870 884 1091 930 mandatur,
1112 885 1162 922 ob
1188 883 1330 921 horum
1359 883 1503 922 delicta
1529 883 1707 921 maximis
1735 883 1816 923 cla·

347 942 462 982 dibus
483 944 597 983 affici.
655 945 709 983 Ut
741 945 858 997 igitur
891 953 930 984 et
958 947 1042 998 ipsa
1065 953 1134 984 tua
1150 945 1307 993 virtute,
1327 951 1366 984 et
1390 951 1435 983 tu
1460 944 1580 997 ipsius
1599 945 1815 985 honoribus

344 1005 569 1055 perfruaris,
591 1006 804 1046 studiosius
825 1014 863 1045 te
884 1021 971 1045 sum
989 1007 1179 1047 hortatus,
1238 1008 1376 1058 Neque
1391 1006 1494 1045 enim
1511 1019 1633 1058 penes
1653 1013 1691 1046 te
1709 1007 1815 1046 futu-

343 1061 428 1104 rum
449 1080 534 1106 esse
553 1075 596 1107 ut
613 1068 803 1120 privatam
822 1070 941 1108 vitam
961 1082 1081 1121 agas:
1112 1068 1183 1107 sed
1198 1069 1268 1107 tibi
1281 1067 1480 1121 publicum
1500 1067 1657 1120 aliquod
1673 1081 1814 1108 munus

341 1128 570 1173 mandatum
590 1130 635 1169 iri
654 1138 762 1182 puto,
790 1138 830 1169 et
848 1144 926 1183 quo
946 1132 1068 1183 major
1097 1138 1159 1170 est
1177 1130 1323 1182 ingenii
1341 1130 1398 1168 tui
1415 1129 1656 1182 praestantia,
1677 1142 1726 1169 eo
1743 1130 1814 1169 tibi

341 1190 505 1241 majores
536 1191 744 1243 dignitates
774 1193 1024 1238 obventuras,
1052 1205 1178 1244 eoque
1207 1191 1397 1231 maturius
1427 1192 1484 1230 tui
1511 1191 1727 1243 periculum
1754 1191 1813 1231 fa-

339 1257 445 1290 ctum
464 1253 521 1291 iri.
579 1254 774 1306 Expediet
791 1254 908 1306 igitur
929 1268 1032 1293 nunc
1052 1255 1107 1293 ita
1121 1267 1207 1293 esse
1224 1253 1350 1293 animo
1370 1259 1646 1306 praeparatum,
1658 1260 1702 1292 ut
1715 1259 1812 1293 tunc

341 1313 435 1352 nihil
458 1315 675 1366 delinquase
744 1317 828 1355 Mei
860 1317 994 1369 itaque
1026 1316 1141 1355 officii
1175 1323 1247 1362 est,
1268 1314 1462 1368 explicare
1485 1329 1573 1367 quae
1604 1328 1628 1354 a
1659 1322 1699 1355 te
1727 1316 1811 1356 fieri

340 1376 484 1416 utiliter
502 1379 714 1417 existimem
732 1392 741 1417 z
771 1380 841 1425 tui,
859 1379 908 1417 de
928 1380 983 1417 eis
1004 1379 1230 1418 deliberare.

396 1440 458 1478 16.
490 1439 618 1479 Decet
645 1447 774 1487 autem
803 1442 920 1479 etiam
947 1447 1123 1488 caeteros,
1143 1441 1209 1492 qui
1235 1447 1344 1479 tuam
1368 1438 1668 1478 familiaritatem
1687 1452 1806 1492 expe-

338 1508 439 1549 tunt,
459 1515 539 1540 non
558 1503 694 1541 breves
717 1510 756 1541 et
786 1503 890 1542 leves
920 1503 1142 1555 voluptates
1173 1508 1291 1553 atque
1317 1501 1513 1558 colloquia
1532 1502 1808 1553 magnifacere,

336 1576 462 1615 neque
480 1563 530 1603 ad
551 1577 598 1602 ea
616 1570 655 1603 te
679 1577 908 1616 provocare:
938 1565 1008 1603 sed
1039 1565 1238 1603 elaborare
1268 1564 1519 1615 studioseque
1549 1564 1737 1616 cogitare,
1758 1566 1808 1605 de

335 1625 416 1663 vita
440 1633 509 1664 tua
537 1639 654 1676 quam
684 1626 948 1665 illustrissima
966 1626 1185 1666 efficienda.
1243 1626 1310 1664 Sic
1335 1625 1439 1664 enirn
1458 1632 1498 1664 et
1524 1625 1599 1678 ipsi
1617 1627 1805 1667 maximas

334 1686 473 1734 laudes
503 1694 772 1739 assequentur,
793 1689 891 1726 etin
919 1695 957 1727 te
976 1689 1146 1727 maxima
1170 1688 1361 1727 beneficia
1385 1689 1601 1728 conferent.
1639 1693 1698 1729 Ac
1717 1698 1806 1730 tuo-

334 1761 420 1787 rum
439 1749 632 1788 sodalium
650 1762 754 1788 nunc
783 1753 898 1789 etiam
917 1751 1112 1789 neminem
1136 1751 1389 1802 reprehendo.
1447 1751 1550 1790 Nam
1574 1751 1616 1789 in
1644 1752 1802 1805 reliquae

289 1859 292 1865 Ι
333 1811 531 1850 felicitatis
550 1818 627 1850 tuae
645 1819 756 1863 parte
775 1819 814 1850 et
832 1812 909 1852 hoc
927 1825 1015 1851 esse
1034 1812 1200 1859 videtur,
1221 1813 1327 1865 quod
1346 1813 1385 1851 in
1402 1813 1553 1851 nullum
1570 1813 1803 1855 illaudatum

332 1874 515 1913 incideris
535 1879 769 1912 amatorem:
800 1875 870 1912 sed
902 1887 1035 1913 eorum
1063 1874 1132 1913 tibi
1152 1875 1391 1919 familiaritas
1420 1875 1641 1927 contigerit,
1659 1877 1800 1927 quibus

332 1935 511 1974 meliores
531 1948 580 1974 ex
598 1935 778 1974 omnibus
804 1936 1018 1987 aequalibus
1039 1936 1157 1988 deligi
1176 1949 1254 1975 non
1273 1937 1436 1988 possint.
1468 1935 1637 1976 Proinde
1653 1939 1801 1979 suadeo

333 2004 377 2035 ut
397 2004 435 2036 te
451 2010 546 2049 erga
576 1996 663 2035 illos
683 2010 819 2036 omnes
848 2011 1000 2036 comem
1019 1999 1194 2051 praebeas
1214 2005 1253 2037 et
1270 1998 1449 2038 facilem:
1479 1999 1550 2038 sed
1582 2012 1713 2038 eorum
1740 2008 1798 2040 ta-

333 2072 422 2098 men
439 2059 746 2111 prudentissimis
761 2061 1000 2112 obsequaris,
1020 2068 1064 2101 ut
1081 2068 1121 2101 et
1140 2063 1189 2100 ab
1209 2061 1268 2099 his
1295 2061 1404 2114 ipsis,
1424 2067 1465 2100 et
1485 2074 1509 2100 a
1527 2061 1684 2115 reliquis
1706 2064 1799 2103 civi-

334 2125 422 2170 bus,
442 2122 577 2162 melior
591 2122 791 2174 judiceris.
850 2123 961 2162 Vale.
