1948 3306
308 159 386 197 798
758 161 978 201 ORATIO
1012 162 1324 201 AMATORIA.

306 262 616 301 benevolentiam
650 278 794 304 numen
825 267 1011 305 ostendit.
1089 266 1179 304 Non
1210 265 1312 304 enim
1350 277 1419 303 eos
1450 264 1500 304 ad
1538 264 1774 305 necessarios

306 323 499 364 duntaxat
517 340 610 365 usus
630 327 817 368 ideoneos
838 331 1016 382 praebuit,
1039 328 1120 376 sed,
1141 342 1230 368 cum
1246 327 1490 380 quorundam
1508 326 1626 366 virtus
1644 327 1707 365 vix
1726 340 1775 365 ex

307 386 527 427 actionibus
558 398 755 442 appareat,
789 404 916 430 mores
947 398 1036 430 tuos
1074 391 1368 443 probatissimos
1401 402 1467 441 per
1499 389 1607 428 visus
1632 389 1776 428 indicia

305 446 532 498 declaravit,
551 452 617 503 qui
637 452 689 491 sis
711 460 748 491 et
777 452 878 490 mitis
904 460 1018 504 atque
1043 453 1238 491 humanus
1259 452 1464 504 adspectu,
1484 457 1524 490 et
1542 450 1775 502 magnificus

305 517 348 549 et
378 513 505 563 gravis
540 514 579 552 in
616 515 703 553 vitae
728 515 1023 562 consuetudine,
1055 523 1094 555 et
1125 516 1234 554 fortis
1267 529 1312 554 ac
1335 515 1558 553 moderatus
1590 514 1776 552 adversus

307 587 466 614 omnes:
497 576 536 615 id
567 577 674 628 quod
705 577 744 614 in
777 578 908 629 primis
941 578 1142 617 admirere.
1199 578 1302 617 Nam
1326 591 1413 616 eum
1434 576 1596 615 aliorum
1615 574 1777 614 comitas

307 636 348 674 in
366 637 608 685 humilitatis,
629 639 795 690 gravitas
816 639 855 677 in
882 640 1021 685 fastus,
1037 641 1254 691 opinionem
1274 641 1458 686 incurrat,
1479 650 1646 689 cumque
1659 636 1778 674 iidem
1823 643 1827 653 “

305 705 352 737 ut
382 707 536 751 propter
566 701 833 740 fortitudinem
854 703 1056 749 temerarii,
1084 704 1139 742 sic
1170 710 1326 755 propter
1355 701 1692 741 mansuetudinem
1720 700 1779 738 in-

305 767 408 799 ertes
437 762 654 811 videantur,
673 771 732 802 tot
765 777 824 804 res
854 765 953 804 inter
988 780 1029 805 se
1063 766 1276 805 contrarias
1303 771 1420 804 nacta
1448 765 1617 808 fortuna,
1637 763 1691 801 ita
1722 762 1778 800 uti

305 835 377 874 par
396 830 468 871 est,
495 825 625 864 omnia
646 827 928 866 consentientia
954 841 1086 867 secum
1107 827 1247 875 effecit,
1269 827 1379 879 quasi
1395 834 1529 866 votum
1547 825 1780 871 absolveret,

309 891 378 923 aut
397 887 620 938 exemplum
641 889 726 927 aliis
747 889 952 928 ostendere
970 890 1102 937 vellet,
1121 903 1200 928 non
1215 889 1326 940 quasi
1345 888 1564 933 mortalem,
1582 899 1652 937 pro
1672 899 1779 924 more

308 959 392 994 su0,
412 955 592 988 naturam
612 951 881 990 constitueret.
939 952 1056 995 Quod
1088 952 1120 988 si
1151 958 1257 988 tuam
1288 950 1592 1002 pulcritudinem
1624 947 1780 998 assequi

308 1008 476 1047 dicendo
494 1010 638 1057 liceret,
659 1019 727 1050 aut
759 1026 881 1050 unum
910 1012 986 1049 hoe
1005 1011 1045 1048 in
1076 1016 1114 1048 te
1138 1008 1376 1048 laudandum
1396 1016 1514 1056 esset,
1533 1008 1628 1047 nihil
1646 1007 1686 1046 in
1705 1008 1781 1046 hoc

306 1070 362 1109 tui
395 1065 618 1111 celebrandi
647 1074 847 1125 proposito
874 1087 895 1111 e
926 1072 1002 1110 tuis
1030 1072 1186 1110 dotibus
1212 1071 1528 1123 praetereundum
1556 1071 1778 1110 videretur:

308 1146 414 1171 nunc
441 1148 553 1176 veror
584 1149 634 1173 ne
668 1135 865 1174 auditores
895 1134 1153 1185 defatigemus
1173 1140 1216 1171 ut
1234 1134 1361 1172 minus
1383 1132 1562 1172 alacriter
1589 1132 1783 1185 accipiant

308 1196 472 1247 reliqua,
492 1197 524 1234 si
544 1197 592 1235 de
611 1197 686 1237 hoc
705 1197 853 1236 frustra
869 1210 1073 1249 nugemur.
1132 1196 1229 1241 Quis
1248 1197 1352 1235 enirn
1374 1196 1542 1248 speciem
1565 1203 1673 1234 tuam
1694 1208 1781 1234 ora-

307 1258 416 1297 tione
445 1259 646 1311 exprimat,
677 1274 794 1312 quam
824 1273 900 1298 nec
932 1259 1047 1311 pictae
1067 1266 1135 1298 aut
1160 1259 1264 1297 fictae
1290 1259 1480 1311 imagines
1509 1257 1782 1311 praestantissi-

307 1334 461 1360 morum
481 1321 670 1363 artificum
699 1321 892 1361 industria
921 1322 1131 1360 elaboratae
1165 1334 1347 1373 superare
1373 1320 1547 1373 queant?
1577 1321 1717 1371 Neque
1742 1320 1783 1359 id

307 1384 545 1422 mirandum.
586 1385 713 1424 ·Nam
753 1386 830 1423 illae
871 1384 1088 1423 immobiles
1124 1391 1363 1436 spectantur,
1394 1390 1438 1422 ut
1471 1384 1680 1436 obscurum
1719 1383 1782 1430 sit,

307 1444 529 1498 cujusmodi
558 1446 590 1485 si
622 1447 796 1486 viverent
828 1454 1084 1499 apparerent:
1124 1447 1194 1484 sed
1225 1447 1342 1485 animi
1377 1447 1434 1485 tui
1462 1447 1724 1486 mansuetudo
1745 1454 1785 1485 et

308 1509 518 1548 dexteritas
537 1509 576 1548 in
596 1510 778 1549 omnibus
798 1510 873 1549 tuis
893 1510 1004 1549 factis
1024 1515 1270 1548 venustatem
1290 1509 1462 1561 corporis
1480 1509 1620 1547 mirum
1637 1509 1676 1547 in
1698 1521 1782 1547 mo-

309 1571 403 1609 dum
422 1579 552 1624 auget.
609 1573 673 1611 Ac
690 1580 768 1612 tuae
786 1572 922 1612 formae
940 1572 1094 1620 laudes,
1110 1583 1334 1623 quanquam
1353 1571 1519 1624 praeterii
1538 1571 1694 1619 multas,
1709 1571 1782 1610 has

307 1633 449 1673 habeo.

361 1699 401 1735 5.
431 1696 493 1735 De
512 1697 770 1749 temperantia
800 1710 909 1743 vero,
939 1695 1202 1749 pulcherrima
1230 1696 1318 1734 laus
1350 1695 1417 1734 illa
1443 1694 1627 1742 occurrit,
1660 1694 1782 1746 quod,

306 1772 396 1798 cum
425 1759 501 1799 ista
532 1767 629 1799 aetas
658 1760 861 1798 calumniis
881 1760 1059 1812 exposita
1084 1758 1146 1805 sit,
1166 1758 1236 1797 tibi
1264 1758 1445 1797 usuvenit
1472 1764 1516 1796 ut
1543 1757 1674 1809 potius
1698 1757 1783 1795 lau-

307 1821 456 1861 darere.
530 1823 622 1861 Non
655 1822 772 1860 modo
807 1822 911 1861 enim
938 1821 1034 1860 nihil
1072 1821 1279 1872 delinquis,
1315 1820 1385 1859 sed
1424 1819 1634 1871 sapientius
1666 1814 1783 1858 etiam

308 1897 425 1934 quam
443 1898 514 1936 pro
532 1885 628 1923 flore
649 1884 773 1923 aetatis
792 1886 912 1923 vitam
941 1884 1152 1922 instituisti.
1209 1883 1332 1935 Cujus
1358 1883 1412 1922 rei
1440 1882 1654 1921 maximum
1673 1883 1784 1921 testi-

309 1946 483 1984 monium
511 1953 570 1984 est
590 1953 658 1984 tua
676 1960 764 1985 curn
785 1946 1006 1984 hominibus
1036 1945 1296 1984 consuetudo.
1353 1944 1455 1982 Cum
1482 1944 1585 1984 enim
1612 1950 1652 1983 te
1672 1944 1784 1983 multi

309 2008 545 2047 conveniant
576 2009 770 2059 iidemque
802 2007 1072 2047 diversissimis
1100 2007 1256 2060 praediti
1283 2008 1468 2060 ingeniis,
1500 2015 1618 2060 teque
1648 2021 1784 2047 omnes

310 2070 362 2108 ad
392 2083 503 2108 suam
542 2070 841 2109 familiaritatem
870 2071 1048 2117 invitent,
1085 2071 1140 2109 ita
1175 2071 1365 2122 praeclare
1402 2077 1442 2109 te
1480 2070 1670 2109 adversus
1693 2070 1782 2108 illos

311 2145 447 2170 omnes
463 2132 632 2184 gessisti,
647 2139 692 2170 ut
709 2132 878 2171 amicitia
896 2139 964 2170 tua
985 2132 1242 2172 delectentur.
1280 2131 1397 2177 Quod
1410 2137 1471 2171 est
1488 2132 1579 2170 vitae
1597 2131 1782 2170 indicium

312 2195 557 2234 laudabiliter
589 2195 888 2246 humaniterque
919 2195 1118 2234 institutae.
1162 2195 1398 2247 Quanquam
1429 2202 1559 2234 autem
1573 2194 1656 2247 jam
1684 2207 1784 2233 non-

315 2257 411 2295 nulli
444 2258 594 2309 probati
625 2265 729 2305 sunt,
748 2265 831 2296 tum
852 2257 918 2309 qui
950 2271 1030 2297 non
1056 2259 1213 2309 quosvis
1244 2258 1284 2295 in
1313 2256 1521 2296 amicitiam
1540 2257 1784 2308 recipiendos

314 2333 484 2367 suasere,
501 2326 584 2358 tum
605 2320 672 2372 qui
700 2320 837 2358 iisdem
857 2333 1045 2371 paruere:
1076 2321 1181 2371 quod
1202 2327 1253 2367 et,
1283 2320 1316 2358 si
1340 2318 1427 2371 quis
1456 2319 1639 2371 improbis
1668 2320 1784 2358 obse-

315 2387 468 2433 quatur,
487 2395 648 2420 necesse
670 2382 720 2419 sit
738 2380 847 2433 vulgi
872 2381 1210 2432 reprehensionem
1240 2383 1452 2428 incurrere,
1471 2387 1523 2428 et,
1549 2379 1582 2419 si
1609 2393 1695 2419 eam
1716 2394 1782 2419 ca-

313 2443 499 2482 lumniam
518 2450 710 2488 vereatur,
728 2443 861 2481 odium
880 2442 1052 2495 ipsorum
1073 2445 1253 2484 solatium
1267 2442 1561 2495 suscipiendum
1574 2442 1637 2481 sit.
1695 2437 1784 2495 Ego

314 2513 446 2544 tamen
476 2513 631 2558 propter
660 2505 735 2544 hoc
766 2505 892 2557 ipsum
924 2513 964 2544 te
998 2507 1124 2558 magis
1152 2505 1394 2545 laudandum
1422 2517 1578 2552 censeo,
1596 2504 1675 2556 qui,
1695 2518 1783 2543 cum

315 2567 399 2607 aliis
418 2569 500 2607 fieri
519 2581 599 2606 non
617 2581 732 2620 posse
758 2567 936 2606 videatur
956 2575 1001 2607 ut
1020 2569 1154 2621 populi
1177 2568 1335 2618 Judiciis
1355 2568 1540 2619 probetur
1566 2567 1782 2619 quisquam,

312 2638 463 2669 tantum
496 2631 582 2670 illos
614 2630 800 2678 excellas,
820 2637 867 2669 ut
895 2630 1145 2669 difficultates
1171 2638 1290 2681 atque
1312 2629 1542 2681 asperitates
1561 2642 1696 2669 omnes
1716 2643 1782 2668 su-

312 2693 483 2745 peraris:
513 2706 603 2732 nam
623 2706 673 2731 ne
703 2691 961 2744 suspicionem
991 2692 1148 2744 quidem
1176 2691 1225 2729 de
1255 2697 1294 2729 te
1313 2691 1466 2742 praebes
1497 2690 1609 2741 quasi
1640 2690 1709 2729 ulli
1730 2691 1783 2729 sis

313 2755 541 2793 delictorum
581 2754 724 2801 socius,
760 2760 800 2792 et
833 2753 998 2792 aliorum
1036 2753 1167 2792 odium
1201 2765 1352 2792 morum
1382 2752 1613 2791 dexteritate
1644 2752 1781 2791 vincis.

311 2816 400 2855 Jam
421 2831 511 2855 cum
532 2817 781 2862 amatoribus,
803 2815 834 2854 si
855 2816 949 2868 quid
971 2816 1020 2855 de
1040 2816 1100 2854 his
1118 2828 1273 2867 quoque
1293 2813 1506 2853 dicendum
1536 2821 1610 2863 est,
1629 2827 1677 2854 ea
1694 2827 1782 2853 esse

313 2879 410 2918 ratio
438 2885 507 2918 tua
525 2892 650 2932 eaque
675 2887 756 2918 tum
786 2879 940 2918 bonitas
969 2885 1052 2917 tum
1078 2877 1286 2930 prudentia
1312 2876 1406 2915 mihi
1430 2877 1595 2924 videtur,
1615 2883 1673 2925 ut,
1692 2887 1782 2916 cum·

308 2941 481 2994 plerique
500 2956 573 2982 nec
587 2955 676 2981 eum
697 2955 813 2993 quem
843 2940 918 2980 sibi
936 2941 1168 2993 delegerunt
1191 2940 1391 2980 moderate
1410 2939 1509 2978 ferre
1529 2945 1690 2992 queant,
1712 2938 1780 2977 tibi
