1915 3356
0 3274 24 3356 E'Jss„
19 3226 22 3254 ,.
19 3187 21 3194 r

531 213 753 253 CONTRA
782 210 1173 252 THEOCRINEM.
1513 211 1590 249 765

134 316 342 356 infortunia
359 317 469 356 nobis
487 325 527 357 et
543 319 632 366 hoc,
652 319 674 357 J
681 318 830 363 udices,
859 311 1001 362 evenit,
1022 322 1063 353 ut
1081 329 1170 354 cum
1190 328 1322 353 omnes
1343 327 1414 353 nos
1433 314 1594 365 instiga-

133 378 220 423 rint‚
241 385 411 418 nostram
431 386 571 418 sortem
592 379 776 426 miserati,
795 385 834 417 et
851 378 982 429 inique
1001 378 1205 416 nobiscum
1225 390 1311 415 esse
1331 384 1459 415 actum
1485 375 1591 413 dixe-

133 441 223 487 rint,
244 448 284 479 et
301 441 420 480 istum
443 442 635 480 delatione
654 440 776 479 teneri
795 439 1033 486 affirmarim,
1053 452 1184 478 eorum
1201 451 1315 476 nemo
1336 445 1464 476 tamen
1480 436 1593 475 nobis

131 501 312 554 opitulari
329 503 436 549 velit,
457 516 584 554 neque
604 515 644 540 se
659 501 759 540 velle
780 502 977 552 suscipere
997 500 1226 545 inimicitias,
1242 500 1369 551 palam
1387 500 1595 550 profitean-

131 570 208 602 tur.
262 564 373 603 Adeo
392 564 480 616 plus
500 564 605 616 apud
631 564 838 615 plerosque
858 564 963 602 valet
981 569 1123 610 metus,
1142 575 1258 614 quam
1273 561 1436 613 justitiae
1462 574 1594 611 respe-

131 631 234 664 ctus.
290 626 389 664 Cum
420 633 564 672 autem,
595 624 772 672 Judices,
800 638 868 676 per
898 624 1155 663 Theocrinem
1187 623 1321 661 multae
1349 622 1459 660 nobis
1491 623 1594 660 cala-

131 687 284 726 mitates
312 693 485 739 tempore
513 686 619 725 haud
653 687 793 739 exiguo
813 687 914 725 datae
939 687 1028 736 sint,
1052 686 1162 724 nulla
1188 686 1312 735 major
1342 691 1403 722 est
1427 697 1474 722 ea
1507 697 1595 734 quae

130 761 236 788 nunc
255 740 411 795 accidit,
431 748 537 800 quod
555 749 731 787 facinora
746 748 970 787 Theocrinis
986 749 1199 800 legumque
1210 746 1454 792 violationes,
1473 752 1597 797 pater,

130 810 196 861 qui
229 817 270 848 et
298 809 417 848 laesus
444 817 517 858 est,
548 820 588 849 et
615 810 884 849 demonstrare
915 818 1064 862 posset,
1090 809 1243 848 silentio
1273 816 1404 859 tegere
1438 820 1598 845 necesse

129 870 425 923 habet,—leges
455 872 558 911 enim
587 873 642 911 ita
673 872 1049 925 praecipiunt—mihi
1076 884 1181 918 vero,
1207 874 1315 920 cujus
1345 869 1513 908 facultas
1538 868 1598 906 his

132 933 312 973 omnibus
332 935 455 986 impar
473 941 547 982 est,
566 935 685 974 verba
711 934 894 974 facienda
912 941 1014 973 sunt.
1072 935 1135 972 Ac
1165 932 1250 972 aliis
1282 930 1599 971 adolescentibus

131 1001 262 1048 patres
280 1009 393 1048 opem
414 996 558 1044 ferunt,
578 997 642 1036 hic
662 1010 754 1036 vero
773 997 811 1035 in
833 1011 893 1036 me
911 1010 1020 1048 spem
1034 996 1176 1035 habeat
1192 996 1439 1035 collocatam.

191 1058 254 1096 16.
281 1057 366 1097 Tali
390 1058 509 1110 igitur
540 1059 748 1099 certamine
774 1059 1057 1106 conflictantes,
1076 1071 1146 1097 vos
1172 1070 1390 1110 precamur,
1418 1063 1460 1094 ut
1489 1055 1600 1094 nobis

133 1120 388 1171 opitulemini,
408 1128 448 1159 et
467 1121 644 1160 omnibus
664 1121 898 1168 ostendatis,
918 1121 997 1159 sive
1016 1133 1125 1173 puer,
1152 1120 1232 1158 sive
1253 1132 1384 1165 senex,
1405 1119 1485 1156 sive
1505 1121 1601 1168 quass

135 1194 292 1233 cunque
312 1188 430 1220 aetate
449 1183 639 1234 quispiam
659 1183 709 1222 ad
729 1197 797 1222 vos
826 1182 1061 1234 confugerit,
1090 1189 1129 1220 et
1160 1182 1210 1220 ad
1239 1181 1361 1231 leges,
1381 1181 1416 1218 ei
1434 1186 1602 1219 vestram

128 1242 322 1294 justitiam
353 1256 442 1282 esse
472 1244 667 1296 pracsidio.
726 1244 949 1282 Honestum
987 1250 1049 1282 est
1081 1242 1237 1289 etenim,
1267 1241 1446 1287 Judices,
1477 1253 1603 1291 neque

134 1317 219 1352 vos,
240 1318 366 1357 neque
391 1305 502 1357 leges
531 1306 571 1344 in
599 1311 811 1353 oratorum,
840 1305 911 1343 sed
940 1305 1028 1343 illos
1061 1304 1101 1342 in
1125 1310 1257 1343 vestra
1278 1316 1365 1341 esse
1394 1309 1604 1354 potestate,

134 1366 422 1420 discrimenque
460 1367 646 1407 constitui
680 1368 780 1407 inter
813 1380 892 1415 eos,
913 1367 978 1419 qui
1007 1368 1107 1405 bene
1141 1373 1181 1405 et
1205 1365 1421 1418 perspicue,
1441 1372 1480 1403 et
1506 1364 1605 1402 inter

135 1442 204 1468 eos
232 1429 299 1482 qui
329 1442 442 1481 aequa
474 1429 624 1469 dicunt.
655 1429 760 1468 Nam
797 1429 846 1468 de
883 1442 931 1468 ea
960 1423 1014 1467 rev
1038 1441 1107 1467 vos
1136 1428 1460 1481 pronunciaturos
1485 1426 1607 1478 jurati

135 1491 245 1530 estis.
302 1491 441 1543 Neque
473 1492 574 1530 enim
607 1491 798 1544 quispiam
830 1492 941 1531 vobis
974 1489 1236 1543 persuadebit,
1260 1495 1466 1542 propterea
1494 1488 1606 1526 defu-

135 1560 246 1592 turos
278 1553 390 1592 istius
421 1553 572 1605 generis
607 1543 795 1602 oratores,
815 1561 884 1592 aut
913 1560 1118 1606 propterea
1148 1552 1260 1605 pejus
1291 1559 1419 1590 actum
1446 1551 1489 1589 iri
1515 1564 1606 1590 cum

136 1615 348 1667 republica.
420 1616 569 1654 Contra
603 1629 678 1668 ego
705 1629 727 1654 e
764 1622 859 1663 natu
899 1616 1111 1668 majoribus
1149 1614 1280 1660 audio,
1312 1620 1395 1652 tum
1430 1614 1607 1652 floruisse

138 1680 307 1719 maxime
327 1680 623 1732 rempublicam,
645 1693 736 1719 cum
755 1693 778 1718 a
797 1679 982 1718 modestis
1008 1685 1046 1718 et
1063 1678 1318 1730 prudentibus
1350 1676 1435 1716 viris
1456 1689 1608 1728 regere-

137 1749 214 1781 tur.
272 1741 464 1794 Nunquid
489 1741 591 1780 enim
623 1741 863 1781 consiliarios
893 1742 989 1780 istos
1017 1754 1104 1780 esse
1137 1742 1260 1779 bonos
1286 1738 1517 1800 invenieffis?
1549 1739 1607 1776 At

138 1804 233 1844 nihil
251 1805 397 1858 populo
417 1805 567 1851 dicunt,
587 1811 627 1844 et
655 1805 702 1844 iis
733 1805 800 1857 qui
823 1805 969 1857 populo
995 1803 1216 1849 consulunt,
1243 1801 1476 1841 accusandis
1496 1801 1608 1839 locu-

137 1867 349 1919 pletantur.
407 1866 530 1918 quue
546 1866 801 1905 admiratione
822 1866 986 1918 dignum
1005 1873 1079 1912 est,
1094 1879 1183 1904 cum
1200 1863 1475 1903 calumniando
1491 1863 1610 1901 vitani

138 1935 374 1977 sustentent,
394 1928 523 1967 dicere
543 1942 624 1976 eos,
641 1942 682 1968 se
702 1929 796 1967 nihil
815 1929 989 1981 accipere
1019 1942 1040 1967 e
1060 1928 1228 1980 publico,
1248 1926 1315 1977 qui
1334 1933 1544 1977 antequam
1561 1924 1611 1963 ad

138 2004 208 2031 vos
228 2004 271 2030 se
289 1990 558 2038 contulissent,
588 1990 745 2042 inopes,
757 2004 864 2029 nunc
894 1991 1019 2038 ditati,
1045 1990 1191 2029 nullam
1219 1989 1328 2028 vobis
1349 1988 1512 2040 gratiam
1540 1987 1610 2026 ha-

138 2053 259 2091 bent:
289 2052 359 2091 sed
374 2052 521 2104 passim
551 2052 745 2102 dictitant,
764 2066 880 2105 quam
900 2053 1127 2093 inconstans
1149 2053 1199 2091 sit
1217 2051 1400 2104 populus,
1420 2064 1535 2102 quam
1555 2050 1610 2088 in-

141 2114 368 2159 tractabilis,
389 2127 506 2166 quarn
521 2115 720 2166 ingratus;
749 2115 913 2168 perinde
933 2129 978 2155 ac
999 2116 1031 2154 si
1051 2129 1121 2154 vos
1148 2128 1215 2167 per
1233 2128 1300 2153 eos
1322 2113 1512 2158 ditemini,
1533 2126 1611 2151 non

140 2176 217 2229 ipsi
247 2190 317 2229 per
346 2177 549 2229 populum.
606 2177 736 2229 Atque
756 2181 846 2228 jure
882 2178 980 2217 adeo
1013 2178 1109 2218 talia
1137 2178 1286 2224 dicunt,
1312 2189 1402 2215 cum
1439 2182 1610 2214 vestram

142 2238 336 2290 ignaviam
373 2238 544 2286 videant,
565 2240 631 2291 qui
660 2240 868 2288 neminem,
888 2249 932 2279 ut
960 2253 1095 2279 eorum
1128 2240 1348 2278 merebatur
1373 2238 1611 2291 improbitas,

142 2300 359 2352 punieritis,
374 2300 445 2339 sed
465 2314 578 2340 aures
596 2300 651 2340 eis
671 2303 892 2354 p1·aebeatiS‚
919 2302 1152 2349 dicentibus,
1173 2302 1305 2354 populi
1326 2301 1489 2340 salutem
1517 2313 1612 2352 pen-

144 2364 236 2403 dere
255 2365 304 2403 ab
324 2365 615 2403 accusatoribus
641 2373 680 2404 et
700 2366 1058 2405 calumniatoribus.
1099 2366 1250 2410 Quibus
1269 2378 1349 2404 non
1370 2364 1476 2403 aliud
1492 2377 1614 2415 genus

144 2433 206 2466 est
223 2427 482 2481 pestilentius.
541 2427 668 2471 Quam
683 2428 785 2467 enim
805 2430 853 2467 ab
873 2428 956 2467 istis
976 2428 1148 2480 praestari
1167 2427 1388 2479 reipublicae
1408 2426 1615 2464 utilitatem

144 2488 343 2542 reperias?
372 2490 659 2541 Delinquentes
691 2490 756 2529 isti
789 2490 969 2529 nimirum
995 2491 1177 2542 puniunt,
1199 2496 1239 2528 et
1270 2495 1429 2541 propter
1455 2487 1528 2526 hos
1560 2486 1616 2524 illi

146 2557 236 2590 sunt
250 2551 481 2604 pauciores?
511 2552 603 2591 Non
622 2553 769 2604 utique,
796 2553 974 2598 Judices,
996 2552 1066 2591 sed
1093 2553 1222 2604 plures
1253 2552 1381 2590 etiam.
1428 2550 1528 2588 Nam
1550 2548 1615 2599 qui

145 2613 297 2653 facinus
317 2613 475 2665 aliquod
496 2614 633 2653 animis
652 2615 815 2667 agitant,
842 2628 932 2654 cum
952 2615 1092 2662 sciant,
1113 2614 1194 2653 istis
1224 2614 1341 2652 etiam
1362 2611 1508 2663 aliquid
1527 2623 1617 2649 esse

147 2674 198 2714 de
215 2675 352 2728 praeda
369 2675 683 2728 impertiendum,
699 2677 921 2716 necessario
951 2677 1040 2728 plus
1064 2676 1148 2715 aliis
1167 2677 1313 2728 eripere
1334 2675 1553 2719 instituunt,
1573 2680 1619 2710 ut

148 2749 225 2776 non
245 2738 318 2777 sibi
338 2738 479 2786 solum,
499 2739 569 2777 sed
595 2739 678 2779 istis
696 2740 820 2779 etiam‘
843 2747 1019 2790 sumptus
1048 2745 1272 2790 suppetant.
1331 2738 1389 2774 Ac
1423 2749 1446 2773 a
1476 2735 1616 2774 ceteris

148 2799 306 2850 quidem
323 2800 527 2848 maleficis,
547 2801 613 2852 qui
638 2801 682 2839 iis
704 2801 769 2853 qui
788 2801 827 2840 in
857 2802 962 2853 ipsos
990 2801 1213 2839 inciderunt
1232 2806 1386 2844 nocent,
1414 2804 1451 2836 et
1478 2810 1538 2835 res
1558 2797 1618 2835 fa-

149 2861 323 2909 miliaris,
347 2862 576 2902 custodibus
615 2863 813 2911 adhibitis,
843 2863 983 2902 servari
1016 2871 1156 2915 potest,
1189 2869 1229 2900 et
1264 2862 1329 2913 qui
1363 2860 1466 2898 domi
1499 2867 1619 2898 noctu

150 2929 295 2969 manet,
315 2922 407 2961 nihil
427 2923 517 2962 mali
546 2925 702 2976 patitur,
723 2926 787 2963 alii
820 2925 904 2963 sola
930 2925 1130 2976 vigilantia
1156 2924 1255 2962 male
1285 2922 1538 2984 cogitantium
1561 2921 1619 2959 in-

151 2984 270 3024 sidias
293 2986 413 3026 vitare
443 2995 602 3039 queunt.
661 2989 713 3026 At
748 3002 929 3041 quorsum
958 2989 1090 3034 abeas,
1122 2994 1163 3025 ut
1190 2987 1238 3026 ab
1268 2985 1485 3026 istiusmodi
1512 2985 1617 3024 calu-
