1948 3306
361 168 441 206 750
765 166 1053 205 ADVERSUS
1085 164 1427 204 EUBULIDEM.

359 283 464 315 num,
488 276 529 308 ut
562 281 667 308 nunc
693 268 746 308 ait
779 269 1005 317 Eubulides,
1032 269 1092 308 vel
1120 269 1367 322 magistratus
1386 281 1534 322 gerere,
1558 270 1620 309 vel
1638 269 1819 310 sacerdo-

357 331 455 369 tium
476 331 617 379 sortiri,
650 344 780 370 secum
799 332 995 371 delectum
1015 332 1315 371 sivisset—nam
1339 339 1379 371 et
1400 333 1482 384 ipse
1501 331 1576 370 fuit
1606 346 1628 371 e
1656 332 1820 372 sortien-

357 393 461 432 tibus
487 400 525 431 et
557 393 786 441 delectis—,
816 407 943 446 neque
973 393 1102 442 etiam,
1133 408 1222 433 cum
1254 400 1367 433 vetus
1399 394 1434 432 ei
1463 406 1616 432 mecum
1644 394 1820 433 simultas

355 455 623 504 intercederet,
643 456 682 494 in
704 456 780 495 hoc
800 469 924 507 usque
943 462 1095 508 tempus
1115 456 1342 503 distulisset,
1363 455 1469 507 quod
1497 468 1548 494 an
1572 469 1744 507 unquam
1761 457 1823 494 su-

355 524 486 556 turum
503 525 622 565 esset,
654 531 768 557 nemo
789 517 996 569 praescivit,
1015 518 1047 556 si
1066 519 1161 569 quid
1189 518 1238 558 de
1257 532 1318 557 me
1338 519 1417 558 tale
1442 524 1681 570 compertum
1700 517 1823 556 habu-

354 578 462 617 isset.
519 579 598 618 Sed
616 593 695 618 non
714 586 954 631 compertum
974 578 1122 618 habuit.
1180 580 1424 632 Quapropter
1440 592 1509 631 per
1526 584 1681 631 tempus
1707 591 1823 617 omne

356 642 563 694 reliquum,
582 655 671 681 cum
703 648 743 680 et
769 641 1022 693 municipium
1055 648 1094 680 et
1127 642 1366 681 sortitionem
1398 654 1549 680 mecum
1578 642 1841 679 communem*

355 704 529 750 haberet,
562 703 656 742 nihil
676 704 814 743 horum
832 703 1057 756 perspexit:
1087 713 1294 756 postquam
1321 711 1453 743 autem
1479 703 1614 742 civitas
1645 702 1825 741 universa

355 766 396 805 in
425 779 493 805 eos
517 766 583 818 qui
615 779 656 804 se
683 766 903 818 petulanter
930 767 970 804 in
999 766 1207 818 municipia
1237 767 1494 818 ingesserant,
1513 764 1699 804 iracunde
1727 776 1822 803 con-

356 830 477 868 citata
495 828 581 876 fuit,
601 835 686 867 tum
703 828 867 868 insidias
887 828 979 867 mihi
993 829 1246 880 comparavit.
1303 828 1456 868 Fuisset
1473 834 1603 867 autem
1623 827 1720 865 illud
1737 827 1822 878 qui-

356 891 446 930 dem
466 897 620 942 tempus
640 890 809 930 hominis
837 891 1000 929 veritate
1018 890 1128 929 freti:
1159 890 1234 929 hoc
1265 897 1410 938 autem,
1429 889 1533 941 quod
1564 901 1669 927 nunc
1697 888 1823 935 adest,

354 951 499 991 inimici
518 958 592 999 est,
614 952 679 1003 qui
701 951 750 990 de
772 952 964 990 industria
988 952 1259 991 calumnietur.
1318 951 1404 1002 Ego
1425 957 1570 995 autem,
1591 949 1823 996 Judices‚—-

354 1026 482 1065 neque
500 1026 568 1064 per
586 1013 681 1051 deos
702 1025 769 1051 oro
786 1012 993 1063 quisquam
1013 1011 1106 1049 mihi
1127 1012 1320 1059 obturbet,
1340 1024 1468 1063 neque
1497 1011 1537 1049 id
1564 1011 1671 1062 quod
1697 1011 1824 1050 dictu-

353 1088 420 1113 rus
454 1087 540 1114 sum
573 1087 679 1126 aegre
712 1074 879 1121 ferat—-,
905 1087 965 1112 me
997 1073 1276 1112 Atheniensem
1307 1087 1394 1112 esse
1426 1073 1544 1119 duco,
1578 1079 1623 1112 ut
1654 1079 1824 1112 vestrum

355 1136 518 1189 quilibet
536 1149 636 1184 sese,
656 1142 696 1174 et
724 1149 810 1174 eam
832 1149 914 1175 esse
938 1135 1031 1173 mihi
1056 1141 1220 1174 matrem
1250 1136 1298 1174 ab
1328 1135 1437 1174 initio
1457 1143 1565 1187 puto,
1586 1148 1702 1187 quarn
1721 1136 1825 1187 apud

355 1212 426 1238 vos
448 1199 631 1245 ostendo,
648 1212 775 1250 neque
796 1198 953 1238 alterius
975 1211 1073 1245 sum,
1084 1199 1187 1236 hanc
1203 1203 1333 1237 autern
1351 1198 1446 1236 mihi
1460 1198 1637 1237 vendico.
1666 1197 1824 1236 Patrem

355 1275 487 1301 rursus
509 1262 648 1301 eodem
667 1261 799 1300 modo.
856 1262 910 1300 At
929 1261 961 1299 si
980 1260 1045 1312 qui
1065 1274 1212 1307 eorum,
1239 1261 1278 1299 in
1297 1273 1395 1312 quos
1415 1259 1627 1312 inquiritur,
1647 1273 1736 1298 cum
1756 1273 1823 1299 eos

355 1338 521 1376 quorum
554 1331 647 1363 sunt
676 1324 892 1372 occultant,
921 1337 1057 1362 eorum
1088 1336 1181 1362 vero
1205 1336 1291 1363 esse
1319 1336 1407 1362 sese
1432 1336 1596 1375 quorum
1621 1336 1700 1362 non
1730 1329 1824 1363 sunt

353 1387 552 1438 simulant,
572 1401 618 1426 eo
650 1387 736 1439 ipso
762 1393 994 1438 argumento
1013 1399 1092 1424 non
1121 1385 1262 1438 injuria
1289 1385 1482 1437 peregrini
1502 1385 1606 1437 apud
1627 1398 1695 1431 vos
1719 1385 1824 1436 judi-

354 1457 518 1490 cantur:
548 1449 596 1489 de
616 1463 677 1488 me
698 1449 934 1489 contrarium
960 1449 1094 1501 utique
1122 1448 1368 1488 sentiendum
1396 1449 1479 1504 erit,
1500 1448 1623 1487 civem
1641 1461 1728 1487 esse
1747 1462 1823 1487 me.

356 1512 495 1564 Neque
529 1512 630 1550 enim
658 1512 905 1564 peregrinum
936 1519 975 1549 et
1001 1511 1242 1563 peregrinam
1262 1518 1445 1563 parentes
1464 1523 1550 1550 esse
1569 1523 1678 1550 meos
1706 1510 1824 1562 profi-

354 1574 489 1621 tendo,
509 1573 584 1611 frui
617 1573 774 1612 civitate
807 1573 1087 1612 instituissem:
1116 1573 1185 1611 sed
1219 1573 1251 1611 si
1283 1572 1379 1624 quid
1407 1573 1486 1612 tale
1517 1572 1610 1610 mihi
1639 1572 1822 1611 conscius

354 1648 498 1683 essem,
530 1635 814 1686 quaeritassem,
833 1648 997 1686 quorum
1029 1648 1090 1673 me
1119 1635 1240 1673 filium
1260 1647 1346 1673 esse
1377 1634 1559 1673 dicerem.
1618 1634 1698 1672 Sed
1726 1634 1823 1673 nihil

354 1710 461 1736 eram
480 1697 677 1736 conscius.
734 1698 980 1749 Quapropter
999 1710 1067 1736 eos
1094 1702 1285 1749 parentes,
1305 1696 1371 1748 qui
1391 1704 1493 1744 sunt,
1512 1702 1556 1735 ut
1574 1709 1729 1749 aequum
1748 1703 1822 1746 est,

354 1760 540 1808 retinens,
556 1759 649 1799 civis
669 1772 757 1798 esse
776 1760 931 1798 studeo.

411 1824 474 1861 14.
503 1823 527 1861 J
532 1836 593 1861 am
613 1821 686 1860 etsi
706 1821 878 1874 pupillus
896 1820 1053 1860 relictus
1081 1833 1181 1867 sum,
1202 1826 1331 1859 tamen
1360 1833 1424 1859 me
1443 1819 1580 1859 dicunt
1599 1832 1686 1858 esse
1713 1818 1823 1858 locu-

357 1885 518 1937 pletem,
539 1891 580 1924 et
609 1885 767 1924 testium
788 1884 981 1935 quosdam
1000 1891 1156 1936 propter
1175 1883 1439 1922 emolumenta
1465 1896 1506 1922 se
1526 1882 1619 1921 mihi
1636 1889 1826 1934 cognatos

355 1959 442 1986 esse
471 1947 614 1985 dicere.
671 1947 730 1985 Ita
762 1946 875 1985 simul
905 1953 945 1984 et
969 1946 1109 1998 probra
1134 1946 1376 1997 paupertatis
1405 1951 1444 1984 et
1473 1944 1626 1996 generis
1652 1944 1824 1983 obscuri-

353 2015 477 2047 tatem
497 2008 709 2061 objiciunt:
740 2007 854 2046 simul
886 2014 1045 2060 propter
1065 2007 1218 2046 divitias
1239 2007 1370 2046 omnia
1396 2007 1556 2046 mercari
1587 2020 1649 2045 me
1675 2006 1822 2045 dicunt.

354 2070 525 2110 Proinde
553 2078 641 2110 utra
668 2070 808 2109 horum
838 2070 894 2109 eis
924 2070 1120 2110 credenda
1139 2070 1257 2109 sunt?
1288 2069 1479 2109 Licuisset
1500 2069 1679 2108 nimirum
1699 2069 1769 2115 eis,
1792 2069 1824 2108 si

352 2132 578 2185 peregrinus
610 2138 679 2171 aut
708 2132 851 2171 nothus
883 2145 957 2184 ego
983 2145 1124 2180 essem,
1143 2132 1315 2171 omnium
1335 2145 1509 2171 mearum
1537 2145 1655 2184 opum
1685 2144 1824 2184 capere

352 2193 622 2234 hereditatem.
681 2195 792 2234 Itane
820 2194 861 2233 hi
893 2195 1064 2247 paucula
1094 2196 1284 2248 accipere,
1313 2200 1352 2234 et
1382 2194 1471 2233 falsi
1495 2193 1705 2233 testimonii
1726 2193 1822 2232 acti-

353 2270 470 2297 onem
490 2264 530 2296 et
554 2257 768 2310 periculum
798 2264 1039 2310 exspectare,
1061 2265 1099 2297 et
1124 2260 1312 2310 pejerare,
1345 2257 1511 2305 malunt,
1543 2270 1661 2309 quam
1691 2262 1822 2295 tenere

354 2318 498 2367 omnia,
517 2333 643 2371 eaque
670 2333 821 2364 secure,
842 2333 971 2371 neque
1001 2319 1091 2358 ullis
1112 2333 1153 2359 se
1174 2320 1264 2359 diris
1295 2326 1337 2358 et
1367 2319 1637 2358 devotionibus
1657 2317 1823 2357 obstrin-

356 2379 476 2431 gere?
512 2381 602 2419 Non
622 2382 677 2420 ita
694 2394 754 2420 res
773 2381 890 2420 habet
908 2381 1101 2420 nimirum.
1141 2382 1221 2421 Sed
1241 2381 1401 2434 cognati
1421 2394 1510 2420 cum
1530 2381 1619 2428 sint,
1639 2381 1707 2419 uni
1734 2395 1823 2421 suo-

351 2455 452 2490 rum,
471 2450 516 2481 ut
537 2449 686 2481 rectum
707 2449 779 2489 est,
800 2443 1051 2495 opitulantur.
1100 2444 1238 2496 Neque
1255 2445 1341 2483 haec
1359 2458 1466 2484 nunc
1485 2449 1636 2483 tantum
1653 2443 1822 2497 impulsu

354 2517 442 2543 meo
456 2504 620 2550 faciunt,
640 2504 709 2543 sed
726 2505 819 2543 dum
833 2505 1018 2556 puerulus
1038 2506 1249 2544 etiamnum
1267 2506 1335 2553 fui,
1350 2519 1412 2545 me
1433 2506 1563 2545 statim
1583 2505 1635 2544 ad
1654 2505 1821 2545 curiales

354 2566 564 2613 duxerunt,
592 2567 631 2604 in
654 2566 781 2605 aedem
801 2567 995 2619 Apollinis
1024 2567 1138 2620 patrii
1159 2568 1367 2615 duxerunt,
1387 2567 1426 2606 in
1446 2567 1596 2620 reliqua
1612 2567 1705 2606 item
1724 2575 1821 2607 tem-

353 2628 432 2680 pla.
489 2628 628 2680 Neque
654 2642 744 2667 vero
773 2642 847 2681 ego
880 2629 972 2667 dum
997 2643 1095 2681 puer
1119 2629 1189 2676 fui,
1211 2630 1265 2668 eis
1285 2630 1473 2682 persuasi,
1494 2636 1536 2668 ut
1563 2629 1632 2669 illa
1649 2629 1824 2670 facerent

355 2689 518 2737 scilicet,
534 2697 698 2742 argento
717 2689 823 2730 dato.
863 2691 943 2730 Sed
959 2698 999 2730 et
1015 2698 1127 2744 pater
1145 2691 1239 2730 dum
1253 2692 1364 2739 vixit,
1382 2691 1554 2743 legitimo
1568 2691 1822 2744 jurejurando

354 2750 448 2791 dato
478 2753 703 2801 curialibus,
723 2766 785 2792 me
813 2753 937 2792 civem
965 2753 1195 2807 introduxit,
1226 2767 1315 2792 eum
1342 2767 1389 2792 ex
1414 2753 1497 2793 cive
1528 2753 1722 2807 desponsa
1751 2754 1822 2793 sibi

354 2821 491 2853 natum
520 2816 648 2855 sciret.
706 2816 757 2854 Et
784 2815 872 2855 haec
893 2822 1013 2855 testes
1034 2816 1302 2874 affirmarunt5
1342 2815 1489 2856 Postea
1507 2829 1583 2869 ego
1602 2830 1688 2856 sum
1707 2830 1822 2870 pere-

352 2875 514 2926 grinus?
545 2877 620 2916 Ubi
637 2878 825 2917 tributum
851 2878 1127 2931 inquilinorum
1146 2877 1329 2931 pependi,
1347 2884 1415 2917 aut
1433 2878 1535 2918 ullus
1556 2892 1730 2919 meorum
1748 2893 1821 2919 un-

354 2939 498 2991 quam?
528 2940 696 2985 Quando
717 2940 767 2981 ad
786 2940 882 2982 alios
903 2941 1117 2993 municipes
1138 2940 1302 2990 accessi,
1321 2947 1361 2981 et
1388 2942 1508 2993 quum
1535 2941 1603 2990 eis,
1617 2948 1662 2981 ut
1681 2955 1742 2982 me
1760 2955 1821 2982 re-
