1915 3356
556 179 779 217 CONTRA
807 177 1167 216 TIMARCHUM.
1546 179 1590 215 31

136 278 408 318 Atheniensem
435 287 571 319 contra
596 282 703 333 leges
723 280 965 326 conduxerit,
986 280 1180 330 lapidibus
1212 281 1406 325 obruetur,
1427 285 1545 330 atque
1574 293 1595 316 e

128 339 276 390 judicio
297 341 486 388 discedet,
517 357 594 381 non
616 351 725 380 sexta
753 344 945 380 duntaxat
976 342 1178 378 aestimatae
1210 341 1285 379 litis
1313 348 1422 391 parte
1451 340 1594 378 conde-

133 408 300 448 mnatus,
321 404 390 440 sed
409 410 448 441 et
467 405 514 441 ob
541 405 813 442 contumeliam
834 402 1020 454 punitus?
1052 403 1196 440 Verum
1217 415 1295 439 non
1317 403 1390 446 ille,
1412 402 1479 439 sed
1499 415 1593 439 con-

129 462 272 501 ductus
293 464 400 502 litem
428 466 618 512 intendat,
638 472 678 503 et
697 465 852 515 sapiens
881 463 956 501 iste
978 463 1139 501 Batalus
1169 476 1324 500 causam
1348 463 1450 500 illius
1475 470 1592 513 agat:

131 529 175 560 ut
193 524 393 563 videamus
413 527 506 576 quid
527 527 700 564 dicturus
720 526 782 563 sit.
819 524 1018 563 Conduxit
1035 537 1110 570 me,
1135 523 1304 575 judices,
1325 524 1373 560 ad
1396 524 1594 561 libidinem

128 586 293 634 pecunia
308 600 389 633 sua,
409 588 627 638 quicunque
651 587 863 633 sit‚—nihil
883 587 982 625 enim
999 579 1175 631 interest,
1196 585 1226 621 si
1241 585 1296 622 ita
1315 585 1532 630 dicatur—,
1547 599 1593 622 ac

128 658 201 695 ego
221 648 350 685 omnia
368 655 406 685 et
425 648 512 694 feci,
533 654 573 685 et
591 647 717 686 adhuc
738 648 851 693 facio,
873 654 916 684 ut
943 646 1086 684 tabulae
1102 646 1256 697 jubent,
1282 659 1369 696 quae
1391 653 1516 682 scorto
1537 645 1592 683 fa-

128 707 267 745 cienda
294 715 397 746 sunt.
433 709 511 747 Iste
533 716 660 747 autem
685 709 802 747 fidem
821 708 979 759 frangit.
1026 708 1166 745 Nonne
1187 720 1277 745 vero
1303 719 1488 757 magnum
1515 707 1594 743 cla-

125 781 270 805 morem
295 770 435 807 tollent
458 770 642 821 judices?
672 771 769 814 Quis
790 771 892 808 enim
918 783 997 807 non
1027 768 1131 807 dicet
1145 783 1156 819 :y
1184 776 1225 807 et
1251 769 1381 806 adhuc
1409 769 1446 805 in
1467 768 1594 805 forum

126 829 284 879 prodit?
313 831 394 869 Aut
422 844 603 869 coronam
636 831 792 883 gestat?
834 833 918 869 Aut
950 831 1095 881 aliquid
1121 844 1253 868 eorum
1287 830 1368 881 agit
1396 837 1483 880 quae
1513 843 1592 867 non

125 891 306 941 agimus?
328 893 463 943 Itaque
475 893 583 931 nulla
598 900 660 931 est
676 893 909 945 syngraphae
926 893 1086 930 utilitas.
1119 892 1234 930 Unde
1249 899 1379 929 autem
1393 891 1596 929 inoleverit

123 954 370 991 consuetudo
389 954 469 1001 illa,
492 962 534 992 ut
554 955 716 1001 dicatur,
739 955 931 1006 quosdam
951 969 998 993 ex
1023 955 1166 992 tabulis
1187 956 1246 992 sui
1267 955 1401 991 fecisse
1428 954 1591 1004 copiam,

116 1013 200 1064 jam
227 1015 445 1065 explicabo.
475 1017 645 1058 Quidam
668 1017 1007 1054 civium—nomen
1031 1023 1156 1062 taceo,
1177 1016 1348 1053 vitandae
1369 1015 1593 1053 offensionis

118 1077 404 1115 causa—nulla
424 1091 555 1115 earum
584 1090 711 1115 rerum
742 1077 879 1115 habita
907 1077 1068 1123 ratione,
1092 1090 1187 1128 quas
1218 1077 1336 1128 paulo
1367 1084 1456 1115 ante
1486 1078 1591 1128 apud

119 1150 189 1175 vos
211 1140 522 1185 commemoravi,
552 1138 672 1176 fertur
703 1146 840 1177 contra
859 1138 1093 1189 pactionem,
1119 1138 1224 1190 apud
1244 1139 1440 1176 Anticlem
1465 1140 1592 1185 sitam,

122 1211 164 1236 se
182 1199 449 1249 prostituisse:
481 1207 520 1237 et
538 1200 570 1238 is
594 1201 752 1251 quidem
773 1213 851 1237 non
872 1200 988 1238 homo
1009 1200 1200 1251 plebeius,
1222 1200 1292 1238 sed
1311 1200 1592 1251 rempublicam

121 1260 419 1299 administrans:
450 1262 615 1311 quicum
634 1262 801 1299 dicteriis
822 1261 963 1299 incessi
978 1261 1114 1307 soleat,
1136 1261 1280 1306 effecit,
1302 1268 1346 1299 ut
1364 1262 1449 1299 haec
1469 1262 1592 1300 oratio

121 1321 168 1359 de
188 1335 294 1360 more
313 1328 566 1374 usurparetur
585 1323 624 1360 in
645 1324 764 1361 urbe:
795 1336 919 1374 eaque
940 1323 988 1360 de
1009 1335 1130 1360 causa
1157 1323 1314 1373 quidam
1335 1322 1589 1374 interrogent,

119 1396 169 1421 an
197 1397 259 1422 res
280 1398 337 1422 ex·
361 1384 586 1435 syngrapha
613 1384 662 1423 sit
680 1385 869 1436 peracta?
908 1384 1126 1436 Legislator
1157 1390 1287 1421 autem
1313 1397 1392 1421 non
1427 1386 1588 1431 curavit,

119 1458 196 1496 quo
215 1452 329 1496 pacto
349 1459 410 1484 res
431 1446 537 1484 facta
555 1446 604 1484 sit
621 1459 630 1484 ε
671 1447 741 1484 sed
762 1446 793 1484 si
812 1446 891 1484 ullo
911 1453 1026 1498 pacto
1040 1445 1182 1484 locatio
1204 1446 1478 1493 intercesserit,
1500 1460 1587 1484 eum

117 1506 406 1554 condemnavit,
421 1507 487 1558 qui
507 1507 680 1545 dedecus
702 1508 739 1544 in
758 1521 845 1545 sese
865 1508 1031 1546 admisit.

173 1570 236 1606 33.
268 1569 366 1612 Quae
392 1568 567 1620 quamvis
598 1562 676 1606 tani
706 1555 837 1620 aperte
868 1569 1082 1606 constituta
1103 1568 1192 1615 sint,
1227 1575 1356 1606 tamen
1384 1582 1407 1606 a
1438 1568 1585 1606 Demo-

116 1630 252 1669 sthene
269 1631 400 1669 multae
421 1631 626 1668 verborum
645 1631 909 1669 cavillationes
929 1631 1234 1681 interponentur.
1267 1631 1328 1667 Ac
1352 1643 1408 1668 eae
1429 1630 1586 1680 quidem

114 1691 352 1743 imposturae,
372 1705 470 1743 quas
498 1693 552 1730 rei
572 1699 713 1730 natura
730 1692 919 1744 postulat,
939 1693 1108 1743 aequiore
1129 1692 1257 1730 animo
1280 1693 1367 1730 ferri
1394 1700 1559 1742 possunt
1576 1706 1585 1730 ε

115 1767 212 1805 quas
232 1768 324 1793 vero
343 1755 587 1792 extrinsecus
612 1755 804 1799 infarciet‚
828 1754 877 1792 ad
891 1754 979 1805 jura
1006 1754 1172 1791 civitatis
1202 1753 1502 1804 corrumpenda,
1528 1765 1585 1790 eae

115 1816 271 1854 demum
291 1816 419 1866 dignae
439 1822 532 1854 sunt
549 1816 764 1854 iracundia.
798 1817 997 1866 Frequens
1013 1816 1117 1853 enim
1138 1816 1210 1853 erit
1228 1815 1398 1866 Philippi
1414 1815 1583 1852 mentio:

115 1877 392 1915 admiscebitur
421 1877 535 1915 etiam
569 1890 710 1915 nomen
743 1878 851 1929 pueri
872 1877 1100 1915 Alexandri.
1149 1877 1250 1914 Nam
1279 1883 1420 1927 praeter
1454 1883 1585 1914 cetera

114 1940 231 1986 mala,
251 1940 325 1978 iste
345 1952 368 1977 a
386 1940 506 1977 musis
527 1939 676 1978 alienus
704 1946 744 1977 et
770 1939 877 1977 rudis
897 1939 1012 1977 horno
1042 1946 1114 1976 est.
1165 1939 1267 1976 Nam
1287 1939 1460 1976 oratione
1489 1938 1583 1975 Phi-

111 2001 260 2052 lippum
293 2000 569 2052 perstringere,
601 2007 662 2038 est
682 2000 779 2038 illud
811 2000 968 2051 quidem
1000 2000 1164 2038 inscitiae
1186 2007 1226 2037 et
1253 2000 1582 2051 importunitatis:

113 2063 239 2100 minus
257 2069 388 2100 tamen
409 2062 594 2100 delictum
616 2075 662 2100 eo
681 2062 788 2112 quod
817 2063 992 2099 dicturus
1013 2074 1111 2098 sum.
1147 2061 1248 2099 Nam
1269 2061 1304 2098 ei
1325 2074 1440 2112 quern
1459 2062 1582 2099 virum

114 2137 201 2162 esse
215 2129 382 2168 constat,
398 2123 574 2161 convicia
589 2123 706 2170 dicet,
720 2136 810 2161 cum
832 2122 914 2174 ipse
934 2123 990 2160 vir
1010 2135 1089 2160 non
1109 2122 1172 2159 sit.
1204 2122 1303 2160 Cum
1323 2135 1414 2160 vero
1428 2123 1582 2173 excogi-

112 2185 205 2223 tatis
219 2185 257 2222 in
276 2197 438 2236 puerum
452 2184 771 2223 translationibus
792 2185 1011 2230 verborum,
1026 2192 1160 2235 turpes
1182 2183 1423 2234 suspiciones
1440 2184 1581 2235 injece-

110 2246 172 2291 rit,
187 2246 389 2284 ridiculam
408 2246 524 2283 faciet
543 2246 753 2284 civitatem.
784 2245 908 2288 Quasi
921 2245 1022 2282 enim
1039 2244 1208 2282 rationes
1225 2245 1342 2283 obitae
1358 2245 1580 2296 legationis,

111 2321 208 2360 quas
227 2307 449 2346 redditurus
470 2320 568 2354 sum,
589 2307 753 2345 laesurus
782 2307 857 2344 ait:
888 2320 976 2344 cum
1003 2306 1082 2357 ipse
1113 2319 1236 2357 nuper
1266 2306 1370 2357 apud
1402 2313 1579 2345 senatum

111 2369 160 2407 de
176 2382 300 2420 puero
322 2368 550 2406 Alexandro
570 2368 747 2415 dixisset,
766 2382 854 2407 eum
874 2368 912 2406 in
933 2368 1221 2419 compotatione
1240 2375 1373 2405 nostra
1391 2368 1579 2407 citharam

110 2432 304 2483 pulsasse,
333 2438 373 2469 et
391 2430 498 2469 dicta
517 2430 697 2482 quaedam
719 2430 920 2476 recitasse,
942 2436 982 2467 et
1004 2442 1092 2467 cum
1113 2429 1188 2466 alio
1210 2443 1330 2480 puero
1355 2443 1442 2467 esse
1459 2444 1580 2469 aemu-

109 2493 256 2532 latum:
290 2505 457 2543 cumque
471 2492 520 2530 de
540 2492 601 2529 his
615 2491 707 2542 quid
722 2491 895 2537 sentiret,
913 2490 1017 2542 apud
1032 2500 1210 2528 senatum
1227 2491 1488 2542 exposuisset,
1510 2492 1579 2530 do-

109 2554 229 2593 luisse
248 2567 325 2600 me,
355 2567 433 2592 non
453 2560 498 2592 ut
519 2553 725 2605 legationis
755 2553 962 2605 collegam,
983 2553 1053 2590 sed
1074 2559 1118 2590 ut
1137 2552 1244 2603 pueri
1272 2560 1496 2604 cognatum,
1529 2555 1577 2591 ob

107 2616 177 2654 illa
190 2615 363 2654 dicteria.
383 2615 469 2667 Ego
481 2622 572 2653 vero
589 2628 676 2653 cum
687 2615 910 2653 Alexandro
925 2627 1003 2652 non
1019 2614 1238 2652 collocutus
1253 2627 1337 2651 sum
1356 2615 1404 2651 ob
1421 2621 1578 2652 aetatem

110 2677 224 2721 illius,
255 2676 476 2728 Philippum
497 2684 626 2715 autem
653 2690 757 2714 nunc
788 2677 836 2714 ob
869 2675 1054 2714 orationis
1086 2675 1400 2712 commoditatem
1432 2675 1550 2713 laudo
1567 2689 1575 2713 :

111 2739 179 2790 qui
202 2728 235 2776 s⁵i
257 2750 296 2775 re
320 2737 406 2788 ipsa
425 2738 480 2776 sic
506 2751 600 2790 erga
617 2751 687 2777 vos
707 2751 749 2777 se
777 2737 943 2789 gesserit
968 2743 1013 2774 ut
1034 2749 1138 2774 nunc
1161 2736 1330 2787 benigne
1357 2735 1575 2786 pollicetur,

111 2807 234 2838 tutam
264 2805 304 2837 et
321 2798 472 2837 facilem
493 2800 635 2840 efficiet
650 2799 836 2838 laudandi
865 2798 921 2837 sui
950 2798 1148 2836 rationem.
1199 2797 1414 2848 objurgavi
1445 2804 1575 2835 autem

112 2860 418 2900 Demosthenem
439 2860 479 2899 in
497 2862 618 2909 curia,
640 2874 718 2901 non
741 2860 849 2912 pueri
871 2859 1096 2898 demerendi
1117 2871 1249 2904 causa,
1280 2858 1363 2903 sed,
1384 2858 1487 2908 quod
1509 2871 1574 2897 ex-
