1948 3306
262 178 336 214 104
720 177 781 215 IN
812 177 1259 217 CTESIPHONTEM.

254 281 379 319 tiones
410 281 640 319 adversariis
661 282 884 334 impertiret,
906 288 1068 334 repente
1087 281 1126 319 in
1149 287 1378 332 suggestum
1399 280 1577 332 prosiliit.
1622 281 1722 319 Cum

256 343 449 393 ingentem
472 356 495 380 a
513 342 669 381 ciVitate
689 345 897 395 pecuniam
918 344 1146 395 accepisset,
1167 343 1416 394 perpusillam
1439 343 1511 380 sibi
1537 343 1725 393 reliquam

255 403 361 442 fecit.
405 404 522 442 Nunc
544 418 635 443 vero
665 419 799 444 aurum
821 408 952 457 regale
974 414 1152 458 sumptus
1184 407 1265 457 ejus
1298 407 1489 443 exhaustos
1508 405 1725 448 inundavit,

256 466 323 503 sed
347 479 471 516 neque
492 466 567 504 hoc
580 467 734 518 quidem
753 469 846 506 satis
862 468 933 505 erit
953 481 962 505 :
997 469 1116 505 nullae
1136 467 1236 506 enim
1252 479 1420 521 unquam
1438 466 1581 505 divitiae
1599 479 1726 516 pravae

255 528 393 565 indolis
414 528 614 566 libidinem
649 536 944 580 exsuperarunt.
1006 531 1069 568 Ad
1090 543 1291 574 summam,
1313 529 1430 567 vitam
1462 542 1542 567 non
1563 542 1612 567 ex
1647 528 1728 566 suis

255 590 523 640 vectIgalibus,
544 592 615 629 sed
630 592 766 629 vestris
787 604 834 629 ex
853 592 1034 642 periculis
1055 598 1260 629 sustentat.
1305 591 1422 633 Quod
1442 590 1492 632 ad
1511 589 1726 628 bonitatem

256 658 386 689 autem
418 653 555 690 mentis
575 653 812 703 dicendique
841 652 1068 691 facultatem
1098 653 1247 699 attinet,
1283 653 1437 704 qualem
1468 665 1558 691 eum
1585 660 1726 690 natura

255 713 396 751 finxit?
427 714 612 752 Oratione
645 714 846 758 disertum,
876 715 956 752 vita
988 722 1156 766 turpem.
1195 714 1254 752 Ita
1279 715 1381 752 enim
1410 727 1569 766 corpore
1601 726 1673 752 suo
1703 726 1727 750 a

255 788 377 826 puero
398 783 457 813 est
476 776 634 821 abusus,
656 782 700 813 ut
703 777 879 827 flagitia,
901 790 989 828 quae
1009 777 1047 814 in
1072 790 1113 814 se
1139 775 1307 822 admisit,
1327 776 1472 814 nollem
1507 787 1724 827 exponere:

254 837 332 874 vidi
352 837 454 874 enim
469 837 551 888 jam
569 844 673 884 ante,
693 837 824 875 odium
845 850 930 875 esse
950 843 1186 875 consecutos
1207 850 1274 875 eos
1293 837 1360 888 qui
1378 837 1591 875 vicinorum
1606 837 1726 875 dede-

256 911 347 936 cora
366 898 479 936 nimis
500 906 632 950 aperte
661 899 920 937 declararunt.
980 900 1056 937 Sed
1078 899 1172 950 quid
1193 899 1351 938 tandem
1379 913 1422 936 ex
1441 900 1506 937 hac
1524 900 1728 949 eloquentia

254 960 401 998 civitati
420 961 634 1011 quaeritur?
665 961 861 1000 Praeclara
879 963 1011 1008 verba,
1033 962 1137 1000 facta
1157 961 1318 999 humilia
1336 968 1453 1012 atque
1472 961 1637 1014 abjecta.

308 1023 373 1060 58.
404 1023 495 1061 Jam
517 1023 565 1060 de
586 1022 812 1061 fortitudine
833 1037 900 1074 per
919 1023 1011 1061 mihi
1030 1024 1158 1062 brevis
1179 1029 1301 1061 restat
1320 1023 1455 1061 oratio.
1493 1023 1595 1062 Nam
1614 1023 1646 1062 si
1663 1024 1726 1063 vel

254 1096 295 1122 se
316 1084 399 1135 ipse
418 1084 602 1135 ignavum
624 1098 712 1124 esse
733 1093 893 1136 negaret
911 1085 973 1123 vel
994 1098 1063 1124 vos
1083 1085 1299 1131 nesciretis,
1333 1085 1478 1124 diutius
1509 1092 1615 1124 esset
1632 1085 1727 1123 mihi

252 1145 292 1183 in
318 1145 392 1184 hoc
414 1146 501 1184 loco
522 1147 841 1184 commorandum
860 1160 869 1185 ε
899 1160 1003 1185 nunc
1024 1155 1151 1186 autem
1172 1147 1330 1198 quando
1351 1153 1392 1185 et
1415 1147 1498 1198 ipse
1517 1147 1662 1185 fatetur
1685 1147 1727 1184 in

251 1208 505 1246 concionibus
534 1205 684 1260 Vosque
704 1223 840 1248 omnes
862 1210 1094 1261 intelligitis,
1114 1210 1304 1261 reliquum
1336 1216 1397 1248 est
1416 1216 1461 1248 ut
1487 1210 1611 1261 leges,
1638 1215 1726 1261 quae

251 1269 312 1307 his
333 1270 381 1307 de
397 1271 513 1309 rebus
529 1271 618 1309 latae
635 1279 738 1317 sunt,
759 1272 868 1310 vobis
885 1272 923 1310 in
940 1274 1162 1311 memoriam
1179 1273 1366 1323 redigam.
1399 1272 1518 1310 Solon
1535 1272 1639 1310 enim
1656 1286 1725 1310 an-

252 1331 383 1382 tiquus
403 1332 468 1370 ille
493 1332 696 1383 legislator
715 1333 852 1371 iisdem
874 1335 998 1385 poenis
1018 1334 1208 1385 obstringi
1228 1333 1370 1372 debere
1399 1335 1551 1372 censuit
1573 1340 1612 1372 et
1635 1348 1725 1373 eum

220 1406 229 1411 ⁴
251 1393 317 1444 qui
333 1394 508 1432 militiam
528 1394 764 1433 detrectaret
783 1402 820 1433 et
851 1409 939 1433 eum
970 1396 1035 1447 qui
1063 1397 1114 1434 de
1141 1397 1305 1434 statione
1337 1396 1546 1434 decederet
1571 1402 1611 1434 et
1637 1409 1726 1434 eum

252 1455 367 1493 simul
387 1455 453 1506 qui
483 1456 642 1495 timidus
672 1457 782 1494 miles
813 1457 888 1495 sit:
922 1458 1064 1495 dantur
1092 1457 1194 1495 enim
1223 1463 1263 1495 et
1294 1456 1510 1496 timiditatis
1539 1457 1725 1496 action-es.

251 1517 373 1567 Atqui
393 1518 592 1555 mirabitur
618 1518 784 1556 fortasse
807 1519 1015 1570 quispiam,
1029 1519 1164 1557 ‘etiam
1184 1526 1342 1570 propter
1371 1526 1521 1557 naturae
1548 1520 1727 1571 defectum

250 1580 425 1618 actiones
448 1593 536 1617 esse
562 1580 813 1619 constitutas.
865 1581 979 1618 Sunt.
1029 1581 1135 1624 Quid
1166 1580 1247 1619 ita?
1279 1581 1337 1619 Ut
1364 1581 1633 1632 unusquisque
1656 1595 1726 1621 no-

248 1647 371 1678 strum
404 1654 539 1692 poenas
566 1641 720 1693 legibus
748 1643 938 1693 irrogatas
964 1643 1089 1694 magis
1121 1655 1239 1694 quam
1267 1642 1422 1681 hostem
1454 1643 1724 1691 extimescens,

249 1710 359 1741 tanto
380 1703 517 1741 fortius
536 1717 607 1754 pro
628 1704 753 1755 patria
773 1711 1010 1756 propugnet.
1067 1704 1286 1756 Legislator
1305 1705 1434 1756 itaque
1454 1718 1543 1743 eum
1568 1706 1635 1756 qui
1654 1707 1726 1744 mi-

248 1765 369 1803 litiam
391 1766 653 1817 subterfugiat
672 1773 712 1804 et
732 1766 912 1804 timidum
938 1773 978 1805 et
1002 1766 1242 1806 desertorem
1263 1766 1491 1805 lustralibus
1521 1769 1626 1807 vasis
1653 1769 1725 1807 fori

248 1827 440 1878 prohibet,
461 1834 501 1865 et
525 1840 669 1866 corona
690 1828 827 1867 donari
846 1835 952 1867 vetat
971 1835 1011 1866 et
1040 1828 1238 1867 sacrificiis
1258 1835 1364 1868 arcet
1391 1829 1550 1880 publico
1568 1832 1724 1870 nomine

247 1890 458 1928 institutis:
489 1897 532 1928 tu
552 1903 643 1928 vero
664 1904 753 1928 eum
775 1905 847 1929 nos
863 1904 1012 1929 corona
1027 1891 1174 1930 donare
1183 1892 1314 1942 jubes,
1329 1892 1392 1929 cui
1411 1904 1593 1930 coronam
1612 1893 1723 1944 leges

247 1951 499 1997 interdicunt,
527 1959 672 2004 tuoque
700 1952 858 1991 decreto
888 1953 1085 1990 homiuem
1105 1953 1415 2004 indignissimum
1436 1953 1540 1992 ludis
1563 1955 1724 2005 tragicis

247 2013 287 2051 in
309 2013 546 2052 orchestram
574 2014 750 2061 arcessis,
784 2015 823 2051 in
844 2014 1033 2066 templum
1062 2015 1187 2053 Liberi
1216 2015 1337 2067 patris
1357 2028 1446 2053 eum
1466 2016 1624 2063 deducis,
1657 2018 1724 2068 qui

247 2075 455 2114 timiditate
477 2089 549 2114 sua
569 2076 717 2128 templa
735 2076 920 2127 prodidit.
967 2077 1047 2115 Sed
1076 2089 1125 2115 ne
1144 2090 1213 2116 vos
1244 2091 1268 2116 a
1292 2077 1492 2129 proposito
1518 2077 1724 2126 divertam,

245 2137 360 2176 facite
378 2138 491 2176 vobis
526 2138 564 2176 in
585 2145 753 2176 mentem
782 2139 927 2184 veniat,
949 2152 1039 2177 curn
1067 2152 1109 2177 se
1135 2138 1228 2178 dicit
1256 2152 1339 2178 esse
1368 2139 1612 2192 popularem,
1643 2153 1723 2180 non

245 2201 459 2238 orationem
480 2201 566 2251 ejus
594 2201 665 2239 sed
685 2201 802 2240 vitam
834 2207 1027 2252 spectare,
1054 2214 1183 2253 neque
1204 2215 1321 2253 quem
1350 2214 1392 2240 se
1418 2214 1505 2240 esse
1523 2201 1722 2253 praedicet,

245 2261 316 2299 sed
337 2262 423 2312 quis
446 2263 507 2307 sit,
530 2263 733 2301 attendite.

300 2324 368 2361 59.
399 2324 544 2361 Verum
559 2324 739 2374 quoniam
761 2324 800 2362 in
816 2337 1050 2363 coronarum
1070 2331 1110 2363 et
1134 2325 1384 2375 praemiorum
1402 2324 1643 2364 mentionem
1661 2326 1721 2365 in-

244 2385 334 2433 cidi,
351 2392 563 2437 antequam
580 2386 672 2423 mihi
689 2400 710 2424 e
726 2387 913 2425 memoria
931 2386 1099 2433 excidat,
1119 2386 1292 2438 praedico
1308 2386 1433 2434 vobis,
1449 2386 1721 2436 Athenienses,

244 2447 319 2485 nisi
347 2448 430 2486 haec
457 2448 618 2499 praemia
636 2448 785 2486 infinita
810 2456 851 2487 et
880 2456 1027 2486 temere
1059 2461 1271 2487 concessas
1298 2462 1461 2487 coronas
1493 2450 1720 2501 reprimens,

239 2522 367 2560 neque
388 2523 455 2548 eos
488 2523 587 2561 quos
606 2509 753 2548 honore
775 2510 930 2548 afficitis
953 2511 1118 2561 gratiam
1143 2510 1252 2548 vobis
1271 2510 1488 2558 habituros,
1514 2523 1641 2563 neque
1659 2524 1719 2550 res

243 2571 409 2610 civitatis
429 2573 608 2611 meliores
635 2571 732 2610 fore.
787 2573 992 2624 Improbos
1015 2572 1117 2610 enim
1137 2586 1337 2624 nunquam
1361 2573 1403 2610 in
1422 2572 1560 2610 melius
1590 2580 1720 2613 muta-

241 2635 346 2680 bitis,
369 2637 492 2674 bonos
511 2636 561 2674 ad
583 2649 775 2674 summam
801 2636 1113 2687 desperationem
1139 2636 1320 2686 adigetis.
1377 2636 1477 2673 Vere
1497 2635 1583 2674 haec
1604 2649 1628 2675 a
1654 2650 1718 2676 me

242 2697 335 2747 dici,
359 2698 510 2749 magnis
531 2711 592 2736 me
612 2698 722 2736 vobis
742 2697 980 2749 argumentis
997 2703 1300 2736 monstraturum
1316 2704 1425 2748 puto.
1484 2696 1525 2735 Si
1544 2697 1630 2750 quis
1648 2711 1718 2737 vos

241 2766 368 2810 roget,
388 2760 640 2807 Athenienses,
661 2768 789 2798 utrum
801 2760 862 2798 his
876 2760 1117 2811 temporibus
1137 2765 1272 2797 nostra
1293 2758 1430 2797 civitas
1450 2758 1574 2809 gloria
1592 2760 1718 2811 magis

240 2821 378 2860 florere
401 2822 577 2861 videatur
606 2835 656 2860 an
684 2823 876 2874 majorum
904 2828 1141 2867 nostrorum,
1172 2833 1309 2859 omnes
1339 2820 1457 2859 credo
1486 2833 1716 2861 assensuros

241 2889 357 2921 aetate
377 2884 567 2935 majorum
584 2885 763 2935 insignius
778 2885 1044 2936 eamfloruisse.
1081 2884 1222 2921 Utrum
1235 2889 1330 2921 tunc
1346 2884 1529 2934 temporis
1547 2896 1598 2921 an
1612 2896 1716 2922 nunc

241 2945 310 2983 viri
341 2946 550 2984 meliores?
581 2946 695 2985 Tunc
728 2946 886 2997 quidem
915 2946 1171 2992 excellentes,
1202 2957 1306 2983 nunc
1338 2944 1456 2995 longe
1489 2944 1713 2984 deteriores.
