1965 3356
0 3083 25 3356 m4-2

394 221 449 259 IN
479 221 754 260 EVERGUM
786 220 854 259 ET
885 218 1269 258 MNESIBULUM.
1487 219 1569 256 663

112 324 242 364 centia
273 337 362 364 mea
393 324 444 364 ad
469 338 537 364 vos
572 323 829 376 ingrediebar.
888 323 958 362 Ille
989 330 1121 363 autem
1153 323 1305 375 prolato
1338 323 1572 370 testimonio,

114 386 218 438 quod
251 399 364 424 nemo
388 387 485 425 alius
505 387 665 433 dixerat,
684 385 755 423 nisi
775 385 893 424 frater
914 386 997 438 ejus
1021 392 1061 424 et
1083 385 1222 432 affinis,
1243 386 1308 436 qui
1329 386 1575 424 affirmabant

113 447 281 486 voluisse
314 462 401 487 eum
433 449 584 487 tradere
613 448 824 494 mulierem,
845 448 1092 499 simplicitate
1122 447 1303 485 simulata
1333 448 1488 498 decepit
1512 450 1575 495 ju-

111 509 231 548 dices.
289 510 386 549 Rem
402 517 529 548 autem
542 510 690 561 justam
707 523 729 547 a
745 509 853 547 vobis
873 523 1023 561 precor,
1041 517 1083 548 ut
1103 509 1216 547 simul
1232 516 1272 548 et
1287 509 1335 546 de
1352 510 1574 547 testimonio

113 573 390 624 pronunciefis,
410 586 590 611 verumne
610 586 658 610 an
682 572 819 610 falsum
844 572 905 618 sit,
927 572 1042 610 simul
1063 572 1179 610 etiam
1200 585 1278 610 rem
1300 571 1422 621 ipsam
1449 571 1497 608 de
1518 572 1576 608 in-

115 641 223 686 tegro
243 634 508 674 consideretis.
563 635 622 672 Ac
643 647 717 685 ego
737 633 895 684 quidem
917 634 966 672 ad
984 647 1070 686 quae
1086 635 1178 684 jura
1196 640 1275 671 tum
1304 632 1368 670 ille
1387 632 1576 682 confugit,

114 710 162 735 ex
181 697 228 735 iis
247 710 349 735 nunc
368 697 416 734 de
435 697 596 734 veritate
616 710 747 735 causae
768 697 1017 734 statuendum
1047 710 1133 735 esse
1153 709 1309 740 censeo,
1329 694 1507 733 habenda
1527 694 1577 732 de

114 759 275 797 muliere
295 759 524 810 quaestione,
546 765 630 797 uter
658 759 759 810 prior
783 772 852 810 per
873 759 1049 811 injuriam
1070 758 1178 797 alteri
1193 771 1331 796 manus
1352 756 1579 795 attulerit—-

115 834 163 859 ea
180 821 281 858 enim
301 827 363 858 est
380 821 674 864 verberatio—3
706 827 746 858 et
763 827 886 859 testes
916 828 1121 873 propterea
1147 820 1233 858 falsi
1256 819 1464 858 testimonii
1491 831 1578 856 reos

114 895 204 934 ago,
225 882 328 934 quod
346 883 539 922 testificati
561 891 652 921 sunt
670 883 962 935 Theophemum
991 884 1143 922 tradere
1166 883 1337 921 voluisse
1365 881 1579 928 mulierem,

114 958 201 984 cum
226 958 368 998 corpus
387 946 490 984 illius
511 959 702 997 nusquam
724 947 906 994 traderet,
921 960 1049 998 neque
1069 947 1231 998 primum
1253 944 1357 996 apud
1379 944 1578 989 arbitrum,

113 1021 241 1059 neque
253 1015 389 1060 postea
407 1021 510 1060 saepe
532 1022 555 1046 a
568 1022 629 1047 me
643 1009 896 1060 postulatum.
927 1009 1086 1060 Duplex
1102 1008 1218 1060 igitur
1233 1008 1286 1046 eis
1302 1020 1416 1059 poena
1434 1006 1582 1044 luenda

116 1076 230 1116 esset,
267 1076 350 1108 tum
383 1070 486 1121 quod
519 1071 681 1108 Judices
715 1070 949 1122 deceperunt
968 1071 1084 1109 ‘falsis
1118 1070 1349 1109 testimoniis
1388 1067 1579 1114 exhibitis,

118 1194 315 1240 servienti,
334 1200 375 1232 et
391 1194 577 1246 mandata
604 1195 846 1246 exsequenti,
866 1202 904 1233 et
922 1195 1074 1245 legibus
1097 1207 1142 1233 ac
1161 1194 1328 1232 decretis
1348 1192 1487 1231 vestris
1512 1192 1583 1230 ob-

114 1256 359 1307 temperanti.

171 1319 234 1356 14.
255 1318 305 1356 Et
323 1323 368 1355 ut
382 1322 538 1356 constet
550 1330 628 1355 non
644 1330 705 1355 me
724 1317 849 1355 solum
865 1317 1063 1370 accepisse
1077 1317 1152 1356 hoc
1168 1329 1310 1355 munus
1328 1330 1351 1354 a
1367 1314 1583 1367 republica,

115 1387 161 1419 ut
187 1382 235 1419 ab
255 1381 593 1419 isto'armamenta
612 1394 699 1432 quae
719 1380 878 1418 deberet
902 1393 1160 1432 reposcerem,
1187 1379 1257 1418 sed
1286 1385 1325 1417 et
1351 1378 1447 1416 alios
1477 1377 1586 1415 trier-

117 1443 256 1482 archos
286 1444 334 1481 ab
363 1443 449 1482 aliis
476 1456 575 1494 quos
603 1444 642 1482 in
669 1443 863 1481 mandatis
893 1449 1128 1495 acceperant
1155 1441 1346 1494 exegisse,
1373 1440 1459 1492 lege
1491 1438 1584 1477 mihi

117 1519 252 1545 eorum
271 1505 503 1545 testimonia.

664 1634 1034 1673 TESTIMONIA.

175 1724 238 1761 15.
258 1721 433 1761 Narrabo
453 1721 563 1760 vobis
582 1722 709 1767 etiam,
726 1722 906 1771 Judices,
927 1734 1003 1772 quo
1026 1726 1139 1772 pacto
1157 1720 1204 1757 ab
1224 1718 1279 1757 eis
1297 1723 1486 1756 tractatus
1501 1717 1586 1756 sim.

118 1784 338 1835 onudicio
364 1783 487 1822 victus
515 1785 562 1822 ab
591 1783 671 1830 illo,
687 1791 843 1836 propter
860 1783 964 1834 quod
993 1790 1113 1821 testes
1143 1782 1237 1819 istos
1265 1781 1353 1818 falsi
1379 1779 1588 1818 testimonii

118 1860 205 1885 reos
225 1859 313 1897 ago,
335 1846 496 1884 conveni
517 1845 824 1897 Theophemum,
851 1858 939 1884 cum
963 1845 1045 1896 jam
1075 1843 1253 1895 praefiniti
1283 1843 1374 1881 mibi
1402 1842 1587 1893 temporis

121 1908 207 1947 finis
222 1954 224 1959 Ι
241 1909 416 1954 instaret,
437 1915 696 1959 precatusque
718 1921 801 1945 sum
822 1914 865 1945 ut
893 1907 984 1945 mihi
1015 1919 1170 1958 parvam
1193 1918 1337 1954 moram
1359 1904 1587 1955 largiretur:

119 1970 295 2009 dicebam
317 1969 373 2018 (id
393 1970 499 2021 quod
531 1983 664 2008 verum
686 1970 783 2018 erat)
813 1969 1038 2020 conquisitis
1059 1968 1238 2013 nummis,
1260 1981 1357 2018 quos
1390 1967 1423 2004 ei
1453 1979 1590 2003 nurne-

119 2041 273 2072 raturus
293 2032 465 2079 fuissem,
483 2033 672 2071 accidisse
689 2040 732 2071 ut
747 2032 838 2070 mihi
858 2032 1022 2070 triremis
1044 2030 1283 2077 instruenda,
1301 2037 1339 2068 et
1360 2029 1589 2067 festinanter

119 2096 311 2135 mittenda
330 2102 456 2140 esset;
486 2096 592 2147 quod
612 2095 866 2135 Alcimachus
882 2095 1093 2146 imperator
1110 2093 1234 2131 navim
1259 2092 1408 2131 solvere
1421 2092 1589 2143 juberet.

122 2159 190 2197 Me
203 2159 321 2210 igitur
335 2159 501 2210 pecunia
520 2159 558 2196 in
578 2172 666 2197 eum
686 2172 797 2196 usum
814 2165 963 2203 coacta,
981 2164 1025 2195 ut
1038 2155 1288 2207 Theophemo
1309 2160 1591 2198 numeraretur,

122 2235 169 2259 eo
187 2234 273 2260 esse
293 2222 481 2259 abusum:
521 2222 707 2273 rogabam
735 2228 780 2259 ut
797 2221 1012 2259 terminum
1044 2220 1233 2271 proferret
1260 2231 1306 2256 eo
1335 2230 1475 2268 usque,
1497 2216 1589 2253 dum

122 2297 262 2322 navem
292 2283 549 2335 ablegassem.
596 2284 634 2321 Is
654 2297 742 2321 vero
756 2283 849 2321 mihi
864 2282 1040 2335 expedite
1059 2288 1097 2320 et
1114 2280 1340 2332 simpliciter
1359 2279 1592 2330 respondet:

122 2345 259 2384 nihil
296 2352 456 2393 vetat,
485 2344 623 2396 inquit,
653 2345 744 2383 sed
778 2346 865 2383 ubi
895 2359 918 2382 n
936 2358 1079 2383 avem
1110 2342 1481 2394 ablegaveris,
1521 2353 1591 2378 sa-

122 2408 258 2447 tisfa
272 2408 383 2447 cito
413 2414 464 2447 et
496 2408 630 2445 mihi.
673 2408 772 2452 Quae
795 2421 882 2446 cum
903 2407 995 2445 mihi
1015 2406 1293 2458 Theophemus
1315 2403 1592 2456 respondisset,

124 2470 186 2509 die
207 2478 425 2523 prorogate,
440 2484 590 2522 egoque
609 2470 774 2509 maxime
802 2471 922 2508 fretus
953 2483 1079 2508 essem
1100 2482 1189 2508 cum
1210 2467 1364 2506 testium
1385 2465 1594 2504 revictione

125 2540 209 2571 tum
240 2533 361 2585 ipsius
387 2532 589 2571 tradendae
616 2532 783 2571 mulieris
813 2531 1070 2578 recusatione,
1090 2534 1232 2582 (neque
1252 2543 1343 2568 vero
1364 2541 1465 2566 nova
1487 2527 1595 2564 illum

126 2595 311 2634 adversus
331 2609 392 2634 me
413 2595 531 2634 inisse
552 2595 713 2634 consilia
733 2596 948 2647 putabam),
966 2594 1108 2633 triremi
1127 2594 1321 2645 ablegata,
1336 2590 1502 2644 pecunia
1519 2602 1595 2626 non

127 2659 259 2698 multis
281 2659 417 2698 diebus
437 2666 526 2710 post
543 2665 761 2710 corrogata,
777 2658 941 2697 conveni
961 2657 1170 2703 hominem,
1191 2668 1251 2693 me
1272 2654 1321 2692 ad
1343 2664 1516 2690 mensam
1538 2663 1595 2687 sc-

127 2721 193 2772 qui
206 2722 316 2770 jussi,
334 2729 376 2759 ut
395 2721 580 2760 mulctam
600 2721 801 2772 reciperet.
851 2720 948 2758 Haec
971 2727 1013 2758 ut
1031 2732 1119 2758 vere
1136 2732 1160 2757 a
1179 2731 1239 2756 me
1261 2715 1336 2755 dici
1352 2720 1517 2758 constet,
1539 2718 1596 2750 te-

128 2783 308 2823 stimonia
327 2783 436 2823 vobis
455 2784 735 2823 recitabuntur.

681 2911 1047 2950 TESTIMONIA.

131 3007 405 3060 Theophemus
433 3015 564 3048 autem
595 3008 694 3048 adeo
724 3021 801 3047 non
833 3013 991 3047 secutus
1021 3012 1081 3045 est
1110 3004 1160 3044 ad
1194 3015 1369 3042 mensam
1402 2994 1469 3040 aut
1501 2999 1599 3038 mul-
