1915 3356
567 479 1146 538 DEMOSTHENIS

380 639 754 682 EXORDIA
805 639 1304 684 CONCIONUM.

836 874 867 912 Ι.

177 951 224 989 S1
243 942 293 990 de
321 964 422 990 novo
441 950 622 1003 quopiam
653 951 813 1003 negotio
837 951 984 990 indicta
1008 944 1145 991 concio
1171 955 1289 998 esset,
1307 949 1578 997 Athenienses,

121 1013 397 1052 continuissem
417 1026 479 1051 me
495 1013 588 1052 dum
606 1013 776 1053 maxima
793 1027 883 1066 pars
897 1026 1028 1053 eorum
1043 1015 1110 1067 qui
1128 1013 1220 1052 dare
1234 1012 1436 1052 consilium
1451 1011 1584 1051 solent

122 1076 334 1116 sententias
353 1077 525 1126 dixisset,
546 1089 711 1130 quorum
729 1076 762 1115 si
780 1090 868 1128 quae
886 1077 1055 1116 rationes
1080 1076 1174 1115 mihi
1198 1075 1451 1128 placuissent,
1471 1074 1579 1127 quie-

121 1138 287 1177 vissem:
317 1140 377 1178 sin
402 1141 542 1188 minus,
562 1147 644 1179 tum
668 1146 708 1180 et
732 1139 816 1191 ipse
837 1152 923 1191 quae
945 1139 1069 1179 sentio
1091 1139 1220 1178 dicere
1246 1145 1410 1178 conatus
1439 1149 1579 1177 essem.
1616 1176 1631 1184 „

122 1199 200 1237 Sed
219 1199 324 1250 quia,
343 1201 481 1252 quibus
503 1202 551 1240 de
570 1203 685 1240 rebus
716 1201 777 1239 isti
803 1213 907 1253 saepe
938 1208 1054 1240 antea
1082 1202 1203 1240 verba
1230 1201 1418 1248 fecerunt,
1438 1199 1487 1238 de
1506 1199 1580 1238 illis

120 1273 223 1300 nunc
252 1260 485 1311 deliberatis,
515 1264 678 1302 arbitror
712 1275 789 1309 me,
808 1263 981 1313 quamvis
1014 1263 1160 1314 primus
1198 1262 1438 1306 surrexerim,
1465 1273 1583 1312 posse

119 1329 250 1362 tamen
268 1323 390 1363 videri
415 1326 549 1365 merito
579 1325 706 1364 dicere
730 1330 820 1376 post
841 1324 951 1363 istos.
1010 1324 1127 1369 Quod
1160 1324 1193 1362 si
1219 1323 1429 1375 praeclarus
1455 1334 1581 1360 rerum

120 1391 246 1424 status
268 1394 385 1433 esset,
419 1387 641 1427 consultare
679 1399 1007 1439 supervacaneum
1039 1386 1164 1425 foret:
1195 1399 1284 1424 cum
1299 1398 1405 1432 vero,
1424 1392 1467 1422 ut
1495 1383 1583 1422 uni-

120 1448 218 1486 versi
239 1448 390 1497 videtis,
406 1450 570 1489 multum
600 1450 640 1488 in
672 1449 727 1489 eis
761 1449 998 1488 difficultatis
1028 1449 1130 1495 insit,
1153 1456 1198 1487 ut
1225 1448 1309 1500 ipsa
1338 1447 1583 1499 negotiorum

123 1510 294 1550 conditio
313 1511 471 1563 patitur,
493 1513 549 1551 sic
582 1512 674 1552 dare
701 1511 907 1551 consilium
936 1512 1042 1563 quod
1072 1510 1166 1549 mihi
1193 1511 1450 1549 rectissimum
1477 1509 1584 1547 vide-

123 1572 223 1611 bitur
241 1575 424 1613 conabor.
479 1574 650 1613 Primum
682 1573 798 1625 igitur
829 1572 924 1611 illud
954 1573 1199 1612 statuendum
1220 1579 1292 1618 est,
1322 1572 1416 1610 nihil
1435 1583 1582 1617 eorum,

121 1648 208 1686 quae
233 1636 339 1675 bello
371 1636 542 1689 gerendo
567 1636 747 1688 occupati
766 1635 1014 1682 factitabatis,
1036 1636 1219 1687 deinceps
1240 1635 1349 1673 vobis
1372 1647 1460 1673 esse
1488 1633 1583 1671 faci-

120 1697 278 1744 endum,
298 1698 368 1737 sed
402 1698 531 1737 omnia
562 1698 753 1737 contraria
783 1698 935 1750 potius:
965 1711 1054 1736 nam
1087 1698 1118 1736 si
1148 1697 1216 1735 illa
1241 1697 1338 1735 ratio
1368 1695 1585 1749 perniciosa

121 1758 208 1805 fuit,
227 1769 533 1799 consentaneum
567 1767 626 1800 est
657 1761 848 1799 diversam
880 1760 962 1799 fore
994 1760 1204 1799 meliorem.
1267 1759 1420 1797 Deinde
1450 1758 1590 1796 existi-

120 1820 306 1859 mandum
325 1829 397 1867 est,
418 1836 496 1861 non
516 1836 619 1868 eum,
640 1822 706 1874 qui
725 1822 834 1860 vobis
853 1828 920 1860 aut
934 1821 1029 1860 nihil
1045 1828 1113 1860 aut
1133 1821 1274 1873 exigua
1292 1820 1464 1867 mandet,
1479 1827 1582 1858 recte

120 1881 440 1922 dicere—videtis
459 1884 575 1932 enim,
594 1884 688 1922 dum
707 1883 805 1922 tales
828 1897 915 1936 spes
935 1891 975 1923 et
994 1884 1186 1923 orationes
1201 1883 1342 1935 cupide
1361 1883 1583 1929 audiuntur,

120 1943 161 1981 in
180 1957 370 1982 summum
391 1945 597 1984 discrimen
625 1944 780 1984 venisse
808 1945 1156 1997 rempublicam—,
1177 1945 1248 1984 sed
1274 1957 1362 1983 eum
1390 1944 1468 1996 qui,
1487 1958 1583 1996 neg-

118 2004 222 2044 lecto
249 2006 472 2045 assentandi
491 2007 634 2053 studio,
664 2019 711 2045 ea
743 2020 830 2058 quae
857 2020 957 2059 opus
979 2014 1082 2054 sunt,
1103 2015 1141 2045 et
1159 2021 1229 2059 per
1247 2020 1334 2058 quae
1356 2012 1582 2057 susceptum

119 2067 290 2107 dedecus
328 2069 552 2108 aboleamus
601 2070 820 2120 factamque
859 2073 1055 2119 jacturam
1091 2070 1358 2117 resarciamus,
1407 2069 1584 2108 suadeat.

122 2129 226 2168 Nam
245 2131 276 2168 si
296 2131 452 2182 quidem
487 2132 541 2170 ita
565 2138 830 2183 comparatum
851 2138 965 2178 esset,
993 2139 1038 2170 ut
1056 2131 1384 2184 quemadmodum
1409 2131 1585 2169 molestae

117 2193 310 2231 orationes
336 2193 587 2245 praetermitti,
616 2194 672 2232 sic
707 2193 824 2232 etiam
857 2207 919 2233 res
944 2195 1040 2246 ipsae
1067 2207 1154 2246 quae
1187 2193 1406 2232 molestiam
1426 2193 1582 2245 pariunt

120 2254 318 2306 praeteriri‚
338 2263 513 2307 possent,
545 2256 703 2295 omnino
737 2263 846 2294 esset
877 2256 927 2294 ad
959 2256 1121 2308 gratiam
1158 2255 1494 2294 concionandum:
1523 2256 1582 2293 sin

117 2317 317 2355 verborum
348 2317 549 2356 blanditiae
581 2331 669 2356 cum
700 2319 814 2356 rebus
845 2317 951 2356 haud
971 2325 1231 2370 congruentes
1252 2318 1460 2370 perniciem
1489 2315 1583 2355 affe-

119 2387 223 2426 runt,
241 2386 355 2431 turpe
387 2387 448 2419 est
478 2380 551 2419 sibi
585 2380 712 2432 ipsum
745 2380 876 2419 fucum
909 2380 1048 2427 facere,
1069 2387 1109 2419 et
1140 2387 1314 2419 extrema
1341 2380 1499 2418 demum
1522 2392 1585 2417 ur-

118 2448 235 2492 gente
267 2442 500 2482 necessitate
520 2456 566 2481 ea
588 2443 798 2495 suscipere,
819 2456 906 2495 quae
926 2442 1009 2495 jam
1040 2442 1132 2481 olim
1158 2442 1259 2480 ultro
1286 2441 1465 2481 confecta
1495 2453 1582 2479 esse

117 2504 333 2555 oportebat.

824 2593 875 2631 ΙΙ.

172 2685 263 2725 Non
295 2687 399 2727 idem
435 2696 606 2728 statuere
640 2702 814 2742 possum,
845 2688 1120 2736 Athenienses,
1151 2701 1241 2727 cum
1259 2688 1372 2739 Reip.
1394 2699 1535 2725 nomen
1564 2699 1584 2724 e

117 2749 225 2788 vobis
245 2751 374 2798 audio,
402 2759 442 2792 et
474 2766 562 2791 cum
581 2752 695 2792 video
727 2752 924 2804 quomodo
953 2760 1125 2791 vestrum
1147 2751 1305 2803 quidam
1337 2750 1419 2802 ejus
1449 2749 1586 2787 defen-

119 2824 226 2850 sores
246 2819 412 2852 tractare
432 2815 598 2854 soleant.
655 2814 952 2867 Rempublicam
973 2814 1091 2859 enim,
1111 2814 1151 2852 id
1172 2813 1279 2865 quod
1300 2812 1417 2851 nostis
1436 2824 1585 2853 omnes,

117 2873 396 2914 democratiam
429 2876 659 2916 nominatis:
691 2877 760 2917 sed
780 2877 974 2929 quosdam
1005 2877 1069 2929 qui
1104 2875 1194 2914 huic
1225 2876 1417 2915 contraria
1451 2873 1588 2912 dicunt

115 2936 295 2976 libentius
314 2951 337 2977 a
361 2939 559 2978 nonnullis
590 2939 713 2979 audiri
746 2939 1022 2978 animadverto.
1083 2938 1207 2989 Cujus
1242 2938 1293 2976 rei
1322 2937 1439 2975 miror
1464 2947 1584 2974 causa

50 3275 55 3283 .

118 3334 164 3342 ⁷...

119 3346 173 3356 ἰν,
