1998 3306
338 212 416 250 564
707 205 1001 245 ADVERSUS
1034 202 1443 244 PANTAENETUM.

339 326 456 366 quam
474 313 635 350 istorum
655 310 794 350 fecisse
813 310 992 362 scripsit:
1023 309 1093 348 sed
1112 322 1174 347 me
1195 309 1267 347 sibi
1286 315 1325 347 et
1345 307 1426 346 suis
1445 305 1695 346 facultatibus
1715 306 1809 345 insi·

341 376 506 424 diatum‚
528 372 737 412 mandasse
757 372 796 410 id
817 385 928 411 servo
948 385 1035 410 meo
1059 370 1299 423 subscripsit,
1321 369 1358 407 in
1380 380 1457 420 quo
1476 367 1674 406 mentitur.
1731 367 1809 412 Qui

341 438 442 476 enim
464 450 538 488 ego
557 435 743 474 mandare
763 434 882 486 potui,
902 435 983 485 qui,
1003 447 1088 472 cum
1118 433 1206 472 hinc
1229 433 1432 478 solverem,
1452 429 1638 481 quidnam
1657 430 1720 468 hic
1750 430 1808 467 fu-

342 508 470 539 turum
490 505 594 538 esset
620 498 754 548 utique
786 496 1043 548 ignorabam?
1086 495 1239 534 Deinde
1258 501 1413 546 quantae
1434 492 1608 531 stultitiae
1630 499 1703 540 est,
1722 505 1813 531 cum

342 576 404 601 me
424 575 504 600 suae
525 560 706 612 dignitati
725 566 764 598 et
782 557 898 597 saluti
919 557 1142 596 insidiatum
1162 557 1282 604 dicat,
1310 556 1478 595 eundem
1499 554 1680 601 scribere,
1701 566 1813 592 servo

344 624 551 664 mandasse
578 636 639 669 ea,
670 621 809 673 quibus
838 633 912 659 nec
933 620 1028 659 civis
1058 620 1181 658 civem
1212 619 1368 658 afficere
1388 616 1534 668 queat?
1581 615 1688 660 Quid
1717 615 1814 654 illud
1876 631 1881 641 =

344 687 460 738 igitur
479 685 569 724 est?
602 684 776 735 Apparet
790 695 893 729 eum,
914 695 1002 720 cum
1023 681 1132 719 nulla
1150 681 1296 720 ratione
1317 686 1453 731 posset
1473 684 1629 731 propter
1642 677 1814 730 peregri-

346 748 546 787 nationem
575 746 735 784 istorum
768 744 807 782 in
844 757 906 782 me
941 743 1153 795 quicquam
1179 743 1399 789 transferre,
1433 748 1472 779 et
1503 753 1565 779 me
1589 739 1816 778 calumniari

345 810 477 856 vellet,
510 821 598 846 meo
625 808 739 859 jussu
772 819 858 844 esse
886 806 1034 845 factum
1066 804 1334 856 inscripsisse:
1366 816 1495 855 neque
1526 802 1643 850 enim,
1670 801 1709 840 ni
1741 801 1816 841 hoc

347 872 519 919 fecisset,
539 870 657 909 ullam
680 882 840 908 causam
860 868 1074 907 habuisset.
1132 867 1236 918 Lege
1255 866 1360 918 quod
1380 865 1566 917 sequitur.

922 995 1245 1036 ACCUSATIO.

351 1096 402 1130 Et,
415 1098 576 1133 postquam
594 1104 653 1133 ego
678 1104 742 1122 sum
757 1093 856 1122 sactus
873 1091 1010 1127 terat-im,
1027 1090 1180 1120 collocato
1195 1089 1348 1129 Antigene
1365 1099 1458 1119 servo
1482 1099 1538 1119 suo
1560 1089 1589 1119 iu
1612 1100 1679 1122 mea
1691 1089 1822 1126 officina,

349 1155 385 1175 ea
399 1156 467 1184 quae
485 1150 534 1175 est
548 1145 586 1174 ad
598 1144 811 1184 Thrasyllum,
827 1153 895 1172 mea
911 1142 956 1172 illi
971 1142 1078 1178 tradit,
1090 1152 1137 1171 me
1156 1146 1289 1171 vetante.
1660 1157 1675 1172 s

351 1239 510 1277 Desine.
570 1238 721 1276 Rursus
752 1237 792 1275 in
821 1237 881 1275 his
904 1235 1084 1274 omnibus
1111 1236 1159 1273 ab
1181 1234 1268 1286 ipsa
1284 1247 1326 1273 re
1353 1233 1547 1273 mendacii
1566 1233 1822 1273 convincitur.

351 1300 514 1352 Scripsit
535 1299 638 1338 enim
659 1313 719 1338 me
738 1299 968 1344 collocasse,
988 1311 1029 1336 se
1058 1304 1189 1335 autem
1211 1296 1402 1336 vetuisse:
1433 1310 1520 1348 quae
1548 1297 1631 1335 fieri
1661 1309 1729 1348 per
1757 1297 1824 1334 ab·

281 1384 289 1389 «
349 1370 500 1401 sentem
520 1362 736 1413 nequeunt.¹
786 1361 924 1412 Neque
940 1359 1042 1398 enim
1061 1372 1136 1411 ego
1156 1358 1413 1406 collocabam,
1434 1358 1500 1410 qui
1520 1372 1644 1398 essem
1665 1358 1703 1396 in
1721 1358 1826 1396 Pon-

351 1431 406 1472 to,
427 1437 555 1475 neque
574 1423 772 1462 interdixit
790 1424 863 1461 iste
883 1435 961 1460 non
979 1422 1175 1473 praesenti.
1234 1421 1312 1464 Qui
1337 1421 1439 1460 enim
1467 1420 1684 1472 potuisset?
1719 1416 1826 1466 ‘Quae

352 1499 412 1525 res
434 1486 551 1537 igitur
566 1499 656 1524 eum
674 1485 805 1537 coegit
824 1484 911 1522 haec
931 1483 1127 1522 scribere?
1158 1484 1350 1534 Evergus,
1374 1483 1522 1534 opinor,
1543 1496 1632 1522 cum
1653 1496 1701 1522 ea
1720 1496 1827 1522 com-

353 1548 524 1586 mitteret
554 1560 719 1598 quorum
745 1559 881 1598 poenas
909 1545 1034 1597 dedit,
1053 1545 1170 1584 homo
1189 1545 1281 1583 mihi
1307 1553 1426 1584 notus
1446 1552 1487 1584 et
1508 1536 1724 1591 familiaris,
1747 1558 1829 1584 ser·

356 1623 446 1647 vum
478 1609 647 1659 aliquem
673 1608 791 1647 domo
816 1620 905 1646 mea
936 1607 1183 1652 accersitum,
1203 1606 1308 1658 apud
1340 1620 1395 1654 se,
1426 1605 1674 1645 custodiendi
1703 1606 1829 1658 gratia

354 1670 574 1708 collocavit.
633 1670 674 1708 Si
704 1669 820 1720 igitur
850 1682 984 1708 verum
1017 1668 1250 1721 scripsisset,
1281 1668 1487 1707 ridiculum
1528 1669 1692 1708 fuisset:
1739 1682 1829 1721 quae

355 1732 458 1770 enim
490 1744 580 1770 mea
602 1730 721 1784 culpa
741 1738 815 1777 est,
843 1731 874 1769 si
905 1730 1081 1782 Evergus
1102 1730 1333 1770 constituit?
1363 1731 1410 1770 Id
1430 1730 1600 1783 fugiens,
1621 1731 1716 1770 talia
1735 1731 1830 1771 scri·

355 1794 448 1832 bere
469 1800 630 1832 coactus
650 1800 723 1841 est,
743 1800 788 1831 ut
802 1805 953 1831 mecum
971 1805 1087 1843 agere
1101 1792 1253 1843 judicio
1271 1800 1419 1845 posset.
1477 1793 1581 1845 Lege
1601 1800 1755 1833 caetera.

929 1920 1259 1960 ACCUSATIO.

360 2007 400 2037 Et
417 2007 571 2047 persuasit
587 2007 662 2036 meis
679 2007 801 2037 famulis
821 2011 853 2037 ut
870 2007 899 2036 in
916 2007 1113 2037 Cenchreono
1130 2008 1273 2037 sederent
1289 2008 1447 2050 supplices
1464 2008 1494 2038 in
1511 2009 1647 2040 fraudem
1662 2019 1771 2040 meam.

361 2098 522 2137 Desine.
580 2098 668 2136 Hoc
689 2098 772 2150 jam
798 2099 954 2138 omnino
981 2099 1186 2151 impudens
1218 2106 1292 2138 est.
1345 2100 1437 2139 Non
1464 2100 1566 2140 enim
1592 2115 1642 2141 ex
1666 2115 1713 2141 eo
1732 2103 1833 2143 dun-

360 2167 468 2198 taxat
487 2160 594 2211 quod
622 2173 690 2198 eos
714 2160 753 2198 in
773 2161 1031 2211 quaestionem
1054 2161 1272 2213 postulatos
1292 2162 1385 2201 dare
1406 2162 1544 2212 noluit,
1569 2164 1638 2204 sed
1657 2166 1832 2218 undique

361 2222 611 2273 perspicuum
632 2230 693 2261 est
712 2235 798 2261 esse
819 2223 1083 2262 mendacium.
1141 2224 1230 2268 Qua
1249 2224 1351 2263 enim
1372 2224 1421 2264 de
1440 2238 1561 2264 causa
1577 2239 1644 2266 eos
1663 2228 1832 2279 pellicie-

360 2282 483 2322 bam?
534 2283 587 2321 Ut
609 2284 757 2322 scilicet
777 2297 843 2323 eos
864 2285 1060 2324 emerem?
1102 2285 1154 2324 At
1174 2287 1332 2338 optione
1353 2287 1446 2325 mihi
1467 2287 1559 2327 data
1578 2289 1640 2327 vel
1660 2289 1833 2329 habendi

361 2344 422 2382 vel
444 2345 597 2383 emendi
617 2346 678 2384 vel
698 2346 909 2397 recipiendi
929 2360 1076 2393 meum,
1098 2349 1272 2399 recipere
1292 2362 1422 2388 meum
1448 2350 1575 2397 malui,
1597 2358 1637 2389 et
1660 2351 1746 2391 haec
1764 2365 1833 2404 per

362 2413 480 2445 testes
499 2407 666 2458 probata
686 2415 790 2446 sunt.
848 2408 927 2446 Sed
946 2408 1068 2447 recita
1087 2416 1215 2448 tamen
1235 2411 1562 2462 provocationem.

914 2544 1293 2583 PROVOCATIO.

367 2630 453 2669 Hac
486 2630 604 2682 igitur
634 2632 909 2684 provocatione
931 2646 1009 2671 non
1045 2639 1222 2684 accepta,
1243 2632 1313 2671 sed
1339 2633 1553 2685 repudiata,
1574 2634 1834 2686 considerate,

364 2692 480 2742 quale
499 2692 625 2732 statim
646 2700 734 2744 post
753 2693 839 2732 haec
860 2694 1009 2733 crimen
1029 2694 1231 2746 impingat.
1289 2693 1392 2745 Lege
1412 2695 1518 2745 quod
1538 2695 1725 2748 sequitur.

934 2830 1258 2870 ACCUSATIO.

369 2912 408 2941 Et
432 2914 624 2952 consumpsit
644 2917 762 2955 argenti
792 2927 920 2953 massas,
938 2928 1013 2957 quas
1042 2919 1102 2948 mei
1132 2918 1212 2948 servi
1238 2918 1449 2955 conficiebant,
1466 2923 1496 2949 εἰ
1512 2925 1671 2960 argentum
1686 2920 1777 2950 habel
1794 2931 1832 2950 ex

367 2963 428 2993 illis
445 2964 555 2994 massis
573 2967 754 2996 confectum.
