1915 3356
620 204 843 245 CONTRA
873 202 1138 242 NEAERAM.
1527 197 1606 237 769

146 305 385 356 percussisse
403 308 616 356 mulierem,
631 323 709 362 quo
728 309 808 349 ictu
827 308 894 347 illa
911 306 1089 359 perierit:
1108 313 1147 344 et
1159 306 1359 345 advocatis
1375 311 1493 355 atque
1514 301 1606 340 sub-

147 369 291 408 ornatis
324 370 544 412 hominibus
576 374 708 419 servis,
730 374 795 424 qui
827 385 867 410 se
890 371 1101 423 Cyrenaeos
1122 383 1206 408 esse
1225 369 1409 413 dicerent,
1431 367 1550 406 caedis
1572 369 1607 406 ei

145 430 247 469 diem
268 432 364 471 dixit
384 435 489 485 apud
507 435 740 481 Palladium,
755 445 991 483 causamque
1010 433 1089 483 egit
1111 431 1341 481 Stephanus,
1354 430 1608 482 jurejurando

143 491 250 540 dato,
271 495 462 534 occidisse
492 497 570 534 suis
589 497 768 535 manibus
795 492 1079 547 Apollodorum
1108 504 1194 531 eam
1215 491 1426 536 mulierem,
1449 492 1609 530 exitium

141 554 377 607 imprecatus
397 558 530 605 sibi,et
547 559 693 609 generi,
711 565 751 597 et
768 557 938 605 familiae,
954 563 1069 607 atque
1082 555 1132 594 ob
1148 566 1233 592 eam
1252 565 1334 591 rem
1354 553 1443 590 diris
1465 561 1609 593 semet-

141 618 270 669 ipsum
289 619 454 666 devovit,
473 633 562 671 quae
582 633 709 672 neque
728 622 836 660 facta
859 620 945 667 fuit,
965 631 1094 671 neque
1119 615 1203 655 visa
1234 615 1284 653 ab
1314 627 1375 660 eo,
1401 627 1528 665 neque
1561 629 1609 653 ex

141 679 223 718 ullo
241 681 458 725 mortalium
480 681 615 720 audita
632 683 818 735 unquam.
866 682 1146 734 Deprehensus
1161 684 1292 717 autem
1310 684 1350 716 et
1367 678 1406 716 in
1423 677 1608 729 perjurio,

142 748 182 780 et
200 742 300 781 falso
317 742 477 782 crimine
491 744 694 791 intentato,
716 758 806 784 eum
821 744 936 783 etiam
949 744 1125 795 liqueret,
1145 752 1236 779 eum
1251 754 1276 778 a
1291 739 1612 791 Cephisophonte

142 810 183 842 et
207 804 480 858 Apollophane
512 807 694 845 mercede
718 820 804 845 esse
835 806 1088 851 conductum,
1109 800 1153 842 ut
1176 810 1244 841 aut
1273 802 1430 854 ejiceret
1448 802 1611 854 Apollo-

141 864 292 913 dorum,
311 872 380 905 aut
395 866 609 906 honoribus
627 869 811 920 privaret,
832 874 995 920 accepto
1015 871 1192 919 argento,
1211 877 1339 916 pauca
1359 863 1544 916 suffragia
1561 864 1611 902 de

139 927 362 979 quingentis
378 936 629 977 consecutus,
649 930 744 970 abiit
762 930 952 983 perjuruS‚
973 936 1091 981 atque
1111 926 1368 979 improbitatis
1389 925 1611 978 opinionem

138 989 347 1029 lucrifecit.

193 1054 233 1091 4.
265 1051 448 1104 Cogitate
468 1053 585 1105 igitur
603 1054 690 1107 ipsi,
709 1054 733 1092 J
739 1054 886 1101 udices,
901 1062 941 1094 et
961 1053 1066 1106 apud
1081 1059 1231 1092 vestros
1251 1051 1399 1090 animos
1420 1056 1611 1104 reputate,

141 1127 220 1168 quo
243 1113 284 1155 in
311 1115 400 1154 loco
418 1108 607 1159 res'meas
628 1116 779 1156 futuras
799 1117 920 1156 fuisse
939 1115 1181 1155 credendum
1201 1113 1264 1161 sit,
1285 1113 1316 1152 si
1335 1114 1431 1165 quid
1451 1113 1613 1166 Apollo-

139 1177 236 1216 doro
267 1191 400 1221 eorum
431 1177 536 1217 luere
569 1179 794 1225 accidisset,
814 1193 903 1231 quae
933 1178 1155 1230 Stephanus
1183 1177 1224 1215 in
1251 1189 1341 1214 eum
1365 1176 1612 1223 instruxerat,

139 1239 219 1278 sive
236 1240 277 1278 in
294 1240 434 1292 priore,
453 1240 533 1279 sive
550 1240 589 1278 in
608 1241 822 1292 posteriore
834 1241 999 1290 judicio.
1043 1239 1158 1284 Quod
1177 1240 1217 1278 in
1236 1239 1425 1285 dedecus,
1445 1251 1613 1289 quamve

137 1302 179 1340 in
197 1302 462 1342 calamitatem
482 1315 562 1341 non
581 1301 838 1341 incidissem?
867 1304 967 1341 Cum
986 1316 1049 1341 me
1071 1302 1189 1354 igitur
1207 1301 1458 1340 hortarentur
1477 1313 1613 1339 omnes

138 1365 467 1417 seorsimsrneque
483 1364 749 1416 convenirent,
765 1373 810 1407 ut
829 1366 880 1405 ad
903 1365 1090 1404 ultionem
1105 1364 1332 1417 injuriarum
1352 1363 1436 1413 ejus
1452 1375 1613 1401 conver-

137 1433 320 1476 teremur,
333 1434 373 1468 et
391 1433 435 1470 ut
453 1426 648 1469 hominem
678 1427 851 1470 omnium
880 1428 1175 1480 ignavissimum
1201 1428 1456 1472 incesserent,
1477 1425 1510 1464 si
1532 1431 1614 1464 tam

137 1495 246 1530 arcta
270 1503 359 1531 cum
388 1490 450 1532 his
475 1489 764 1533 necessitudine
793 1490 1041 1542 conjunctus,
1059 1502 1196 1542 poenas
1216 1501 1296 1528 non
1316 1487 1516 1540 exigerem
1543 1501 1614 1539 pro

138 1564 284 1598 sorore,
300 1559 342 1590 et
360 1551 555 1598 affinibus,
574 1558 614 1590 et
631 1544 825 1603 neptibus,
845 1559 885 1593 et
907 1565 1029 1593 uxore
1049 1565 1150 1597 mea,
1166 1564 1292 1602 neque
1310 1550 1443 1602 palam
1462 1549 1501 1588 in
1518 1550 1613 1589 deos

137 1614 310 1666 impiam,
342 1620 382 1653 et
417 1614 458 1652 in
492 1613 688 1653 civitatem
720 1614 1054 1660 contumeliosam,
1075 1621 1115 1653 et
1133 1614 1265 1666 legum
1291 1613 1614 1664 contemptricem

137 1682 368 1723 vestrarum,
398 1675 449 1717 ad
481 1688 552 1715 vos
600 1676 827 1723 adductam,
857 1677 941 1729 ejus
975 1676 1186 1716 sceleribus
1216 1675 1440 1727 patefactiS,
1474 1681 1614 1714 vestrae

136 1738 324 1791 potestati
343 1738 586 1790 subjicerem,
601 1745 644 1777 ut
662 1746 793 1778 vestro
813 1739 1000 1778 arbitratu
1016 1739 1065 1778 de
1080 1737 1127 1777 e'a
1143 1736 1366 1776 statueretis
1383 1750 1392 1775 :
1420 1742 1461 1774 et
1477 1749 1615 1787 quem·

137 1800 351 1840 admodum
370 1813 433 1840 me
452 1800 678 1852 Stephanus
705 1800 803 1840 meis
821 1801 1055 1840 necessariis
1075 1807 1212 1839 contra
1242 1799 1352 1850 leges
1388 1805 1429 1837 et
1456 1798 1615 1837 decreta

137 1862 332 1915 spoliavit,
353 1863 408 1903 sic
433 1870 474 1902 et
491 1876 567 1914 ego
586 1863 692 1914 apud
710 1876 780 1902 vos
800 1863 1065 1910 ostenderem,
1084 1863 1204 1902 istum
1220 1862 1260 1900 in
1279 1860 1526 1899 matrimonio
1544 1859 1615 1899 ha·

136 1926 230 1965 bere
263 1924 508 1978 peregrinam
541 1925 757 1972 mulierem,
779 1933 919 1965 contra
950 1926 1078 1978 legem
1095 1934 1105 1963 2
1136 1930 1175 1963 et
1201 1922 1440 1974 alienigenas
1472 1922 1614 1961 liberos

136 1994 220 2027 tum
238 1987 289 2027 ad
307 1987 482 2035 tribules,
500 1993 584 2027 tum
602 1987 654 2027 ad
672 1988 880 2040 populares
908 1988 1101 2028 adducere
1116 2000 1126 2026 t
1158 1993 1198 2026 et
1213 1986 1458 2039 despondere
1486 1997 1614 2023 mere-

137 2050 275 2089 tricum
311 2049 413 2090 filias
451 2062 523 2101 pro
561 2050 665 2089 suis:
704 2057 744 2088 et
781 2050 903 2090 sacris
939 2050 1103 2090 deorum
1128 2048 1406 2088 immortalium
1439 2046 1613 2099 pollutis,

137 2111 273 2164 populi
290 2111 565 2151 auctoritatem
583 2111 737 2158 tollere,
759 2113 791 2151 si
810 2126 926 2164 quem
946 2112 1074 2151 facere
1092 2111 1186 2151 velit
1214 2110 1351 2149 civem.
1391 2109 1489 2155 Quis
1508 2109 1613 2148 enim

137 2175 302 2227 posthac
339 2174 506 2214 civitatis
532 2174 798 2227 adipiscendae
829 2174 1011 2226 cupidus,
1043 2187 1068 2212 a
1097 2173 1244 2226 populo
1274 2172 1509 2212 beneficium
1535 2170 1614 2209 hoc

139 2237 294 2290 magnis
327 2237 544 2289 sumptibus
574 2250 800 2289 magnoque
828 2238 987 2289 negotio
1016 2235 1301 2288 impetrandum
1328 2239 1502 2279 censeat,
1521 2244 1614 2270 cum

137 2299 243 2339 idem
262 2313 286 2339 a
310 2299 512 2352 Stephano
532 2305 572 2339 et
589 2298 748 2339 minoris
768 2313 909 2347 emere,
930 2306 971 2339 et
994 2298 1217 2338 conditione
1243 2298 1359 2338 liceat
1381 2295 1502 2335 nihilo
1524 2307 1614 2334 esse

139 2359 357 2402 deteriore?

193 2427 232 2465 5.
262 2425 416 2469 Quibus
445 2437 521 2476 ego
553 2423 671 2476 igitur
695 2423 844 2476 injuriis
871 2424 976 2476 prior
996 2436 1020 2462 a
1039 2423 1243 2475 Stephano
1272 2419 1494 2467 lacessitus,
1517 2418 1613 2458 acti-

141 2499 254 2526 onem
286 2487 474 2526 adversus
495 2500 586 2526 eum
614 2487 718 2526 hanc
750 2486 997 2534 instituerim,
1015 2486 1128 2538 vobis
1146 2484 1334 2537 exposui:
1365 2481 1612 2535 peregrinam

141 2556 272 2590 autem
291 2563 380 2590 esse
415 2549 611 2598 Neaeram,
640 2556 680 2588 et
707 2549 895 2602 Stephani
928 2561 1016 2588 esse
1049 2556 1210 2589 matrem
1240 2546 1420 2592 familias,
1440 2550 1481 2583 et
1505 2555 1613 2594 saepe

141 2611 249 2664 leges
282 2619 322 2652 et
344 2612 523 2652 instituta
550 2612 716 2652 civitatis
745 2611 925 2657 violasse,
961 2611 1048 2651 haec
1081 2611 1191 2650 vobis
1218 2614 1300 2660 jam
1332 2604 1616 2660 cognoscenda

143 2680 247 2717 sunt.
303 2675 403 2715 Peto
421 2674 539 2728 igitur
556 2687 581 2714 a
598 2675 722 2723 vobis,
742 2675 763 2713 J
769 2674 919 2721 udices,
939 2687 1027 2727 quae
1046 2674 1126 2726 peti
1146 2685 1299 2725 aequum
1319 2677 1393 2716 est,
1418 2676 1462 2708 ut
1480 2680 1557 2714 me,
1575 2674 1615 2705 et

146 2736 448 2786 adolescentem,
467 2743 508 2776 et
526 2737 685 2776 dicendi
700 2737 931 2789 imperitum,
950 2743 1158 2789 patronum
1177 2735 1268 2774 huic
1283 2731 1414 2773 caus'ae
1429 2729 1617 2769 adhibere

138 2798 308 2847 jubeatis
325 2800 624 2853 Apollodorum.
668 2800 772 2838 Nam
792 2806 831 2838 et
849 2806 942 2838 natu
963 2800 1086 2852 major
1104 2806 1163 2838 est
1181 2809 1298 2849 quam
1317 2807 1408 2846 ego,
1427 2799 1466 2831 et
1480 2792 1613 2843 legum

145 2860 312 2912 peritior,
329 2870 370 2902 et
402 2877 428 2902 a
456 2863 658 2916 Stephano
684 2862 816 2909 laesus,
847 2868 886 2900 et
905 2874 1087 2913 magnum
1108 2861 1168 2900 his
1194 2860 1310 2898 rebus
1337 2855 1516 2895 omnibus
1533 2860 1614 2893 stu-

148 2921 255 2960 dium
274 2923 476 2976 impendit.
534 2925 665 2970 Quare
700 2937 775 2963 nec
807 2923 1041 2962 invidiosum
1072 2923 1106 2962 ei
1134 2930 1206 2968 est,
1229 2934 1317 2960 eum
1335 2917 1473 2957 ulcisci
1494 2929 1517 2955 a
1535 2928 1614 2968 quo

149 2983 200 3023 sit
230 2984 434 3025 lacessitus
456 3000 466 3025 :
492 3000 563 3026 vos
592 2993 724 3027 autem
742 2986 856 3027 decet
874 2986 959 3037 ipsa
976 2985 1138 3025 veritate
1154 2998 1202 3024 ex
1221 2980 1471 3024 accusatione
1490 2984 1529 3018 et
1547 2978 1615 3021 de·

861 3052 884 3088 5
903 3065 923 3090 r
