1948 3306
328 199 406 238 636
814 196 870 236 IN
901 196 1241 235 STEPHANUM
1273 196 1304 234 I.

328 310 445 358 caput
456 309 528 351 est,
544 302 784 343 mendacium
802 316 888 342 esse
910 302 1239 349 demonstravero,
1259 306 1341 338 tum
1360 299 1514 338 demum
1535 298 1584 338 de
1603 298 1745 338 tabulis
1765 312 1789 338 a

327 379 389 404 me
402 366 518 404 verba
529 366 623 405 fieri.
645 365 722 404 Pro
737 364 959 403 testimonio
980 363 1096 414 igitur
1109 362 1303 409 dixerunt,
1318 361 1503 400 obtulisse
1517 360 1789 400 Phormionem

327 434 600 466 testamentum
629 427 891 479 aperiendum,
912 426 1017 477 quod
1045 425 1260 463 exhibuerit
1292 425 1396 476 apud
1426 423 1572 462 Tisiam
1605 423 1790 462 arbitrum

329 489 524 540 Amphion
552 489 878 540 Cephisophontis
906 487 1058 526 affinis:
1088 500 1149 525 me
1175 500 1265 525 vero
1292 486 1330 525 id
1359 486 1506 538 aperire
1527 485 1722 523 noluisse:
1752 490 1792 522 et

326 551 449 589 fuisse
476 551 511 588 id
536 558 809 589 testamentum
831 551 879 588 de
901 562 978 600 quo
994 548 1069 600 ipsi
1089 548 1266 596 dixerint,
1281 547 1502 600 exemplum
1535 546 1651 584 illius.
1708 545 1789 584 De-

329 612 421 650 inde
441 619 715 651 testamentum
737 612 920 663 scriptum
942 617 1014 649 est.
1072 611 1155 662 Ego
1176 623 1266 648 vero
1290 610 1340 649 de
1373 610 1418 648 iis
1452 609 1736 648 conditionibus
1769 620 1793 646 a
1815 621 1820 631 “

331 673 563 713 Phormione
580 675 671 711 mihi
691 674 794 720 latis,
815 680 882 712 aut
901 686 980 711 non
999 673 1102 720 latis,
1122 673 1295 710 nondum
1323 673 1410 711 dico
1430 672 1650 724 quicquam,
1670 683 1793 721 neque

331 736 380 774 de
400 737 561 775 veritate
583 736 696 774 etiam
717 743 785 774 aut
808 736 976 774 falsitate
996 735 1242 774 testamenti:
1272 735 1377 787 quod
1397 735 1441 773 iis
1462 735 1510 772 de
1530 734 1645 772 rebus
1662 732 1791 771 statim

330 813 400 838 vos
418 800 581 838 docebo.

384 863 423 899 4.
455 862 532 899 Sed
553 861 649 899 illud
677 861 781 913 quod
808 862 935 900 testati
961 867 1063 907 sunt,
1093 875 1153 899 me
1178 862 1333 899 tabulas
1364 861 1510 913 aperire
1529 859 1716 905 noluisse,
1737 857 1793 896 sic

330 922 590 970 considerate,
610 937 777 974 quanam
808 924 856 961 de
884 936 1004 961 causa
1035 923 1240 973 quisquam
1261 929 1414 960 recuset
1440 920 1586 973 aperire
1614 918 1794 959 tabulas?

333 983 386 1022 Ut
406 997 455 1022 ne
475 985 623 1023 seilicet
638 984 913 1023 'testamentum
933 984 973 1022 in
993 990 1248 1035 conspectum
1262 984 1441 1035 judicum
1461 981 1639 1021 veniret?
1677 980 1795 1024 Quod

331 1045 493 1083 nisi'isti
523 1059 612 1084 cum
643 1047 919 1098 provocatione
938 1052 1215 1085 testamentum
1242 1045 1549 1097 conjunxissent,
1570 1043 1796 1083 detrectatio

331 1119 419 1145 mea
439 1108 636 1159 aperiendi
656 1107 817 1146 rationis
845 1108 990 1159 aliquid
1015 1108 1244 1146 habuisset:
1274 1121 1364 1146 curn
1383 1120 1475 1146 vero
1493 1113 1700 1157 utrumque
1727 1118 1796 1144 suo

331 1168 551 1207 testimonio
571 1169 828 1221 conjungant,
848 1176 887 1207 et
902 1170 1054 1220 judices
1075 1183 1186 1220 aeque
1206 1169 1460 1216 audivissent,
1477 1168 1570 1220 quid
1591 1168 1683 1207 mihi
1701 1167 1798 1206 lucri

331 1231 515 1270 afferebat
551 1231 816 1271 detrectatio?
866 1232 973 1270 Nihil
1000 1232 1146 1283 utique.
1216 1232 1304 1270 Imo
1333 1239 1466 1270 contra
1502 1231 1646 1282 potius,
1674 1230 1796 1268 Athe-

330 1293 501 1341 nienses,
521 1295 594 1332 etsi
619 1294 774 1345 minime
794 1300 1070 1346 provocassent
1095 1293 1163 1342 illi,
1183 1300 1223 1332 et
1251 1307 1428 1333 sermone
1455 1300 1609 1332 tantum
1636 1293 1800 1331 fuissent

331 1355 407 1402 usi,
428 1361 467 1393 et
486 1355 693 1394 obtulisset
718 1356 771 1394 eis
793 1355 931 1407 aliquis
952 1356 1122 1403 tabulas,
1141 1363 1185 1394 ut
1204 1363 1493 1403 testamentum,
1514 1354 1800 1413 meum-fuisset

331 1427 557 1469 provocare,
577 1427 616 1457 et
635 1432 701 1458 eas
723 1419 882 1471 aperire.
924 1418 994 1466 Ut,
1016 1419 1047 1458 si
1068 1420 1142 1458 alia
1161 1419 1339 1471 quaedam
1359 1431 1474 1471 quam
1488 1432 1575 1470 quae
1595 1418 1657 1456 isti
1676 1423 1798 1456 testa-

331 1487 468 1518 rentur
494 1480 680 1532 inscripta
709 1488 856 1530 essent,
877 1487 998 1520 testes
1025 1495 1045 1519 e
1065 1481 1408 1520 circumstantibus
1442 1480 1585 1527 multos
1619 1480 1800 1523 facerem,

333 1555 459 1593 eoque
489 1549 718 1595 argumento
748 1551 893 1582 caetera
917 1557 1071 1596 quoque
1100 1557 1167 1582 eos
1188 1544 1422 1582 confinxisse
1441 1543 1711 1582 ostenderem:
1740 1542 1799 1580 sin

333 1616 381 1642 ea
398 1604 583 1657 inscripta
601 1605 782 1652 fuissent,
806 1607 855 1644 ab
875 1619 921 1644 eo
940 1607 1007 1657 qui
1026 1606 1268 1645 exhibuisset
1287 1605 1548 1658 postulassem
1566 1611 1608 1642 ut
1629 1604 1711 1656 ipse
1740 1610 1801 1642 te-

334 1673 515 1712 staretur,
536 1667 603 1718 qui
622 1667 654 1706 si
673 1668 861 1706 voluisset
873 1668 1083 1706 obnoxium
1100 1681 1188 1706 eum
1201 1668 1438 1714 habuissem,
1458 1667 1516 1705 sin
1531 1666 1800 1712 detrectasset,

333 1740 465 1766 rursus
498 1728 538 1766 id
570 1730 664 1768 satis
699 1730 920 1781 argumenti
949 1730 1042 1768 mihi
1070 1730 1207 1769 fuisset
1234 1743 1315 1768 rem
1349 1743 1436 1768 esse
1467 1728 1798 1768 commentitiam:

335 1789 429 1840 quin
449 1790 565 1828 etiam
597 1804 644 1830 eo
663 1792 781 1830 modo
803 1791 1009 1830 accidisset
1026 1797 1070 1829 ut
1088 1791 1180 1829 mihi
1200 1804 1289 1830 cum
1314 1804 1392 1829 uno
1421 1804 1481 1829 res
1502 1796 1621 1838 esset,
1647 1797 1690 1828 ut
1709 1802 1800 1828 vero

333 1851 395 1889 isti
415 1858 622 1899 testantur,
643 1866 730 1890 cum
759 1853 902 1892 multis.
960 1853 1032 1891 Est
1050 1866 1100 1891 ne
1120 1860 1291 1891 vestrum
1312 1852 1462 1904 aliquis,
1492 1853 1558 1904 qui
1573 1852 1658 1890 haec
1677 1851 1802 1889 malu-

334 1911 457 1950 isset?
505 1913 695 1965 Equidem
726 1913 864 1965 opinor
891 1927 978 1953 esse
999 1914 1207 1953 neminem.
1265 1913 1434 1952 Proinde
1453 1927 1526 1952 nec
1546 1912 1595 1951 de
1616 1912 1690 1951 alio
1719 1926 1802 1951 cre-

337 1975 430 2014 dere
446 1975 550 2014 idem
576 1976 738 2015 debetis.
798 1977 967 2024 Etenim,
994 1977 1264 2022 Athenienses,
1285 1990 1373 2028 quae
1393 1989 1453 2015 res
1474 1990 1544 2028 per
1561 1975 1800 2014 iracundiam

335 2036 448 2085 fiunt,
468 2045 537 2077 aut
557 2045 711 2090 propter
738 2039 832 2077 lucri
866 2038 1031 2090 alicujus
1063 2039 1367 2090 perceptionem,
1395 2046 1464 2077 aut
1496 2038 1612 2077 animi
1641 2031 1802 2090 impeth,

336 2106 404 2139 aut
425 2101 670 2139 aemulatione
700 2101 974 2147 contentionis,
994 2113 1060 2139 eas
1087 2114 1148 2139 res
1178 2101 1290 2139 aliter
1315 2101 1395 2152 geri
1425 2101 1473 2139 ab
1497 2100 1579 2139 aliis
1610 2107 1725 2152 prout
1743 2101 1803 2139 in-

337 2162 454 2213 genia
472 2171 512 2201 et
531 2176 654 2201 mores
673 2163 863 2214 cujusque
885 2163 1027 2210 ferunt,
1047 2163 1141 2201 nihil
1161 2163 1364 2214 prohibet:
1395 2176 1417 2201 a
1436 2162 1575 2214 quibus
1596 2170 1724 2202 autem
1743 2176 1803 2201 re-

336 2224 410 2261 bus
430 2224 516 2261 haec
537 2224 667 2262 omnia
691 2232 840 2263 remota
865 2232 968 2272 sunt,
988 2231 1027 2263 et
1046 2238 1167 2275 quum
1197 2226 1292 2263 ratio
1322 2225 1497 2263 utilitatis
1518 2225 1654 2263 sedato
1674 2225 1805 2263 animo

339 2285 505 2332 ducitur,
526 2286 611 2336 quis
634 2287 688 2324 ita
702 2299 849 2324 vaecors
871 2294 943 2333 est,
964 2293 1009 2324 ut·
1027 2287 1178 2325 omissis
1198 2286 1424 2338 profuturis,
1446 2300 1492 2325 ea
1507 2287 1694 2337 deligeret
1715 2300 1803 2338 quae

339 2360 468 2385 causae
487 2347 686 2385 victoriam
713 2348 932 2386 laederent?
973 2348 1074 2386 Nam
1099 2349 1176 2395 isti,
1196 2362 1283 2400 quae
1311 2362 1384 2388 nec
1404 2349 1603 2388 credibilia
1621 2362 1694 2387 nec
1713 2362 1803 2401 pro-

337 2409 480 2447 babilia
499 2415 603 2455 sunt,
622 2423 667 2448 ea
686 2417 776 2447 sunt
795 2410 994 2448 testificati
1011 2410 1057 2448 de
1078 2411 1201 2450 nobis.

394 2473 432 2509 5.
463 2470 603 2521 Neque
625 2485 713 2510 vero
741 2486 791 2510 ex
818 2486 864 2510 eo
894 2473 1019 2510 solum
1045 2473 1151 2523 quod
1179 2486 1239 2511 me
1267 2473 1420 2512 tabulas
1453 2473 1598 2525 aperire
1630 2473 1804 2511 noluisse

339 2537 461 2570 testes
492 2532 685 2578 dixerunt,
708 2547 841 2571 eorum
875 2533 1121 2571 mendacium
1145 2534 1386 2585 perspicitur,
1417 2534 1486 2572 sed
1517 2547 1563 2572 ex
1592 2533 1658 2571 illo
1688 2533 1803 2571 etiam

341 2594 447 2645 quod
479 2595 698 2632 testimonio
733 2609 804 2634 suo
830 2596 1141 2647 provocationem
1166 2610 1255 2635 cum
1282 2602 1519 2635 testamento
1545 2596 1802 2647 conjungunt.

341 2657 514 2695 Arbitror
544 2657 644 2695 enim
676 2658 771 2696 scire
806 2671 939 2696 omnes
959 2672 1041 2705 vos,
1061 2672 1148 2709 quae
1181 2672 1240 2697 res
1266 2658 1393 2697 afferri
1421 2659 1469 2697 ad
1497 2671 1565 2697 vos
1592 2664 1804 2709 nequeunt,

340 2731 473 2755 earum
505 2732 630 2757 rerum
660 2719 835 2758 inventas
864 2733 950 2758 esse
977 2720 1294 2771 provocationes:
1327 2720 1459 2766 veluti,
1480 2720 1715 2771 quaestiones
1734 2721 1804 2758 ha-

339 2781 421 2817 beri
438 2793 566 2819 coram
585 2781 694 2820 vobis
722 2782 832 2820 nefas
859 2789 932 2829 est,
965 2782 1049 2833 ejus
1083 2781 1137 2819 rei
1164 2795 1326 2821 necesse
1358 2788 1419 2820 est
1443 2795 1531 2820 esse
1561 2776 1806 2833 provocatio-

341 2854 454 2884 nem:
484 2843 588 2891 item,
619 2844 650 2881 si
685 2844 778 2896 quid
807 2852 915 2882 extra
947 2851 1117 2882 nostram
1147 2844 1343 2895 regionem
1376 2845 1521 2883 factum
1548 2851 1608 2882 est
1637 2844 1805 2896 uspiam,

340 2916 500 2942 necesse
527 2913 588 2943 est
612 2912 651 2944 et
678 2907 761 2958 ejus
781 2919 864 2944 esse
884 2906 937 2944 rei
958 2907 1286 2959 provocationem,
1308 2913 1352 2945 ut
1380 2919 1426 2946 eo
1445 2906 1506 2944 vel
1525 2906 1728 2958 navigetur
1744 2906 1805 2945 vel

342 2973 450 3005 eatur
470 2968 533 3006 ubi
555 2969 657 3007 facta
675 2976 735 3008 est
752 2984 761 3014 ;
793 2970 1031 3021 aliarumque
1048 2970 1225 3010 similium
1246 2983 1387 3008 rerum.
1430 2968 1510 3008 Sed
1531 2968 1596 3007 ubi
1616 2982 1677 3007 res
1697 2968 1804 3020 ipsas
