1981 3356
734 228 810 267 DE
840 228 1076 267 NOMINE.
1561 233 1638 268 585

173 331 321 370 mniari.
379 331 598 370 Contentus
620 339 704 370 esto
726 331 895 377 civitate,
917 331 1070 382 opibuS,
1091 337 1214 382 patre,
1235 332 1425 370 inventis:
1456 345 1571 370 nemo
1603 340 1639 370 te

172 392 281 431 hisce
301 393 431 444 pellit3
463 406 537 445 ego
557 400 661 432 certe
690 405 781 431 non.
841 392 920 430 Sed
952 392 996 437 si,
1031 398 1074 429 ut
1106 392 1310 442 profiteriS,
1330 392 1448 430 frater
1467 407 1523 439 es,
1545 393 1576 430 si
1602 401 1642 432 et

171 454 298 493 fratris
316 456 476 507 fungere
497 455 643 502 officiis,
664 460 857 505 cognatus
878 467 964 492 esse
984 452 1200 492 videberis:
1233 453 1291 491 sin
1319 462 1446 492 autem
1479 453 1640 493 insidia-

173 515 237 562 ris,
256 516 401 568 litigas,
423 516 584 563 invides,
602 516 818 563 maledicis,
838 516 1031 554 videberis
1057 516 1095 553 in
1127 516 1254 554 aliena
1283 516 1480 561 incidisse,
1511 518 1642 568 eisque

173 575 229 615 sic
248 576 307 615 uti
322 584 364 616 ut
382 591 468 628 quae
488 578 538 615 ad
559 585 597 616 te
622 578 716 615 nihil
738 577 936 616 attineant.
995 577 1096 615 Nam
1125 590 1199 628 ego
1219 578 1393 628 quidem,
1414 585 1457 615 ut
1477 579 1643 617 maxime

173 644 212 676 te
240 645 350 689 pater
378 653 466 677 cum
499 653 591 677 suus
621 653 728 678 esses
758 652 836 677 non
866 639 1083 690 adoptaret,
1102 639 1279 690 injuriam
1314 640 1383 678 tibi
1415 653 1494 678 non
1527 640 1643 678 facio.

176 699 261 738 Nec
283 701 384 738 enim
405 714 466 739 me
487 702 690 753 exquirere
711 702 840 748 decet,
859 702 926 752 qui
948 701 1025 739 sint
1046 701 1147 740 illius
1166 701 1258 739 filii:
1290 702 1358 740 sed
1380 701 1488 739 illum
1513 708 1644 740 osten-

175 761 268 799 dere
299 762 446 809 decuit,
474 764 540 814 qui
570 763 664 802 mihi
697 778 763 815 pro
791 764 972 802 fratribus
1002 763 1173 802 habendi
1207 771 1349 802 essent.
1409 765 1498 807 Quo
1528 764 1644 815 igitur

173 828 347 875 tempore
368 832 406 864 te
425 839 501 863 non
522 826 740 877 adoptarat,
761 839 888 876 neque
914 839 988 877 ego
1014 833 1054 865 te
1083 826 1133 864 ad
1158 839 1219 865 me
1247 826 1409 865 attinere
1435 826 1642 877 putabam:

173 891 382 936 postquam
413 895 544 925 autem
573 888 785 938 adoptavit,
805 895 844 925 et
871 901 944 938 ego
973 894 1010 926 te
1040 901 1229 939 agnosco.
1286 889 1375 930 Quo
1398 886 1538 938 signo?
1569 887 1645 924 Pa-

173 948 338 986 trimonii
355 950 572 1000 portionem
591 950 712 988 habes
732 957 824 1001 post
844 950 990 988 obitum
1010 950 1146 1001 patris,
1163 958 1202 989 et
1221 951 1258 988 in
1277 962 1472 988 sacrorum
1496 956 1536 987 et
1555 961 1646 1000 pro-

174 1009 352 1048 fanorum
373 1012 597 1050 societatem
617 1012 780 1049 venisti:
810 1012 895 1050 istis
916 1025 1029 1050 nemo
1049 1020 1086 1049 te
1107 1012 1277 1064 expellit.
1318 1012 1424 1055 Quid
1443 1010 1628 1062 requiris?

235 1074 296 1110 13.
320 1072 360 1110 Si
383 1087 472 1112 vero
491 1073 622 1124 inique
643 1087 775 1112 secum
796 1073 859 1124 agi
875 1073 1027 1119 dixe‘rit,
1045 1075 1077 1112 si
1098 1074 1245 1111 fleverit
1265 1080 1304 1111 et
1323 1073 1475 1125 ejularit
1494 1085 1646 1124 meque,

175 1134 382 1180 accusarit,
405 1135 532 1173 verbis
554 1135 638 1187 ejus
660 1135 779 1173 nolite
801 1135 1142 1185 credere—neque
1163 1135 1265 1173 enim
1288 1149 1441 1186 aequum
1463 1142 1536 1181 est,
1559 1148 1648 1174 cum

176 1208 280 1233 nunc
301 1209 346 1234 ea
373 1209 435 1234 res
456 1209 533 1234 non
555 1202 761 1247 agatur—,
789 1197 860 1235 sed
880 1196 977 1234 illud
1005 1197 1237 1242 existimate,
1260 1210 1375 1248 posse
1396 1197 1646 1234 nihilominus

175 1270 264 1295 eum
295 1257 327 1295 si
350 1258 512 1296 Boeotus
547 1266 712 1297 vocetur
742 1271 875 1308 poenas
905 1271 928 1296 a
953 1271 1016 1296 me
1046 1270 1213 1296 sumere.
1273 1258 1378 1302 Quid
1407 1259 1523 1309 igitur
1554 1271 1647 1296 con-

174 1319 332 1374 tendis?
390 1320 452 1358 Ne
481 1320 639 1359 feceris.
710 1321 771 1358 Ne
803 1320 857 1358 ita
890 1320 1064 1359 studiose
1096 1327 1249 1358 nostras
1279 1320 1499 1358 inimicitias
1531 1333 1647 1372 expe-

174 1381 280 1420 tieris
298 1395 307 1420 ε
331 1383 464 1433 'neque
484 1383 586 1421 enim
606 1397 679 1434 ego
700 1390 789 1421 tuas
810 1390 966 1435 expeto.
1025 1383 1127 1420 Nam
1147 1384 1262 1421 etiam
1280 1396 1491 1422 nunc—ne
1513 1388 1551 1420 te
1572 1382 1648 1420 hoc

175 1445 501 1495 praetereat÷me
528 1451 637 1482 tuam
670 1458 786 1496 agere
807 1458 964 1484 causam
983 1444 1113 1497 potius
1142 1445 1339 1496 profiteor,
1369 1458 1487 1495 quarn
1508 1457 1649 1490 meam,

176 1506 271 1544 dum
298 1507 338 1545 id
367 1520 442 1558 ago
473 1521 522 1545 ne
552 1507 853 1559 idem-uterque
880 1522 1022 1547 nomen
1050 1509 1277 1547 habeamus.
1339 1509 1392 1546 Ut
1421 1507 1522 1546 enim
1554 1507 1649 1545 nihil

176 1568 296 1616 aliud,
315 1569 412 1607 illud
433 1576 539 1608 certe
559 1570 639 1608 fieri
666 1584 830 1609 necesse
864 1577 924 1608 est
950 1577 993 1609 ut
1019 1571 1084 1622 qui
1113 1571 1293 1618 audierit,
1312 1578 1474 1622 quaerat,
1490 1569 1650 1607 utrum?

177 1628 209 1668 si
229 1631 308 1668 duo
327 1631 473 1669 suerint
493 1631 708 1671 Mantithei
731 1632 895 1670 Mantiae
916 1633 994 1671 filii.
1053 1633 1236 1678 Proinde,
1259 1647 1346 1671 cum
1369 1641 1407 1670 te
1428 1632 1543 1677 dicet,
1564 1645 1649 1669 eum

178 1692 339 1744 inquiet,
361 1707 476 1744 quem
512 1695 698 1746 adoptare
733 1701 895 1733 coactus
930 1702 1000 1732 est.
1072 1695 1177 1739 Quid
1208 1696 1327 1746 igitur
1358 1695 1442 1733 haec
1474 1694 1652 1746 expetis?

177 1755 285 1806 Cape
319 1755 398 1794 duo
432 1756 507 1794 ista
541 1756 764 1794 testimonia
790 1764 829 1795 et
857 1757 989 1803 recita,
1011 1757 1114 1794 unde
1149 1757 1358 1803 constabit,
1390 1765 1539 1808 patrem
1561 1756 1652 1794 mihi

178 1817 399 1866 Mantithei,
419 1824 458 1857 et
476 1818 536 1856 isti
558 1818 683 1856 Boeoti
703 1832 844 1857 nomen
864 1819 1109 1870 imposuisse.

733 1997 1096 2036 TESTIMONIA.

237 2118 298 2154 14.
329 2117 418 2156 Hoc
437 2123 583 2156 restare
602 2130 759 2164 censeo,
780 2117 889 2155 vobis
919 2125 963 2155 ut
989 2118 1235 2163 ostendatur,
1256 2118 1434 2163 Judices,
1464 2130 1533 2156 vos
1574 2131 1652 2156 non

179 2179 295 2218 modo
315 2179 491 2231 religioni
509 2187 647 2218 vestrae
668 2179 930 2227 consulturos,
952 2181 983 2217 si
1003 2193 1049 2218 ea
1064 2194 1152 2231 quae
1180 2193 1254 2231 ego
1275 2180 1362 2217 dico
1383 2180 1654 2223 decreveritis:

179 2242 250 2280 sed
285 2242 401 2280 istum
434 2243 562 2294 ipsum
593 2243 710 2281 etiam
742 2249 880 2293 suopte
909 2243 1058 2293 judicio
1089 2243 1216 2280 Boeoti
1246 2256 1402 2287 nomen,
1436 2256 1514 2280 non
1538 2244 1653 2281 Man-

179 2304 289 2342 tithei
320 2304 463 2343 habere
494 2311 688 2356 oportere.
759 2305 859 2343 Nam
892 2318 982 2342 cum
1016 2318 1089 2356 ego
1114 2305 1307 2356 judicium
1339 2305 1414 2342 hoc
1447 2305 1655 2344 dictassem

180 2365 322 2404 Boeoto
343 2366 505 2404 Mantiae
525 2366 571 2404 F.
594 2365 791 2412 Thoricio,
812 2372 852 2404 et
871 2367 1000 2404 statim
1020 2367 1224 2419 respondit
1244 2373 1283 2404 et
1304 2366 1655 2418 calumniamjura-

180 2427 249 2473 vit,
272 2441 315 2466 se
341 2441 428 2466 esse
453 2428 634 2467 Boeotum
654 2429 868 2480 profitens:
900 2428 1083 2480 denique,
1118 2443 1206 2468 cum
1235 2429 1479 2480 tergiversari
1510 2430 1655 2467 diutius

180 2502 258 2527 non
286 2490 435 2537 liceret,
456 2503 497 2529 se
526 2491 730 2529 absentem
759 2490 934 2528 damnari
955 2492 1002 2529 ab
1023 2491 1164 2529 arbitro
1194 2505 1345 2543 passus,
1373 2491 1466 2542 quid
1497 2493 1656 2529 obsecro

180 2550 302 2589 facit?
345 2551 464 2589 Diem
499 2551 671 2590 vicissim
702 2552 794 2589 mihi
828 2552 922 2590 dicit
947 2552 1139 2603 judicium
1169 2566 1257 2591 esse
1292 2553 1458 2599 nullum,
1479 2553 1509 2590 is
1530 2553 1656 2603 quise

182 2620 272 2652 ante
293 2613 473 2652 Boeotum
494 2615 724 2652 nominarat.
774 2614 897 2665 Atqui
919 2628 1007 2652 eum
1023 2616 1072 2652 ab
1094 2615 1202 2652 initio
1218 2622 1354 2653 contra
1375 2615 1551 2652 Boeotum
1569 2628 1656 2665 pro-

182 2676 359 2714 nunciari
386 2676 581 2728 judicium
614 2676 708 2728 pati,
742 2675 934 2727 siquidem
968 2677 1005 2715 id
1035 2690 1177 2715 nomen
1211 2677 1304 2714 nihil
1334 2677 1383 2714 ad
1416 2677 1537 2727 ipsum
1569 2677 1658 2715 atti-

184 2738 316 2782 nebat,
337 2744 377 2776 et
397 2750 475 2775 non
495 2744 586 2789 post
605 2737 706 2775 diem
728 2737 896 2775 vicissim
916 2737 1042 2776 dicere
1061 2737 1110 2775 de
1130 2737 1239 2775 nullo
1255 2737 1416 2788 judicio,
1437 2738 1656 2787 oportebat.

188 2798 263 2842 Qui
296 2799 412 2850 igitur
443 2800 527 2851 ipse
562 2800 740 2838 Boeotum
761 2800 850 2851 jure
873 2812 960 2837 esse
994 2813 1035 2837 se
1069 2799 1352 2850 pronunciavit,
1382 2798 1473 2848 quid
1498 2812 1520 2838 a
1549 2800 1658 2838 vobis

181 2859 320 2911 juratis
334 2861 531 2912 judicibus
551 2861 798 2913 pronunciari
830 2862 1071 2913 postulabit?
1113 2862 1166 2899 Ut
1186 2867 1314 2899 autem
1339 2861 1424 2898 haec
1445 2873 1468 2899 a
1486 2874 1547 2899 me
1569 2874 1658 2900 vere

189 2922 265 2961 dici
283 2929 448 2976 constet,
469 2936 566 2975 cape
587 2923 887 2970 resortitionem,
909 2930 947 2962 et
969 2923 1257 2962 accusationem
1279 2922 1395 2960 hanc.

897 2987 921 3022 4
937 2997 958 3021 1¹·
