1915 3356
573 175 795 214 CONTRA
824 174 1181 215 TIMARCHUM.
1561 177 1611 212 23

151 276 346 317 lescentes
366 278 595 319 edocturum
615 283 834 333 pollicetur,
854 281 990 319 fraude
1011 281 1140 331 aliqua
1168 282 1322 333 injecta,
1347 281 1386 318 id
1411 281 1521 319 vobis
1540 283 1612 319 eri-

152 338 232 389 piat
243 340 348 389 quod
361 348 421 378 est
437 354 458 379 e
476 343 686 393 republica.
717 343 863 388 Altera,
880 342 1184 380 cohortationem
1199 343 1338 380 civium
1353 343 1402 380 ad
1419 342 1612 380 virtutem.

153 400 302 439 Multos
319 403 419 439 enirn
439 410 478 441 et
497 403 768 441 adolescentes
790 410 830 440 et
851 415 964 440 senes
984 401 1140 439 adstare
1155 403 1304 452 judicio
1325 404 1457 441 video:
1487 417 1612 454 neque

150 474 297 512 paucos
332 464 449 501 etiam
477 478 499 503 e
531 465 679 515 reliqua
710 464 865 501 Graecia
889 463 937 500 ad
968 463 1200 501 audiendum
1233 465 1485 502 convenisse:
1514 478 1612 515 quos

149 522 289 562 adesse
310 538 388 563 non
409 527 495 571 mei,
523 526 593 564 sed
614 525 729 563 vestri
747 524 875 575 potius
903 525 1107 575 spectandi
1130 538 1260 569 causa,
1280 532 1417 575 putare
1438 526 1584 563 debetis
1604 539 1612 563 :

150 591 194 621 ut
212 586 447 637 intelligant,
467 600 517 624 an
537 599 614 624 non
633 576 749 624 modo
769 587 892 624 bonas
920 586 1026 637 leges
1047 587 1197 624 sancire
1222 586 1364 632 sciatis,
1393 587 1459 623 sed
1485 588 1613 633 etiam,

148 659 237 695 quae
256 646 434 692 honesta,
456 661 544 698 quae
559 648 765 685 inhonesta
781 648 871 694 sint,
886 648 956 686 rite
974 648 1188 698 dijudicare
1207 648 1360 698 queatis
1377 661 1385 685 :
1417 654 1457 685 et
1476 660 1524 685 an
1543 648 1612 686 ho-

148 721 283 746 norem
313 709 454 746 habere
475 710 607 747 sciatis
627 710 716 747 viris
736 710 876 748 bonis:
909 716 948 747 et
976 723 1024 747 an
1056 710 1178 747 velitis
1199 723 1267 747 eos
1289 709 1439 760 punire,
1467 710 1532 759 qui
1559 711 1612 747 sic

145 768 262 806 vitam
295 769 557 816 instituerunt,
594 778 637 808 ut
670 784 717 808 ea
750 771 789 808 in
822 770 1046 822 reipublioae
1085 771 1333 821 ignominiam
1363 770 1612 808 redundaret.

146 829 285 868 Dicam
300 824 436 869 autem
454 832 617 883 primum
647 832 752 884 apud
772 845 841 871 vos
874 832 922 870 de
951 831 1193 870 defensione.
1254 832 1357 869 Nam
1379 832 1612 882 eloquentiae

121 906 125 909 ·
143 891 267 942 copiis
287 893 450 931 affluens
472 894 757 932 Demosthenes
778 894 846 939 ait,
868 894 977 932 vobis
1000 901 1067 931 aut
1088 893 1274 932 delendas
1294 907 1381 931 esse
1402 893 1525 944 leges,
1546 901 1613 932 aut

142 965 221 989 non
246 953 419 992 dandum
447 969 534 994 esse
566 957 696 994 locum
723 956 888 994 orationi
920 969 1032 994 meae.
1081 956 1307 994 Admiratur
1335 956 1453 1001 enim,
1483 956 1515 993 si
1542 970 1611 995 vos

141 1025 278 1052 omnes
295 1029 373 1054 non
393 1018 655 1064 memineritis,
676 1025 855 1056 senatum
884 1019 1092 1069 quotannis
1114 1018 1282 1056 vendere
1301 1017 1468 1067 vectigal
1488 1030 1612 1055 mere-

142 1075 319 1115 tricium:
350 1078 513 1130 ejusque
542 1079 743 1130 vectigalis
764 1080 1028 1131 redemptores
1047 1093 1127 1117 non
1147 1080 1380 1130 conjectare,
1409 1078 1478 1115 sed
1503 1092 1610 1116 com-

140 1143 291 1186 pertum
302 1139 458 1186 habere,
473 1140 539 1190 qui
551 1140 696 1177 faciant
709 1155 796 1178 eum
813 1147 1021 1190 quaestum.
1043 1141 1257 1191 Postquam
1274 1140 1391 1191 igitur
1403 1153 1476 1190 ego
1490 1154 1610 1180 ausus

139 1196 213 1234 sim
233 1199 282 1235 ad
300 1206 508 1249 praetorem
527 1200 682 1245 referre,
704 1200 911 1238 Timarcho
931 1214 1009 1239 non
1030 1200 1149 1239 licere
1169 1202 1378 1239 conciones
1393 1202 1550 1249 habere,
1566 1210 1610 1241 ut

137 1258 204 1308 qui
237 1259 464 1309 pudicitiam
494 1260 758 1311 prostituerit:
787 1260 984 1311 postulare
1014 1261 1091 1299 hoc
1123 1262 1323 1312 negotium
1354 1276 1433 1300 non
1465 1265 1609 1302 crimen

137 1321 388 1368 accusatoris,
410 1322 480 1359 sed
498 1322 760 1360 testimonium
781 1321 1053 1373 redemptoris,
1079 1322 1147 1372 qui
1175 1323 1344 1374 vectigal
1370 1324 1476 1362 istud
1497 1338 1521 1362 a
1541 1326 1608 1363 Ti-

137 1382 296 1421 marcho
317 1383 530 1434 collegerit.
574 1383 662 1434 Ego
681 1396 786 1428 ver0‚
806 1383 1084 1429 Athenienses,
1103 1384 1363 1431 considerate,
1384 1398 1434 1422 an
1454 1386 1503 1424 ad
1522 1386 1608 1425 haec

138 1443 362 1495 simpliciter
377 1445 661 1496 liberaliterque
675 1445 747 1483 sim
763 1458 1035 1497 responsurus.
1066 1445 1169 1482 Nam
1181 1439 1242 1483 me
1255 1445 1419 1484 civitatis
1432 1447 1607 1497 pudebit,

136 1504 170 1542 si
188 1505 428 1553 Timarchus,
455 1507 521 1558 qui
540 1506 686 1558 populo
717 1506 808 1562 sitga
827 1505 1014 1550 consiliis,
1044 1507 1110 1556 qui
1132 1506 1351 1556 legationes
1381 1507 1421 1544 in
1452 1508 1607 1548 Graecia

135 1566 241 1603 obire
261 1567 418 1615 audeat,
438 1581 517 1606 non
539 1574 660 1606 totam
687 1581 767 1607 rem
797 1581 820 1605 a
847 1581 887 1606 se
914 1580 1094 1605 amovere
1115 1568 1322 1614 studuerit,
1343 1568 1412 1606 sed
1439 1569 1486 1607 de
1508 1570 1605 1609 locis

124 1626 393 1680 interrogarit,
412 1629 479 1667 ubi
498 1630 655 1677 sederit,
676 1636 715 1668 et
743 1629 984 1681 publicanos,
1014 1642 1064 1667 an
1084 1642 1126 1667 se
1146 1642 1316 1680 unquam
1346 1631 1604 1670 meretricium

132 1690 301 1741 vectigal
318 1692 534 1743 exegerint.
578 1691 665 1730 Hac
686 1691 804 1742 igitur
824 1691 1052 1730 defensione
1069 1698 1200 1730 vestra
1214 1704 1337 1729 causa
1355 1692 1484 1730 cedat.
1517 1693 1603 1744 Ego

132 1762 223 1788 vero
262 1751 375 1789 aliam
413 1753 601 1791 rationem
639 1752 708 1790 tibi
747 1766 968 1803 suggeram,
1000 1752 1207 1791 honestam
1242 1760 1280 1791 et
1316 1767 1492 1804 aequam:
1525 1768 1603 1806 qua

132 1812 267 1859 utaris,
297 1814 329 1852 si
349 1814 492 1852 nullius
511 1814 579 1852 tibi
606 1814 855 1866 turpitudinis
877 1828 918 1852 es
946 1814 1144 1852 conscius.
1191 1814 1347 1852 Audeto
1359 1815 1514 1866 judices
1541 1817 1599 1854 in-

129 1881 244 1913 tuens
263 1887 310 1913 ea
329 1875 473 1920 dicere,
501 1888 590 1926 quae
609 1875 778 1914 dicenda
799 1882 892 1914 sunt
908 1876 990 1914 viro
1014 1875 1192 1914 modeste
1220 1877 1346 1914 aetatis
1377 1877 1473 1915 flore
1502 1891 1571 1916 uso
1589 1892 1600 1916 ε

130 1936 402 1985 Athenienses,
423 1950 497 1988 ego
517 1951 541 1976 a
559 1937 726 1988 pueritia
738 1945 777 1976 et
791 1937 1058 1976 adolescentia
1077 1951 1164 1976 sum
1177 1937 1281 1989 apud
1300 1951 1366 1976 vos
1382 1939 1571 1978 educatus
1586 1954 1596 1978 ε

128 2011 254 2048 neque
272 2012 364 2037 vero
395 1999 533 2037 studiis
553 1999 730 2038 obscuris
758 2012 940 2050 occupor,
972 1999 1043 2036 sed
1072 1999 1276 2037 vobiscum
1311 2001 1532 2051 conspicior
1559 2003 1598 2040 in

128 2059 396 2097 concionibus.
424 2060 600 2097 Arbitror
620 2067 765 2110 autem,
786 2060 818 2097 si
833 2060 873 2097 id
893 2059 1053 2105 crimen,
1072 2060 1184 2110 cujus
1202 2074 1358 2111 arguor,
1379 2061 1485 2112 apud
1501 2062 1598 2100 alios

127 2121 221 2159 mihi
255 2120 544 2159 defendendum
576 2128 705 2160 esset:
735 2121 871 2159 vestris
892 2121 1123 2161 testimoniis
1148 2135 1210 2159 me
1241 2115 1480 2160 accusatoris
1510 2137 1595 2162 ora-

124 2181 269 2220 tionem
294 2183 407 2220 facile
435 2181 557 2220 fuisse
585 2181 856 2220 refutaturum.
904 2181 1044 2234 Neque
1074 2182 1175 2220 enim
1209 2189 1292 2220 tum
1323 2183 1531 2229 duntaxat,
1564 2187 1596 2224 si

125 2243 218 2294 quid
240 2244 399 2281 istorum
418 2244 493 2294 egi,
514 2243 585 2281 sed
601 2244 633 2281 si
651 2243 761 2281 vobis
777 2243 905 2294 egisse
920 2243 1053 2281 videor
1068 2243 1185 2281 vitam
1206 2245 1254 2282 ab
1271 2244 1353 2282 istis
1369 2245 1594 2285 criminibus

124 2318 203 2343 non
223 2305 495 2343 abhorrentem
513 2318 522 2342 ε
551 2305 669 2343 vitam
688 2305 850 2356 posthac
872 2305 1051 2343 acerbam
1066 2304 1160 2342 mihi
1175 2305 1418 2352 existimans,
1438 2320 1515 2345 non
1535 2321 1593 2346 re-

124 2379 220 2405 cuso
235 2379 313 2417 quo
333 2367 461 2404 minus
478 2366 612 2405 civitas
633 2367 682 2404 de
702 2380 765 2404 me
783 2366 1015 2418 supplicium
1031 2374 1173 2413 sumat,
1189 2374 1231 2405 ut
1248 2381 1288 2405 se
1306 2368 1410 2419 apud
1427 2368 1592 2408 Graecos

122 2441 307 2468 excusare
325 2436 465 2479 queat:
496 2441 623 2479 neque
644 2428 694 2466 ad
720 2441 790 2466 vos
811 2428 1046 2480 deprecandi
1065 2441 1185 2468 causa
1203 2429 1331 2476 venio,
1351 2430 1429 2468 imo
1448 2429 1591 2468 interfi-

122 2490 240 2529 citote
260 2502 336 2536 me,
350 2489 381 2527 si
401 2490 518 2527 talem
539 2489 838 2527 existimatis.—

176 2552 241 2589 26.
272 2551 385 2597 Haec,
405 2550 622 2598 Timarche,
643 2550 819 2588 defensio
838 2550 955 2589 fuerit
982 2551 1051 2589 viri
1069 2552 1161 2590 boni
1190 2558 1230 2590 et
1248 2552 1430 2598 modesti,
1452 2560 1492 2590 et
1511 2553 1589 2591 vita

121 2618 302 2651 anteacta
320 2612 421 2657 freti,
440 2618 480 2649 et
507 2612 638 2650 omnia
657 2612 866 2651 maledicta
895 2625 972 2650 non
995 2614 1077 2651 sine
1102 2613 1249 2651 ratione
1279 2616 1586 2653 contemnentis:

120 2687 209 2725 quae
228 2686 320 2712 vero
341 2674 497 2717 dicendi
518 2674 808 2713 Demosthenes
829 2674 896 2712 tibi
912 2680 1049 2712 auctor
1064 2680 1137 2721 est,
1156 2688 1203 2712 ea
1222 2688 1301 2713 non
1317 2683 1408 2713 sunt
1422 2675 1585 2715 hominis

119 2735 291 2786 ingenui,
311 2735 381 2772 sed
399 2735 532 2786 scorti,
552 2736 601 2774 de
620 2735 717 2774 locis
735 2735 1020 2775 contendentis.
1050 2735 1245 2779 Quoniam
1265 2744 1396 2774 autem
1422 2737 1471 2774 ad
1492 2750 1584 2789 cog-

118 2803 305 2835 nomenta
323 2796 604 2835 domiciliorum
633 2797 826 2849 confugis,
848 2804 886 2834 et
908 2810 988 2835 rem
1018 2797 1189 2835 ostiatim
1209 2799 1369 2849 coargui
1394 2799 1584 2848 postulas,

119 2858 182 2896 ubi
217 2856 388 2896 sederis:
419 2858 560 2897 auditis
593 2858 639 2897 iis
667 2872 756 2909 quae
788 2858 962 2896 dicturus
992 2871 1090 2904 sum,
1114 2858 1280 2896 eandem
1309 2859 1522 2898 orationem
1551 2862 1582 2898 si

117 2919 222 2972 sapis
242 2932 320 2959 non
340 2926 504 2970 repetes.
549 2919 687 2971 Neque
707 2919 811 2960 enim
830 2919 1027 2959 domicilia
1056 2926 1124 2958 aut
1148 2919 1408 2959 habitationes
1436 2933 1581 2973 cogno-
