1965 3356
591 224 650 261 IN
683 219 1154 261 OLYMPIODORUM.
1526 219 1604 256 673

137 335 253 373 frater
271 347 381 373 meus
403 333 599 372 semissem
620 333 810 371 duntaxat
828 331 1059 383 postularet.
1117 330 1329 381 Postquam
1356 330 1471 381 igitur
1499 329 1603 380 apud

136 403 338 448 praetorem
358 396 535 435 omnibus
557 394 824 433 controversiis
844 393 1082 444 perquisitis,
1098 393 1179 444 jam
1212 392 1247 429 in
1272 393 1420 443 judicio
1441 400 1603 431 conten-

135 459 311 496 dendum
331 465 425 504 erat,
440 471 598 510 prorsus
617 455 791 507 imparati
813 469 965 494 eramus
982 456 1031 493 ad
1051 467 1211 493 causam
1233 454 1363 491 statim
1384 454 1604 501 dicendam,

133 533 210 571 ego
236 527 276 559 et
306 519 623 572 Olympiodorus,
643 524 847 569 propterea
872 517 974 568 quod
1002 516 1112 554 multi
1141 515 1350 554 adversarii
1377 517 1504 554 subito
1533 529 1603 554 nos

134 588 432 633 oppresserant:
461 588 650 631 quantum
682 586 810 617 autem
842 592 902 617 res
933 579 1109 616 ferebant
1137 577 1394 616 communiter
1414 577 1606 616 delibera—

135 644 287 690 bamus,
307 643 435 693 siqua
453 641 491 679 in
510 641 718 693 praesentia
736 653 844 679 mora
872 640 1034 691 produci
1061 641 1177 678 rebus
1204 646 1352 690 posset,
1374 646 1417 676 ut
1443 653 1512 677 nos
1538 653 1605 690 per

135 705 254 742 otium
275 705 324 743 ad
338 704 529 755 judicium
546 716 782 755 pararemus.
824 703 929 741 Inter
944 702 1030 740 haec
1052 716 1121 740 vos
1142 701 1400 739 fortefortuna
1419 707 1458 738 et
1477 701 1606 739 divino

136 767 304 818 quodam
326 767 405 804 fato
421 765 576 817 impulsi
598 766 646 803 ab
668 765 881 803 oratoribus
903 764 1173 803 decernebatis
1194 763 1405 801 exercitum
1426 763 1464 800 in
1482 764 1606 801 Acar-

135 828 290 866 naniam
306 828 557 871 mittendum
579 828 782 878 oportebat
797 826 914 878 igitur
928 827 1028 865 inter
1044 833 1207 864 caeteros
1223 825 1338 863 etiam
1354 824 1608 876 Olympiodo-

135 903 218 927 rum
234 889 411 931 militare.
455 889 663 927 Obtulerat
681 901 774 939 ergo
794 902 881 927 sese
900 888 1173 940 pulcherrima,
1187 894 1230 925 ut
1242 888 1489 938 putabamus,
1509 886 1607 924 dila-

136 951 252 990 tionis
273 951 443 997 occasio,
462 951 617 1002 publice
638 950 713 988 isto
735 951 898 988 absente
918 957 956 988 et
975 950 1178 988 militante.
1233 949 1335 987 Cum
1354 961 1446 987 vero
1465 954 1607 999 praetor

130 1013 242 1064 jussu
262 1013 360 1064 legis
379 1026 514 1051 omnes
531 1013 773 1051 adversarios
790 1012 829 1049 in
843 1012 968 1051 forum
988 1011 1364 1060 citaret‚juravimus
1384 1023 1456 1048 nos
1473 1010 1609 1061 Olym-

134 1074 338 1125 piodorum
362 1075 517 1126 publice
541 1076 675 1113 abesse
695 1074 946 1112 militantem:
968 1075 1045 1124 quo
1058 1073 1314 1125 jurejurando
1336 1072 1383 1111 de
1403 1072 1479 1110 isto
1501 1071 1608 1116 dato,

135 1136 304 1175 vicissim
325 1136 509 1187 jurarunt
536 1136 760 1182 adversarii,
780 1143 819 1174 et
847 1135 1168 1187 Olympiodorum
1200 1134 1490 1180 calumniando,
1517 1145 1608 1170 cum

135 1204 226 1249 post
242 1211 314 1236 nos
334 1197 728 1248 dicerent,judicibus
741 1205 1019 1249 persuaserunt
1031 1205 1074 1235 ut
1095 1198 1366 1244 decernerent,
1389 1198 1433 1246 ej
1452 1210 1476 1233 u
1489 1209 1505 1232 s
1532 1196 1547 1246 j
1563 1209 1608 1232 u-

136 1260 262 1298 dicii
290 1273 451 1298 causa
477 1261 669 1298 abesse
694 1260 848 1298 istum
874 1273 977 1298 non
1002 1260 1224 1312 publico
1251 1259 1468 1297 nomine.
1491 1258 1610 1302 Quod

135 1335 224 1359 cum
248 1321 402 1374 judices
432 1321 707 1369 decrevissent,
732 1330 874 1373 praetor
898 1321 1150 1373 Pythodorus
1172 1320 1442 1373 olympiodori
1473 1327 1608 1372 postu-

135 1382 320 1422 lationem
335 1382 486 1435 exlege
507 1384 694 1423 abolevit:
722 1397 801 1435 qua
820 1384 977 1428 abolita,
999 1383 1091 1421 mihi
1106 1396 1259 1434 quoque
1276 1396 1439 1421 necesse
1453 1383 1528 1421 fuit
1542 1382 1610 1420 de-

135 1447 272 1485 sistere
286 1446 334 1485 ab
349 1445 526 1484 instituta
538 1446 574 1484 in
593 1445 790 1484 semissem
805 1445 1044 1484 haereditatis
1058 1445 1223 1484 actione.
1252 1445 1323 1483 His
1338 1445 1455 1484 factis
1466 1452 1609 1496 praetor

133 1507 361 1545 adversariis
375 1507 969 1546 nostrisCononishaereditatem
985 1507 1156 1545 addixit:
1177 1507 1232 1546 sic
1249 1507 1351 1545 enim
1365 1507 1491 1545 facere
1504 1505 1604 1557 legi-

135 1570 208 1607 bus
222 1569 449 1620 cogebatur.
487 1569 577 1613 Qua
589 1569 714 1608 evicta
723 1569 887 1621 judicio,
906 1582 996 1606 mox
1012 1568 1051 1606 in
1065 1569 1255 1607 Piraeeum
1271 1569 1432 1620 egressi,
1444 1582 1609 1620 accepe-

134 1637 227 1668 runt
246 1631 376 1668 omnia
395 1644 482 1682 quae
500 1638 661 1681 uterque
681 1638 855 1668 nostrum
869 1644 940 1682 pro
958 1644 1029 1669 sua
1047 1631 1221 1682 portione
1241 1631 1443 1669 habuerat.
1476 1632 1610 1682 Atque

134 1706 210 1744 ego
229 1706 318 1731 cum
338 1692 442 1731 domi
463 1705 590 1730 essem
612 1706 737 1731 meam
763 1693 845 1744 ipse
865 1693 1020 1738 tradidi,
1042 1706 1205 1731 necesse
1236 1693 1337 1730 enim
1367 1701 1448 1731 erat
1474 1706 1610 1744 parere

136 1755 312 1806 legibus:
345 1755 618 1806 Olympiodori
644 1768 734 1793 vero
754 1755 922 1793 absentis
952 1754 1196 1793 abstulerunt
1218 1755 1347 1792 omnia
1375 1763 1518 1806 praeter
1542 1768 1610 1807 pe-

134 1817 291 1855 cuniam
313 1830 335 1854 a
355 1828 466 1854 servo
488 1822 689 1861 extortam,
711 1829 834 1866 neque
852 1816 955 1854 enim
969 1816 1024 1853 illi
1043 1816 1238 1854 habebant
1252 1816 1355 1853 unde
1376 1816 1481 1854 illam
1500 1829 1610 1854 recu-

135 1885 327 1933 perarent.
385 1877 483 1915 Haec
508 1878 547 1914 in
566 1878 745 1915 absentia
765 1877 1032 1929 Olympiodori
1052 1887 1165 1929 gesta
1185 1884 1289 1924 sunt,
1311 1885 1350 1916 et
1375 1878 1446 1916 hos
1467 1891 1541 1929 ego
1563 1891 1609 1916 ex

136 1940 218 1992 ejus
239 1940 426 1978 societate
444 1939 592 1977 fructus
613 1939 714 1991 cepi.
766 1939 960 1978 Reversus
982 1941 1030 1978 ab
1050 1940 1297 1992 expeditione
1318 1953 1397 1977 una
1417 1953 1505 1978 cum
1526 1940 1610 1979 aliis

137 2003 456 2055 Olympiodorus,
489 2001 666 2048 Judices,
701 2003 868 2052 graviter
904 2009 943 2040 et
976 2003 1109 2054 iniquo
1145 2002 1274 2040 auimo
1307 2015 1354 2040 ea
1383 2016 1470 2053 quae
1501 2011 1612 2054 gesta

136 2072 247 2103 erant
263 2065 496 2116 patiebatur,
519 2072 558 2103 et
577 2064 708 2115 inique
730 2078 863 2103 secum
884 2066 947 2115 agi
966 2067 1212 2117 querebatur.

193 2127 229 2163 6.
261 2127 361 2165 Cum
394 2133 522 2165 autem
551 2127 633 2177 jam
671 2127 869 2178 explesset
910 2134 1023 2177 atque
1063 2127 1268 2165 effudisset
1304 2126 1611 2178 indignationem

140 2201 264 2235 suam,
290 2187 421 2227 denuo
454 2189 726 2239 quaerebamus
751 2188 1086 2239 communiterque
1119 2190 1442 2235 deliberabamus,
1472 2202 1545 2240 ego
1574 2196 1613 2227 et

141 2249 460 2302 Olympiodorus,
480 2263 556 2301 quo
575 2256 691 2301 pacto
712 2250 855 2288 amissa
873 2263 1202 2301 recuperaremus.
1261 2251 1491 2288 Tumcnobis
1519 2262 1612 2287 con-

134 2312 371 2350 sultantibus
391 2312 514 2350 visum
534 2320 607 2356 est,
639 2319 683 2350 ut
706 2325 773 2350 eos
797 2312 863 2362 qui
887 2311 1157 2351 haereditatem
1189 2312 1263 2350 sibi
1280 2312 1536 2360 vendicarant
1547 2314 1611 2359 ju-

137 2373 239 2412 dicio
260 2387 543 2413 arcesseremus
563 2387 613 2412 ex
636 2374 737 2425 lege,
767 2381 885 2424 atque
906 2387 952 2412 eo
981 2387 1107 2412 rerum
1135 2380 1238 2412 statu
1259 2364 1346 2421 esse
1377 2373 1613 2412 tutissimum

139 2449 189 2474 ue
208 2436 280 2487 ipsi
301 2437 378 2475 una
396 2443 436 2474 et
454 2436 674 2488 conjunctis
697 2436 839 2474 viribus
867 2448 957 2474 cum
988 2435 1218 2474 adversariis
1240 2435 1519 2486 experiremur,
1543 2434 1611 2472 sed

140 2505 301 2549 uterque
321 2498 506 2536 seorsim:
539 2505 654 2549 atque
682 2505 726 2536 ut
758 2497 1063 2549 Olympiodorus
1096 2504 1217 2536 totam
1248 2497 1516 2535 haereditatem
1544 2509 1612 2547 po-

141 2561 316 2606 stularet,
348 2567 392 2599 ut
421 2560 527 2612 prius
559 2561 686 2605 etiam,
715 2567 755 2598 et
786 2572 855 2610 pro
886 2573 926 2597 se
961 2551 1118 2611 ageret;
1163 2572 1238 2611 ego
1277 2571 1368 2598 vero
1402 2559 1611 2604 semissem,

137 2635 228 2662 cum
251 2623 371 2661 frater
397 2622 511 2661 etiam
544 2635 651 2660 meus
672 2621 876 2673 Callippus
901 2623 1098 2659 semissem
1120 2621 1311 2659 duntaxat
1330 2627 1494 2672 peteret.
1546 2619 1612 2666 Ut,

138 2684 171 2723 si
192 2684 495 2737 Olympiodorus
527 2685 712 2730 vinceret,
733 2676 808 2735 ego
837 2697 858 2722 e
891 2684 1038 2721 foedere
1065 2691 1103 2721 et
1129 2683 1382 2735 jurejurando
1410 2695 1544 2719 rursus
1564 2682 1612 2719 ab

142 2745 217 2784 isto
235 2739 388 2798 parte-m⁴
402 2746 642 2798 acciperem:
674 2746 732 2784 sin
752 2746 852 2784 forte
880 2747 1167 2789 succumberet,
1189 2759 1233 2783 ac
1256 2744 1360 2782 aliud
1382 2743 1612 2795 pronuncia-

141 2816 229 2846 rent
247 2809 421 2856 Judices,
443 2815 487 2847 ut
507 2809 577 2847 iste
597 2821 748 2860 aequam
767 2821 789 2846 a
807 2821 869 2846 me
888 2813 1035 2860 partem
1058 2808 1259 2858 reciperet,
1280 2806 1612 2856 quemadmodum

144 2876 183 2908 et
198 2870 452 2922 jurejurando
481 2878 522 2909 et
551 2871 732 2923 pactione
759 2870 934 2909 obstricti
961 2883 1126 2909 eramus,
1186 2869 1273 2906 Hoc
1309 2869 1403 2906 inito
1436 2868 1612 2911 consilio,

142 2938 184 2971 et
203 2939 245 2970 ut
264 2932 457 2972 tutissimo
477 2934 640 2986 probato
661 2941 741 2973 tum
764 2947 787 2971 a
808 2946 867 2971 me
889 2940 971 2971 tum
1000 2933 1048 2971 ab
1077 2931 1373 2983 Olympiodoro,
1393 2928 1499 2969 citati
1521 2939 1612 2970 sunt

843 2998 866 3032 4
887 3008 910 3032 R
