1948 3306
352 165 428 202 746
760 163 1050 203 ADVERSUS
1082 163 1420 204 EUBULIDEM.

973 330 1190 371 TESTES.

409 428 446 465 9.
468 427 660 466 Praeterea
680 441 768 467 cum
785 429 820 467 ei
840 427 947 466 liberi
967 428 1143 479 quaterni
1164 434 1296 466 essent
1315 429 1408 476 nati,
1423 427 1559 467 uterini
1577 429 1651 467 mei
1664 429 1816 477 fratres,

354 496 393 527 et
413 490 566 536 mortui,
581 490 731 542 sepeliit
750 503 816 528 eos
836 490 874 527 in
895 490 1025 540 patriis
1042 490 1302 537 monimentis,
1318 504 1404 542 quoe
1426 496 1617 542 quotquot
1632 503 1653 528 e
1672 490 1817 530 familia

355 558 459 597 sunt,
478 553 732 603 participant:
762 565 889 604 neque
911 551 1071 590 istorum
1087 552 1292 604 quisquam
1305 567 1478 604 unquam
1490 553 1626 601 vetuit,
1645 559 1713 591 aut
1726 565 1816 605 pro-

354 613 493 661 hibuit,
516 629 641 666 neque
663 628 751 652 eum
772 615 810 651 in
824 615 890 666 jus
909 615 1074 653 vocavit.
1114 615 1211 659 Quis
1226 629 1317 654 vero
1338 622 1413 662 est,
1433 616 1498 667 qui
1519 629 1542 654 a
1561 614 1705 653 familia
1723 614 1817 653 alie·
1838 645 1843 654 ,

355 688 426 713 nos
447 676 484 714 in
508 677 637 727 patriis
657 674 809 727 sepeliri
829 675 1076 714 monimentis
1103 677 1292 728 patiatur?
1337 677 1392 716 Ut
1410 684 1540 716 autem
1558 684 1596 715 et
1615 677 1703 715 haec
1727 689 1816 715 vere

355 750 376 776 a
397 751 458 776 me
479 737 553 776 dici
574 744 741 785 constet,
761 750 858 789 cape
878 737 1156 777 testimonium.

888 892 1296 931 TESTIMONIUM.

411 996 471 1033 10.
503 994 566 1033 De
596 1002 705 1047 patre
735 996 864 1047 igitur,
885 996 1007 1035 fuisse
1037 1008 1124 1034 eum
1150 994 1443 1043 Atheniensem,
1462 996 1548 1034 haec
1575 994 1701 1034 habeo
1728 1009 1817 1048 quae

351 1048 490 1104 dicam,
506 1064 547 1095 et
566 1064 684 1096 testes
699 1059 864 1110 produxi
885 1070 1076 1111 eos,quos
1097 1057 1161 1096 isti
1180 1056 1251 1109 ipsi
1271 1056 1374 1096 cives
1395 1071 1480 1097 esse
1498 1058 1818 1110 pronunciarunt‚

349 1118 415 1169 qui
445 1119 714 1167 testificantur,
748 1133 834 1159 eum
866 1134 978 1159 suum
1003 1120 1125 1159 fuisse
1151 1119 1438 1160 consobrinum.
1496 1121 1662 1159 Constat
1686 1127 1817 1160 autem

352 1193 442 1219 eum
461 1188 521 1220 tot
539 1189 579 1221 et
606 1189 664 1220 tot
696 1195 817 1222 annos
839 1183 904 1222 hic
924 1183 1080 1231 vixisse,
1101 1189 1139 1221 et
1159 1195 1355 1234 nunquam
1374 1196 1542 1234 usquam
1562 1189 1606 1222 ut
1623 1182 1817 1235 hospitem

351 1255 439 1281 esse
459 1244 760 1296 deprehensum,
783 1245 851 1285 sed
871 1246 921 1284 ad
940 1246 1010 1284 hos
1029 1252 1218 1297 cognatos
1247 1258 1338 1284 suos
1365 1244 1604 1296 confugisse,
1631 1244 1698 1296 qui
1725 1257 1817 1284 eum

352 1311 392 1343 et
422 1315 664 1358 receperunt,
675 1315 723 1348 et
752 1309 959 1347 facultates
994 1308 1028 1347 ei
1057 1307 1338 1360 impertierunt,
1369 1315 1412 1347 ut
1438 1320 1594 1346 suorum
1626 1308 1706 1345 uni.
1762 1307 1817 1346 Iis

351 1379 465 1418 porro
485 1370 722 1421 temporibus
753 1377 869 1409 natus
901 1371 988 1417 fuit,
1007 1377 1051 1408 ut
1082 1369 1235 1408 etiamsi
1265 1383 1314 1408 ex
1345 1369 1467 1408 altera
1492 1369 1683 1407 duntaxat
1708 1375 1817 1420 parte

351 1426 446 1468 civis
466 1431 618 1479 fuisset,
639 1432 760 1471 civem
789 1446 877 1471 eum
905 1433 1039 1471 haberi
1064 1432 1302 1478 conveniret,
1329 1444 1419 1470 cum
1438 1437 1554 1470 natus
1571 1426 1668 1470 ante'
1682 1431 1817 1470 Eucli-

353 1491 443 1530 dem
462 1493 590 1532 fuerit.
638 1494 698 1532 De
720 1502 842 1533 matre
861 1501 989 1533 autem
1009 1508 1242 1534 mea—nam
1261 1501 1301 1533 et
1315 1494 1419 1533 hanc
1438 1494 1818 1547 exagitarunt—jam

352 1553 496 1602 dicam,
516 1562 555 1593 et
574 1555 759 1594 orationis
779 1569 876 1594 meae
895 1557 1026 1595 citabo
1047 1563 1182 1595 testes.
1238 1557 1425 1600 Quamvis
1444 1569 1523 1595 non
1543 1556 1660 1595 modo
1681 1562 1818 1595 contra

352 1615 510 1655 decreta
541 1618 737 1655 forensem
771 1624 963 1670 quaestum
992 1619 1105 1657 nobis
1136 1619 1319 1671 objecerit
1347 1618 1578 1666 Eubulides‚
1607 1619 1678 1657 sed
1701 1618 1818 1658 etiam

351 1685 490 1716 contra
508 1678 628 1730 leges,
649 1692 737 1730 quae
762 1680 926 1718 convicii
947 1681 1106 1719 crimine
1123 1681 1245 1720 teneri
1258 1681 1400 1733 jubent
1418 1694 1521 1729 eum,
1540 1681 1606 1733 qui
1624 1687 1817 1732 quaestum

350 1739 390 1777 in
419 1740 503 1779 foro
530 1741 599 1778 ulli
629 1741 783 1788 civium,
815 1755 883 1780 seu
911 1743 1007 1789 viro,
1037 1756 1106 1781 seu
1138 1744 1288 1781 mulieri
1316 1743 1568 1796 exprobrarit.
1625 1743 1709 1782 Nos
1727 1755 1819 1781 vero

351 1800 518 1840 fatemur
537 1810 576 1841 et
595 1803 736 1841 fascias
757 1804 925 1842 vendere
945 1817 1029 1851 nos,
1046 1811 1087 1842 et
1099 1804 1277 1844 victitare
1297 1818 1376 1843 non
1396 1805 1452 1843 uti
1470 1805 1663 1843 volumus.
1701 1802 1818 1847 Quod

353 1863 385 1900 si
406 1864 476 1901 tibi
495 1872 723 1915 argumento
757 1872 830 1911 est,
851 1878 920 1903 nos
951 1878 1030 1903 non
1065 1878 1150 1904 esse
1180 1866 1296 1913 cives,
1324 1879 1399 1918 ego
1427 1866 1496 1905 tibi
1526 1865 1640 1917 hujus
1658 1865 1817 1904 omnino

354 1925 588 1963 contrarium
613 1927 800 1977 probabo,
822 1939 899 1964 non
922 1927 1038 1965 licere
1069 1928 1272 1979 peregrino
1291 1928 1331 1966 in
1359 1929 1442 1968 foro
1461 1934 1654 1980 quaestum
1674 1927 1817 1968 facere.

354 1985 462 2037 Cape
475 1988 658 2039 primum,
681 2001 727 2027 ac
743 1988 828 2039 lege
846 1988 939 2026 mihi
955 1988 1112 2027 Solonis
1130 1989 1271 2041 legem.

1023 2132 1146 2170 LEX.

354 2225 462 2276 Cape
479 2225 595 2264 etiam
617 2227 904 2279 Aristophontis
924 2228 1066 2281 legem.
1109 2228 1149 2265 Is
1169 2227 1271 2266 enim
1287 2240 1373 2266 eam
1393 2227 1492 2267 adeo
1510 2234 1615 2267 recte
1634 2234 1674 2267 et
1691 2241 1817 2282 popu-

352 2284 482 2324 lariter
514 2300 600 2326 esse
630 2288 750 2328 latam
783 2289 948 2338 censuit,
980 2298 1024 2329 ut
1054 2290 1403 2329 senatusconsulto
1435 2290 1698 2330 renovandam
1729 2304 1817 2331 esse

352 2346 579 2387 decreverit.

1017 2456 1141 2494 LEX.

356 2547 530 2586 Tuendae
549 2555 641 2587 sunt
653 2548 771 2600 igitur
789 2551 897 2588 vobis
915 2550 1036 2602 leges,
1056 2564 1183 2602 neque
1200 2552 1226 2589 ii
1243 2552 1308 2603 qui
1327 2559 1519 2604 quaestum
1540 2552 1690 2592 faciunt
1707 2567 1818 2605 pere-

353 2609 465 2661 grini,
484 2609 554 2647 sed
573 2610 637 2661 qui
657 2611 954 2659 calumniantur,
973 2613 1139 2664 improbi
1159 2620 1251 2652 sunt
1269 2613 1452 2653 habendi.
1510 2614 1586 2653 Est
1605 2614 1720 2663 enim,
1737 2616 1817 2655 Eu-

351 2671 500 2719 bulide,
519 2671 594 2710 alia
611 2685 764 2725 quoque
785 2673 847 2711 lex
865 2674 914 2712 de
946 2675 1114 2726 ignavia,
1136 2675 1198 2713 cui
1230 2688 1320 2718 cum
1339 2676 1424 2726 ipse
1443 2675 1634 2714 obnoxius
1656 2677 1723 2725 sis,
1743 2690 1815 2717 nos

354 2734 421 2785 qui
450 2746 548 2785 opus
580 2733 755 2782 facimus,
792 2737 981 2787 exagitas,
1038 2737 1184 2774 Verum
1214 2750 1318 2775 nunc
1351 2750 1476 2788 usque
1505 2737 1604 2776 adeo
1636 2738 1815 2778 infelices

353 2807 500 2842 sumus,
529 2802 572 2833 ut
600 2796 664 2834 isti
689 2797 802 2836 liceat
828 2806 938 2836 extra
963 2811 1122 2837 causam
1141 2798 1359 2844 conviciari,
1381 2805 1497 2850 atque
1523 2799 1654 2838 omnia
1672 2801 1815 2848 facere,

353 2870 402 2896 ne
432 2870 562 2896 meum
594 2858 686 2897 mihi
706 2860 773 2912 jus
806 2860 1021 2901 tribuatur:
1050 2874 1112 2900 me
1142 2868 1272 2900 autem
1298 2861 1462 2900 fortasse
1494 2861 1761 2914 objurgabitis,
1783 2861 1814 2901 si

353 2918 488 2959 dixero
505 2921 831 2973 quemadmodum
862 2923 933 2961 iste
960 2923 999 2962 in
1026 2924 1123 2962 urbe
1152 2923 1382 2964 circumiens
1402 2936 1482 2964 rem
1503 2923 1634 2964 faciat.
1691 2924 1813 2977 quue
