1981 3356
730 218 803 256 DE
832 217 1068 257 NOMINE.
1561 214 1633 252 581

171 330 314 369 magna
331 319 471 358 orietur
491 322 740 372 perturbatio.
797 322 882 372 Age
901 333 1015 359 vero:
1046 320 1077 358 si
1091 318 1213 372 judex
1233 320 1372 357 citetur
1392 316 1634 356 Mantitheus

173 379 335 418 Mantiae
364 381 408 419 F.
441 382 654 429 Thoricius,
683 383 776 434 quid
806 381 999 433 agemus?
1042 394 1091 420 an
1124 380 1407 419 ambulabimus
1445 376 1635 429 uterque?

173 440 250 484 Qui
269 443 370 480 enim
391 444 650 495 dignoscetur,
670 452 764 483 tune
780 458 828 482 an
848 458 922 495 ego
938 443 1009 482 sim
1029 442 1198 482 citatus?

223 506 263 541 4.
293 506 379 556 Age
399 519 502 552 vero,
522 506 638 544 deum
667 507 937 555 immortalem,
955 506 986 544 si
1005 505 1159 557 publice
1180 504 1229 542 de
1251 515 1485 554 quocunque
1511 501 1636 553 magi-

173 573 295 605 stratu
316 568 382 605 fiet
400 568 566 614 sortitio,
585 575 642 615 ut,
663 569 711 607 de
731 575 884 615 senatu,
900 568 1110 612 sexviratu,
1126 565 1297 617 reliquis,
1314 564 1379 616 qui
1396 564 1636 602 discernetur

171 634 256 665 uter
281 635 454 666 nostrum
484 629 533 666 sit
557 630 740 668 creatus?
784 630 868 667 Nisi
888 630 985 667 forte
1010 636 1102 667 nota
1126 636 1171 667 ut
1200 640 1307 665 aeneo
1327 625 1409 664 vasi
1439 631 1505 663 aut
1524 624 1635 663 alteri

171 689 336 740 cuipiam
361 691 414 728 rei
441 690 665 742 adjiciatur:
696 703 741 730 ac
761 705 810 729 ne
826 704 873 729 ea
892 691 1048 741 quidem
1069 690 1192 728 utrius
1209 690 1259 727 sit
1272 688 1414 739 vulgus
1434 692 1637 738 agnoscet.

172 750 340 789 Proinde
360 765 432 802 ego
454 765 514 789 me
534 759 709 789 creatum
726 751 974 797 contendam,
994 760 1036 789 tu
1055 758 1217 789 verote.
1274 749 1484 799 Reliquum
1504 748 1574 785 erit
1595 753 1639 785 ut

171 825 242 850 nos
269 813 308 850 in
327 813 518 864 judicium
541 813 753 851 veniamus.
811 813 976 863 Propter
1008 812 1125 863 igitur
1157 812 1311 863 singula
1343 811 1457 862 hujus
1487 809 1638 861 generis

171 873 305 912 civitas
335 874 528 925 judicium
573 875 683 913 nobis
730 874 974 920 convocabit,
1009 887 1056 912 ac
1088 886 1134 912 eo
1168 873 1326 924 quidem
1360 872 1466 923 quod
1499 884 1568 922 par
1601 877 1641 909 et

170 949 326 986 aequum
347 942 420 983 est,
439 944 483 975 ut
509 937 540 975 is
574 938 686 989 cujus
708 950 791 974 sors
812 936 944 974 exierit
963 936 1191 987 magistratu
1211 935 1412 986 fungatur,
1442 933 1640 971 fraudabi—

171 1011 279 1036 mur:
312 998 408 1036 alter
426 1006 556 1036 autem
577 998 741 1037 alterum
763 998 889 1037 verbis
909 998 1198 1044 insectabimur,
1217 1004 1257 1036 et
1284 997 1316 1035 is
1345 995 1549 1047 imperabit
1573 994 1638 1046 qui

172 1059 286 1097 fuerit
317 1060 489 1098 oratione
522 1061 707 1112 superior.
768 1061 907 1098 Utrum
925 1073 1015 1099 vero
1046 1060 1171 1110 magis
1200 1059 1310 1097 nobis
1335 1057 1515 1109 expediet
1532 1057 1638 1095 hisce

172 1120 467 1160 difficultatibus
495 1123 661 1168 liberari,
681 1137 730 1161 an
755 1123 897 1160 mutuis
927 1122 1027 1160 odiis
1057 1128 1125 1160 aut
1149 1121 1364 1159 maledictis
1384 1133 1456 1158 nos
1476 1119 1641 1158 invicem

172 1183 382 1234 prosequi?
411 1197 498 1235 quae
529 1185 686 1223 omnino
712 1185 897 1223 exsistere
926 1197 1091 1222 necesse
1119 1190 1193 1230 est,
1213 1196 1302 1221 cum
1327 1182 1425 1220 inter
1448 1194 1519 1219 nos
1548 1194 1642 1219 con-

169 1243 291 1283 tentio
311 1245 360 1282 de
388 1246 614 1296 magistratu
640 1253 708 1284 aut
736 1246 850 1285 simili
880 1259 921 1284 re
949 1247 1105 1284 orietur.
1165 1244 1272 1289 Quid
1303 1257 1395 1282 vero
1427 1243 1459 1281 si
1488 1243 1641 1281 forte-—

171 1319 262 1345 nam
283 1307 410 1345 omnia
436 1308 694 1359 perquirenda
714 1308 1049 1346 sunt—alteruter
1068 1314 1245 1346 nostrum
1265 1306 1374 1344 alteri
1392 1305 1643 1357 persuaserit,

172 1375 216 1406 ut
247 1368 336 1420 ipse·
370 1376 524 1408 creatus
559 1370 669 1409 alteri
703 1370 972 1421 magistratum
1006 1369 1150 1416 tradat,
1189 1375 1306 1419 atque
1343 1367 1398 1405 ita
1431 1365 1643 1405 sortiatur?

174 1431 305 1469 Unum
333 1431 486 1470 duabus
517 1433 644 1471 sortiri
672 1432 841 1478 tabellis,
863 1431 953 1483 quid
981 1440 1042 1470 est
1067 1430 1202 1469 aliud?
1233 1430 1344 1468 Itane
1365 1428 1471 1480 quod
1490 1428 1643 1479 legibus

172 1500 344 1532 extremo
364 1494 556 1546 supplicio
577 1496 800 1541 mulctatur,
821 1495 861 1532 id
881 1495 1040 1546 impune
1060 1493 1194 1532 licebit
1215 1491 1353 1530 nobis?
1383 1491 1553 1529 Omnino
1571 1505 1580 1529 :
1602 1498 1643 1529 at

172 1555 211 1592 id
230 1568 309 1593 non
328 1556 529 1602 faciemus,
551 1558 641 1595 novi
661 1564 700 1595 et
720 1569 807 1607 ego,
832 1556 937 1607 quod
958 1556 1006 1594 ad
1028 1569 1088 1594 me
1109 1555 1266 1606 quidem
1286 1553 1439 1592 attinet.
1497 1553 1576 1591 Sed
1593 1566 1641 1591 ne

173 1624 377 1669 suspectos
397 1618 554 1668 quidem
576 1626 644 1657 aut
664 1632 749 1657 reos
768 1619 850 1656 fieri
875 1619 963 1657 talis
989 1618 1148 1656 mulctae
1169 1618 1317 1668 aliquos
1344 1618 1491 1655 bonum
1519 1623 1594 1663 est,
1615 1615 1647 1654 si

173 1692 312 1718 cavere
331 1680 461 1717 liceat.
520 1679 630 1718 Esto.

227 1743 262 1778 5.
297 1740 374 1778 Sed
394 1741 479 1778 haec
511 1741 666 1792 publice
688 1747 857 1780 nocent:
888 1742 982 1780 mihi
1007 1753 1098 1780 vero
1120 1740 1296 1793 privatim
1317 1739 1410 1790 quid
1431 1738 1646 1778 incommo-

176 1801 300 1840 dant?
349 1803 532 1853 Spectate
552 1809 758 1853 quantum,
773 1810 812 1841 et
832 1803 1087 1850 considerate,
1109 1816 1158 1840 an
1181 1801 1273 1839 mihi
1294 1814 1415 1839 causa
1435 1814 1521 1839 esse
1538 1801 1645 1840 vide-

174 1871 282 1903 atur:
311 1877 400 1902 nam
426 1864 512 1903 haec
542 1864 659 1916 longe
690 1864 735 1903 iis
766 1878 855 1915 quae
887 1864 1051 1903 audistis
1086 1863 1264 1915 graviora
1301 1868 1406 1900 sunt.
1480 1862 1643 1900 Vidistis

174 1939 310 1964 omnes
328 1926 445 1964 istum
466 1926 659 1973 Menecle‚
682 1926 775 1963 dum
795 1927 828 1964 is
847 1926 1008 1972 viveret,
1024 1933 1063 1964 et
1076 1926 1178 1963 illius
1195 1923 1417 1975 gregalibus
1432 1923 1490 1961 uti
1504 1923 1645 1961 famili-

175 1987 302 2035 ariter,
321 2001 426 2025 nunc
444 2000 535 2025 vero
554 1986 638 2026 aliis
669 1987 763 2024 nihil
789 1987 856 2024 illo
885 1987 1125 2033 melioribus,
1152 1993 1191 2024 et
1212 1984 1305 2023 talia
1333 1984 1464 2023 studio
1486 1984 1646 2032 habere,

175 2054 216 2087 et
234 2049 477 2099 eloquentem
497 2048 616 2086 videri
645 2048 755 2086 velle.
814 2048 866 2086 Et
895 2055 956 2086 est
989 2048 1166 2093 fortasse,
1188 2048 1243 2085 ita
1267 2060 1328 2084 me
1355 2052 1460 2084 amet
1478 2046 1646 2097 Jupiter,

150 2108 378 2161 eloquens.
435 2111 553 2155 Quod
582 2111 614 2148 si
646 2123 851 2162 progressu
883 2111 1066 2162 temporis
1101 2110 1239 2149 eadem
1266 2109 1395 2147 facere
1421 2109 1645 2154 instituerit,

177 2186 221 2212 ea
242 2186 332 2211 vero
365 2179 472 2221 sunt,
494 2173 778 2218 accusationes,
810 2172 1081 2218 indicationes,
1110 2171 1342 2216 delationes,
1363 2170 1645 2214 abductiones3

179 2241 219 2273 et
243 2234 282 2272 in
302 2247 433 2273 eorum
454 2234 749 2285 aliquo—multi
767 2234 868 2273 enim
889 2241 981 2273 sunt
1008 2233 1169 2272 humani
1190 2246 1322 2282 casus,
1344 2239 1384 2270 et
1404 2231 1647 2271 exercitatis-

178 2297 295 2335 simos
324 2309 501 2349 quosque
536 2309 653 2347 saepe,
674 2296 705 2334 si
732 2296 846 2333 nimis
876 2296 1111 2335 insolescere
1137 2294 1337 2346 coeperint,
1366 2307 1435 2332 vos
1469 2306 1648 2332 coercere

179 2359 494 2410 scitis—publice
522 2358 734 2396 mulctatus
760 2358 887 2405 fuerit,
915 2359 978 2410 qui
1011 2358 1135 2409 magis
1171 2357 1243 2396 iste
1270 2356 1498 2395 inscribetur
1531 2369 1648 2407 quam

180 2420 278 2472 ego?
321 2421 455 2459 Scient
485 2433 619 2458 omnes
652 2419 784 2470 credo,
802 2428 887 2458 uter
918 2420 968 2458 sit
1008 2420 1225 2458 damnatus.
1285 2419 1411 2456 Bene.
1468 2418 1508 2455 Si
1542 2431 1647 2463 vero,

180 2483 466 2535 quod-fortasse
486 2482 565 2528 fiet,
587 2495 693 2520 mora
713 2482 972 2521 intercesserit
993 2488 1032 2520 et
1050 2481 1195 2519 mulcta
1216 2480 1408 2518 dissoluta
1424 2493 1503 2536 non
1518 2480 1649 2529 fuerit,
1685 2493 1687 2496 ⁴

180 2546 246 2597 qui
267 2545 392 2596 magis
409 2545 520 2583 istius
540 2545 647 2583 liberi
668 2558 783 2596 quam
814 2545 890 2583 mei
919 2544 1094 2596 inscripti
1120 2551 1245 2589 erunt,
1265 2557 1355 2581 cum
1383 2550 1422 2582 et
1448 2556 1590 2581 nomen
1611 2550 1651 2581 et

180 2614 292 2659 pater
312 2613 352 2645 et
370 2607 491 2645 tribus
511 2606 647 2644 eadem
667 2614 779 2644 erunt
798 2605 954 2645 omnia?
1000 2606 1119 2652 Quid,
1139 2606 1170 2644 si
1196 2607 1295 2656 quis,
1312 2605 1464 2644 actione
1483 2606 1586 2643 unde
1612 2604 1650 2642 vi

182 2675 318 2708 contra
348 2682 437 2707 eum
466 2668 656 2714 instituta,
691 2668 783 2706 mihi
818 2668 911 2706 nihil
941 2681 1075 2706 secum
1103 2680 1189 2706 esse
1219 2667 1275 2705 rei
1301 2666 1451 2711 dixerit,
1473 2665 1648 2703 sedeam

184 2738 306 2768 ratam
323 2731 494 2769 habitam
515 2729 763 2781 inscripserit,
784 2731 847 2781 qui
867 2731 990 2781 magis
1016 2730 1133 2768 istum
1154 2742 1270 2780 quam
1296 2741 1357 2766 me
1386 2726 1650 2778 inscripserit?

187 2793 292 2836 Quid
317 2805 422 2839 vero,
442 2793 473 2831 si
502 2806 581 2844 qua
606 2792 752 2831 tributa
781 2805 860 2831 non
886 2791 1146 2844 pependerit?
1196 2790 1313 2835 Quid,
1337 2790 1367 2827 si
1400 2802 1477 2840 qua
1506 2789 1580 2827 alia
1610 2789 1648 2827 in

187 2867 329 2892 nomen
351 2855 426 2892 hoc
459 2854 560 2892 actio
580 2854 816 2901 instituatur,
837 2861 905 2892 aut
927 2854 1133 2905 judicium,
1153 2859 1222 2890 aut
1240 2864 1369 2889 rumor
1392 2850 1544 2889 sinister
1575 2851 1649 2888 ori-

190 2917 304 2956 atur?
340 2918 438 2961 Quis
473 2918 570 2956 sciet
599 2930 619 2955 e
651 2917 809 2968 populo,
843 2916 1020 2955 utenille
1051 2916 1110 2962 sit,
1133 2928 1222 2953 cum
1243 2914 1321 2951 duo
1349 2914 1425 2951 sint
1441 2912 1650 2950 Mantithei

190 2986 296 3032 patre
318 2979 482 3018 eodem?
512 2980 598 3031 Age
616 2992 721 3027 vero,
739 2979 770 3018 si
791 2978 956 3018 desertae
977 2977 1122 3015 militiae
1151 2983 1370 3022 accusetur,
1391 2975 1422 3014 si
1444 2987 1531 3014 cum
1554 2974 1652 3027 mjli-
