1915 3356
591 194 794 233 ORATIO
824 191 1133 231 AMATORIA.
1517 187 1593 225 797

139 297 253 340 simul
284 305 326 338 et
352 304 390 337 te
420 297 572 337 felicem
592 305 632 337 et
658 311 734 343 me,
755 298 820 348 qui
849 303 887 334 te
917 295 1034 334 talem
1064 294 1236 345 diligam,
1268 306 1346 332 non
1378 291 1596 331 vaecordem

144 367 390 400 ostensurum
422 359 603 399 confido:
631 367 713 398 tum
733 357 942 397 suadendis
973 357 1018 394 iis
1049 369 1137 406 quae
1163 356 1201 394 in
1234 356 1366 407 primis
1386 353 1605 392 necessaria

141 430 245 471 sunt,
266 430 305 462 et
334 423 614 462 benevolentiae
641 435 737 459 meae
765 419 959 472 specimen
990 425 1029 456 et
1055 424 1198 456 mutuae
1228 418 1406 455 amicitiae
1427 415 1602 454 occasio-

139 498 228 522 nem
248 485 465 523 allaturum.
521 483 691 522 Tametsi
723 489 852 520 autem
885 493 947 519 me
981 493 1059 518 non
1093 479 1276 531 praeterit,
1297 492 1412 528 quam
1445 476 1602 515 difficile

141 546 203 593 sit,
220 555 259 585 et
278 546 445 585 indolem
472 554 577 585 tuam
598 557 668 596 pro
695 544 885 596 dignitate
910 543 1129 587 celebrare;
1158 548 1197 579 et
1226 541 1349 578 multo
1369 540 1482 577 etiam
1515 551 1602 577 esse

139 608 392 658 periculosius
425 607 519 645 dare
555 606 773 652 consilium,
804 619 893 644 cum
924 603 1102 643 monitori
1134 609 1296 641 eventus
1329 601 1477 640 consilii
1504 612 1604 651 prae-

140 669 304 707 standus
337 669 410 707 sit:
438 669 576 707 decere
606 675 737 706 tamen
767 667 958 713 existimo,
980 673 1023 704 ut
1046 672 1085 703 et
1103 665 1142 703 hi
1170 664 1236 715 qui
1263 664 1350 716 jure
1382 661 1605 706 laudantur,

138 730 307 769 veritatis
327 731 570 776 excellentia,
591 729 833 768 laudantium
853 728 1078 767 facundiam
1099 735 1306 778 superent3
1339 731 1376 763 et
1402 723 1441 761 in
1474 721 1606 761 dando

138 792 299 830 consilio
334 806 445 844 spero
464 806 526 831 me
545 807 624 832 non
644 793 923 831 aberraturum.
973 790 1061 828 Scio
1083 789 1184 828 enim
1200 788 1341 827 stultos
1361 794 1400 825 et
1421 787 1609 837 intempe-

137 854 263 891 rantia
283 867 440 905 prorsus
461 855 706 907 depravatos,
727 854 837 893 nulla
868 854 984 893 etiam
1014 851 1298 904 sapientissima
1317 848 1610 898 rectissimaque

139 915 304 954 consilia
327 918 447 968 probe
480 918 655 969 exsequi,
680 931 748 969 per
779 929 846 956 eos
871 929 962 955 vero
983 914 1049 966 qui
1067 915 1184 953 vitam
1210 925 1320 951 suam
1341 911 1553 962 prudenter
1571 915 1612 947 et

138 977 366 1016 innocenter
386 978 651 1024 instituerunt,
669 991 741 1016 nec
757 979 817 1015 vel
833 978 1080 1016 mediocriter
1095 977 1266 1026 cogitata
1283 972 1457 1012 frustrari
1474 971 1612 1009 solere.

197 1042 235 1077 3.
264 1039 355 1077 Hac
374 1039 490 1091 igitur
522 1052 589 1090 spe
617 1039 753 1085 fretus,
773 1038 822 1077 ad
851 1039 1065 1075 orationem
1088 1037 1322 1088 aggredior:
1351 1035 1513 1077 arbitror
1543 1046 1612 1072 au-

140 1105 220 1138 tem
239 1112 376 1139 omnes
406 1099 500 1137 mihi
530 1112 618 1138 esse
648 1112 874 1137 assensuros
900 1094 1000 1136 hanc
1021 1105 1175 1136 aetatem
1208 1098 1347 1136 decere
1372 1095 1551 1142 maxime,
1572 1101 1613 1132 et

141 1161 440 1212 pulcritudinem
477 1160 704 1213 adspectus,
748 1167 788 1198 et
830 1159 1063 1198 modestiam
1101 1158 1231 1206 animi,
1269 1165 1308 1196 et
1345 1157 1612 1195 fortitudinem

142 1225 357 1276 utriusque,
389 1231 428 1263 et
455 1232 683 1276 perpetuam
708 1224 889 1262 orationis
924 1224 1168 1261 suavitatem.
1226 1221 1258 1259 E
1281 1221 1420 1272 quibus
1448 1233 1494 1259 ea
1524 1232 1614 1271 quae

144 1292 285 1325 natura
325 1296 416 1326 sunt
445 1286 500 1324 ita
534 1286 603 1324 tibi
636 1286 824 1338 praeclara
853 1285 1014 1324 fortuna
1048 1284 1188 1335 largita
1221 1291 1294 1331 est,
1324 1290 1369 1320 ut
1406 1295 1540 1320 omnes
1575 1289 1615 1319 te

144 1348 361 1400 suspiciant
388 1354 427 1387 et
447 1347 711 1387 admirentur:
740 1347 889 1400 reliqua
920 1347 1002 1399 ipse
1033 1353 1168 1397 tuapte
1200 1358 1294 1384 cura
1320 1358 1366 1383 eo
1385 1343 1615 1396 perduxisti,

142 1417 189 1449 ut
205 1404 325 1449 nemo*
340 1423 460 1450 sanus
481 1417 518 1449 te
537 1409 808 1462 reprehendat.
868 1410 1037 1461 Oportet
1062 1416 1190 1447 autem
1216 1421 1319 1454 eum,
1341 1406 1407 1459 qui
1426 1406 1615 1444 maximas

148 1473 288 1512 laudes
324 1479 531 1521 mereatur,
550 1478 590 1511 et
617 1472 690 1510 diis
710 1485 841 1511 carum
866 1471 1013 1517 videri;
1043 1478 1082 1509 et
1113 1470 1348 1515 hominibus,
1368 1466 1620 1521 partim*pro-

149 1543 233 1587 pter
250 1536 514 1587 semetipsum,
537 1534 684 1587 partim¹
698 1541 856 1587 propter
875 1535 1083 1580 fortunam,
1104 1532 1349 1571 admirationi
1386 1545 1485 1570 esse.
1554 1531 1617 1568 Ac

147 1597 189 1636 in
208 1598 430 1637 universum
450 1598 499 1636 de
516 1597 694 1649 plurimis
720 1598 795 1636 tuis
825 1597 876 1636 ad
900 1597 1081 1635 virtutem
1104 1595 1338 1647 adjumentis
1358 1594 1471 1646 plura
1503 1593 1613 1632 dein-

148 1673 242 1712 ceps
262 1659 410 1699 narrari
423 1661 627 1699 conveniet
642 1674 651 1700 :
674 1674 772 1713 quas
787 1673 877 1700 vero
894 1658 1115 1711 singulatim
1131 1657 1268 1696 laudes
1288 1657 1428 1696 referre
1443 1669 1620 1710 possum,

150 1735 217 1763 eas
235 1736 324 1762 vere
344 1730 389 1762 ut
407 1736 598 1775 exponam
627 1737 783 1776 operam
804 1724 920 1763 dabo.

203 1786 243 1823 4.
273 1784 445 1823 Primum
462 1792 589 1824 autem
610 1798 695 1824 eam
715 1786 876 1824 laudare
904 1785 1098 1838 incipiam,
1118 1798 1235 1837 quam
1254 1784 1474 1824 videntibus
1495 1782 1618 1822 omni-

150 1846 223 1884 bus
242 1846 407 1898 primum
440 1859 677 1898 cognoscere
705 1847 811 1894 licet,
840 1853 947 1885 tuam
978 1848 1295 1900 pulcritudinem,
1320 1847 1482 1899 ejusque
1512 1845 1618 1883 colo·

149 1921 244 1954 rem,
265 1921 286 1946 e
305 1921 383 1960 quo
411 1914 452 1947 et
468 1910 642 1948 membra
660 1916 701 1947 et
721 1916 846 1947 totum
867 1923 1009 1961 corpus
1038 1909 1182 1948 elucet.
1241 1908 1315 1947 Cui
1335 1922 1450 1960 quam
1477 1920 1620 1946 conve-

151 1969 322 2008 nientem
350 1969 640 2008 similitudinem
672 1970 891 2017 adhibeam,
912 1984 1000 2008 eum
1027 1970 1229 2009 considero
1263 1969 1415 2008 invenio
1445 1967 1618 2006 nullam:

153 2032 224 2071 sed
242 2031 281 2069 in
301 2038 469 2070 mentem
488 2031 580 2070 mihi
608 2034 714 2071 venit
747 2033 942 2084 rogandos
969 2046 1057 2071 esse
1089 2034 1254 2071 lectores
1281 2032 1395 2083 hujus
1423 2031 1621 2077 orationis,

152 2102 198 2133 ut
215 2095 290 2147 ipsi
309 2101 348 2132 te
368 2101 548 2146 spectent
567 2102 606 2133 et
633 2095 961 2146 contemplentur,
982 2101 1027 2132 ut
1044 2095 1156 2132 venia
1183 2094 1275 2131 mihi
1306 2093 1418 2131 detur
1440 2092 1535 2130 nihil
1554 2092 1622 2130 tibi

155 2157 281 2196 simile
301 2156 490 2196 afferenti.
546 2157 648 2195 Cum
668 2171 745 2209 qua
771 2157 872 2195 enim
901 2157 942 2194 id
962 2156 1183 2194 mortalium
1203 2168 1329 2194 rerum
1363 2160 1623 2206 comparetur,

154 2219 260 2270 quod
292 2218 508 2258 immortale
539 2219 842 2271 adspicientibus
877 2218 1109 2257 desiderium
1139 2217 1268 2270 parit?
1298 2217 1404 2269 quod
1431 2216 1623 2268 adspectu

157 2281 217 2319 sui
249 2293 328 2319 non
359 2280 504 2320 satiat?
534 2281 640 2332 quod
660 2294 748 2320 cum
769 2289 960 2320 remotum
980 2288 1041 2320 est
1059 2280 1194 2319 animis
1221 2278 1475 2319 obversatur?
1518 2278 1622 2329 quod

155 2342 325 2382 divinam
349 2342 498 2381 obtinet
526 2344 566 2381 in
590 2356 751 2395 corpore
781 2343 953 2382 humano
981 2342 1236 2394 dignitatem?
1264 2349 1309 2380 ut
1336 2340 1513 2380 floridum
1545 2339 1623 2378 ele-

156 2406 291 2458 gantia
317 2405 547 2452 venustatis,
567 2405 622 2444 ita
651 2405 776 2444 omnis
798 2405 1027 2458 suspicionis
1058 2404 1229 2457 expers?
1264 2404 1352 2442 Jam
1381 2416 1454 2441 nec
1489 2402 1554 2440 illa
1583 2402 1622 2439 in

153 2467 253 2507 facie
288 2474 358 2506 tua
389 2467 536 2519 culpari
564 2474 725 2518 queunt,
745 2481 833 2519 quae
865 2467 997 2506 multis
1027 2466 1290 2519 pulcritudine
1319 2464 1493 2518 praeditis
1521 2463 1623 2502 acci-

155 2528 310 2576 derunt,
327 2534 372 2567 ut
389 2529 450 2567 vel
469 2529 518 2568 ob
535 2529 705 2580 corporis
725 2529 1066 2568 inconcinnitatem
1079 2529 1261 2568 universa
1278 2540 1412 2566 eorum
1431 2525 1625 2577 elegantia

158 2590 390 2638 turbaretur,
407 2591 470 2629 vel
504 2597 661 2643 propter
693 2592 957 2631 calamitatem
987 2593 1155 2644 aliquam
1184 2593 1300 2631 etiam
1321 2591 1470 2642 reliqua
1498 2604 1564 2641 per
1584 2602 1625 2628 se

155 2652 344 2702 praeclara
363 2652 490 2692 minus
521 2653 747 2706 placerent;
777 2668 939 2706 quarum
959 2655 1302 2707 reprehensionum
1323 2655 1493 2692 omnium
1519 2659 1623 2690 tuam

158 2713 297 2752 faciem
327 2722 526 2766 expertem
547 2729 633 2754 esse
653 2718 900 2769 reperiemus.
955 2717 1083 2755 Tanta
1114 2717 1217 2755 enim
1243 2730 1349 2761 cura,
1370 2714 1543 2767 quisquis
1563 2715 1626 2753 ille

160 2773 320 2814 deorum
351 2776 425 2815 fuit
453 2778 519 2829 qui
545 2778 708 2816 formam
729 2778 797 2817 tibi
818 2779 982 2830 largitus
1007 2786 1082 2825 est,
1105 2792 1242 2818 omnes
1265 2777 1489 2829 hujusmodi
1517 2777 1626 2815 labes

160 2837 277 2884 cavit,
295 2843 339 2876 ut
357 2838 450 2876 nihil
470 2840 752 2892 vituperatione
773 2841 936 2893 dignum
962 2841 1210 2892 suspicienda
1229 2841 1268 2878 in
1287 2848 1324 2879 te
1345 2839 1509 2891 plurima
1535 2838 1630 2877 effe-

161 2899 269 2937 cerit.
326 2900 428 2939 Nam
458 2915 549 2940 cum
581 2903 620 2940 in
652 2903 712 2941 his
739 2917 827 2955 quae
860 2904 1050 2956 adspectu
1077 2904 1296 2942 sentiuntur
1323 2902 1489 2940 maxime
1508 2901 1629 2940 facies

163 2960 344 3010 emineat,
369 2968 484 3014 atque
504 2963 543 3002 in
562 2964 635 3004 hac
661 2964 747 3016 ipsa
764 2966 880 3014 oculi,
911 2966 1035 3017 magis
1054 2966 1171 3005 etiam
1190 2965 1230 3004 in
1257 2965 1318 3004 his
1338 2977 1448 3005 suam
1468 2977 1563 3017 erga
1588 2971 1626 3002 te
