<?xml version="1.0" encoding="UTF-8"?>
<!DOCTYPE html PUBLIC "-//W3C//DTD XHTML 1.0 Transitional//EN"
    "http://www.w3.org/TR/xhtml1/DTD/xhtml1-transitional.dtd">
<html xmlns="http://www.w3.org/1999/xhtml" xml:lang="en" lang="en">
 <head>
  <title>
</title>
<meta http-equiv="Content-Type" content="text/html;charset=utf-8" />
  <meta name='ocr-system' content='tesseract 3.04.00' />
  <meta name='ocr-capabilities' content='ocr_page ocr_carea ocr_par ocr_line ocrx_word'/>
</head>
<body>
  <div class='ocr_page' id='page_1' title='image "./oratoresatticie16dobs_0261.png"; bbox 0 0 1915 3356; ppageno 0'>
   <div class='ocr_carea' id='block_1_1' title="bbox 544 195 1579 239">
    <p class='ocr_par' dir='ltr' id='par_1_1' title="bbox 544 195 1579 239">
     <span class='ocr_line' id='line_1_1' title="bbox 544 195 1579 239; baseline -0.009 1"><span class='ocrx_word' id='word_1_1' title='bbox 544 200 765 239; x_wconf 86' lang='lat' dir='ltr'>CONTRA</span> <span class='ocrx_word' id='word_1_2' title='bbox 794 198 1180 239; x_wconf 81' lang='lat' dir='ltr'><strong>THEOCRINEM.</strong></span> <span class='ocrx_word' id='word_1_3' title='bbox 1506 195 1579 232; x_wconf 85' lang='lat'>761</span> 
     </span>
    </p>
   </div>
   <div class='ocr_carea' id='block_1_2' title="bbox 692 365 1054 406">
    <p class='ocr_par' dir='ltr' id='par_1_2' title="bbox 692 365 1054 406">
     <span class='ocr_line' id='line_1_2' title="bbox 692 365 1054 406; baseline -0.008 0"><span class='ocrx_word' id='word_1_4' title='bbox 692 365 1054 406; x_wconf 89' lang='lat' dir='ltr'><strong>TESTIMONIA.</strong></span> 
     </span>
    </p>
   </div>
   <div class='ocr_carea' id='block_1_3' title="bbox 128 468 1588 698">
    <p class='ocr_par' dir='ltr' id='par_1_3' title="bbox 128 468 1588 698">
     <span class='ocr_line' id='line_1_3' title="bbox 128 468 1587 523; baseline -0.006 -11"><span class='ocrx_word' id='word_1_5' title='bbox 128 473 269 512; x_wconf 85' lang='lat' dir='ltr'>Recita</span> <span class='ocrx_word' id='word_1_6' title='bbox 289 473 404 512; x_wconf 88' lang='lat' dir='ltr'>etiam</span> <span class='ocrx_word' id='word_1_7' title='bbox 424 479 637 512; x_wconf 88' lang='lat' dir='ltr'>ceterorum</span> <span class='ocrx_word' id='word_1_8' title='bbox 659 470 834 523; x_wconf 88' lang='lat' dir='ltr'>ejusdem</span> <span class='ocrx_word' id='word_1_9' title='bbox 862 470 1011 521; x_wconf 82' lang='lat' dir='ltr'>generis</span> <span class='ocrx_word' id='word_1_10' title='bbox 1030 468 1166 507; x_wconf 86' lang='lat' dir='ltr'>ordine</span> <span class='ocrx_word' id='word_1_11' title='bbox 1186 468 1422 514; x_wconf 85' lang='lat' dir='ltr'>testimonia,</span> <span class='ocrx_word' id='word_1_12' title='bbox 1441 473 1479 506; x_wconf 90' lang='lat' dir='ltr'>et</span> <span class='ocrx_word' id='word_1_13' title='bbox 1498 479 1587 506; x_wconf 88' lang='lat' dir='ltr'>cum</span> 
     </span>
     <span class='ocr_line' id='line_1_4' title="bbox 130 530 1588 589; baseline -0.005 -16"><span class='ocrx_word' id='word_1_14' title='bbox 130 536 352 589; x_wconf 91' lang='lat' dir='ltr'>Hyperidis,</span> <span class='ocrx_word' id='word_1_15' title='bbox 370 544 451 575; x_wconf 87' lang='lat' dir='ltr'>tum</span> <span class='ocrx_word' id='word_1_16' title='bbox 467 534 754 574; x_wconf 80' lang='lat' dir='ltr'>Demosthenis.</span> <span class='ocrx_word' id='word_1_17' title='bbox 805 533 973 583; x_wconf 77' lang='lat' dir='ltr'>Insignis</span> <span class='ocrx_word' id='word_1_18' title='bbox 993 532 1093 570; x_wconf 87' lang='lat' dir='ltr'>enim</span> <span class='ocrx_word' id='word_1_19' title='bbox 1114 539 1174 570; x_wconf 88' lang='lat' dir='ltr'>est</span> <span class='ocrx_word' id='word_1_20' title='bbox 1193 530 1376 575; x_wconf 80' lang='lat' dir='ltr'>avaritiae,</span> <span class='ocrx_word' id='word_1_21' title='bbox 1398 543 1421 567; x_wconf 90' lang='lat' dir='ltr'>a</span> <span class='ocrx_word' id='word_1_22' title='bbox 1447 530 1588 580; x_wconf 89' lang='lat' dir='ltr'>quibus</span> 
     </span>
     <span class='ocr_line' id='line_1_5' title="bbox 128 590 1585 649; baseline -0.008 -12"><span class='ocrx_word' id='word_1_23' title='bbox 128 610 242 636; x_wconf 85' lang='lat' dir='ltr'>nemo</span> <span class='ocrx_word' id='word_1_24' title='bbox 275 597 445 649; x_wconf 87' lang='lat' dir='ltr'><strong>postulet</strong></span> <span class='ocrx_word' id='word_1_25' title='bbox 476 608 668 642; x_wconf 86' lang='lat' dir='ltr'>nummos,</span> <span class='ocrx_word' id='word_1_26' title='bbox 698 594 813 633; x_wconf 85' lang='lat' dir='ltr'>istum</span> <span class='ocrx_word' id='word_1_27' title='bbox 850 593 1105 632; x_wconf 80' lang='lat' dir='ltr'>libentissime</span> <span class='ocrx_word' id='word_1_28' title='bbox 1130 592 1318 644; x_wconf 84' lang='lat' dir='ltr'>accipere,</span> <span class='ocrx_word' id='word_1_29' title='bbox 1355 590 1585 629; x_wconf 83' lang='lat' dir='ltr'>vendentem</span> 
     </span>
     <span class='ocr_line' id='line_1_6' title="bbox 129 659 411 698; baseline -0.004 -1"><span class='ocrx_word' id='word_1_30' title='bbox 129 659 411 698; x_wconf 85' lang='lat' dir='ltr'>accusationes.</span> 
     </span>
    </p>
   </div>
   <div class='ocr_carea' id='block_1_4' title="bbox 682 760 1037 799">
    <p class='ocr_par' dir='ltr' id='par_1_4' title="bbox 682 760 1037 799">
     <span class='ocr_line' id='line_1_7' title="bbox 682 760 1037 799; baseline 0 -1"><span class='ocrx_word' id='word_1_31' title='bbox 682 760 1037 799; x_wconf 88' lang='lat' dir='ltr'><strong>TESTIMONIA.</strong></span> 
     </span>
    </p>
   </div>
   <div class='ocr_carea' id='block_1_5' title="bbox 125 860 1591 1476">
    <p class='ocr_par' dir='ltr' id='par_1_5' title="bbox 125 860 1591 1476">
     <span class='ocr_line' id='line_1_8' title="bbox 186 860 1591 917; baseline -0.005 -14"><span class='ocrx_word' id='word_1_32' title='bbox 186 867 248 904; x_wconf 90' lang='lat' dir='ltr'>lo.</span> <span class='ocrx_word' id='word_1_33' title='bbox 279 865 356 903; x_wconf 89' lang='lat' dir='ltr'>Iste</span> <span class='ocrx_word' id='word_1_34' title='bbox 375 878 489 917; x_wconf 85' lang='lat' dir='ltr'>porro</span> <span class='ocrx_word' id='word_1_35' title='bbox 509 865 640 904; x_wconf 88' lang='lat' dir='ltr'>statim</span> <span class='ocrx_word' id='word_1_36' title='bbox 660 864 777 910; x_wconf 89' lang='lat' dir='ltr'>dicet,</span> <span class='ocrx_word' id='word_1_37' title='bbox 805 872 1013 917; x_wconf 86' lang='lat' dir='ltr'>propterea</span> <span class='ocrx_word' id='word_1_38' title='bbox 1036 878 1077 903; x_wconf 89' lang='lat' dir='ltr'>sc</span> <span class='ocrx_word' id='word_1_39' title='bbox 1097 878 1183 903; x_wconf 84' lang='lat' dir='ltr'>esse</span> <span class='ocrx_word' id='word_1_40' title='bbox 1205 863 1393 908; x_wconf 86' lang='lat' dir='ltr'>delatum,</span> <span class='ocrx_word' id='word_1_41' title='bbox 1413 866 1457 898; x_wconf 91' lang='lat' dir='ltr'>ut</span> <span class='ocrx_word' id='word_1_42' title='bbox 1476 860 1524 898; x_wconf 85' lang='lat' dir='ltr'>ab</span> <span class='ocrx_word' id='word_1_43' title='bbox 1545 871 1591 896; x_wconf 90' lang='lat' dir='ltr'>ea</span> 
     </span>
     <span class='ocr_line' id='line_1_9' title="bbox 127 921 1589 978; baseline -0.005 -13"><span class='ocrx_word' id='word_1_44' title='bbox 127 927 291 966; x_wconf 85' lang='lat' dir='ltr'>desistat</span> <span class='ocrx_word' id='word_1_45' title='bbox 309 928 474 975; x_wconf 87' lang='lat' dir='ltr'>actione,</span> <span class='ocrx_word' id='word_1_46' title='bbox 495 941 610 978; x_wconf 88' lang='lat' dir='ltr'>quarn</span> <span class='ocrx_word' id='word_1_47' title='bbox 635 934 769 965; x_wconf 88' lang='lat' dir='ltr'>contra</span> <span class='ocrx_word' id='word_1_48' title='bbox 789 927 1096 966; x_wconf 84' lang='lat' dir='ltr'>Demosthenem</span> <span class='ocrx_word' id='word_1_49' title='bbox 1125 935 1164 966; x_wconf 89' lang='lat' dir='ltr'>et</span> <span class='ocrx_word' id='word_1_50' title='bbox 1181 925 1449 978; x_wconf 81' lang='lat' dir='ltr'>Thucydidem</span> <span class='ocrx_word' id='word_1_51' title='bbox 1479 921 1589 959; x_wconf 87' lang='lat' dir='ltr'>insti-</span> 
     </span>
     <span class='ocr_line' id='line_1_10' title="bbox 127 986 1591 1041; baseline -0.005 -13"><span class='ocrx_word' id='word_1_52' title='bbox 127 989 268 1035; x_wconf 88' lang='lat' dir='ltr'>tuerit;</span> <span class='ocrx_word' id='word_1_53' title='bbox 299 990 463 1028; x_wconf 88' lang='lat' dir='ltr'>callidus</span> <span class='ocrx_word' id='word_1_54' title='bbox 483 989 583 1028; x_wconf 87' lang='lat' dir='ltr'>enim</span> <span class='ocrx_word' id='word_1_55' title='bbox 604 996 662 1028; x_wconf 89' lang='lat' dir='ltr'>est</span> <span class='ocrx_word' id='word_1_56' title='bbox 678 989 901 1036; x_wconf 84' lang='lat' dir='ltr'>mentiendi,</span> <span class='ocrx_word' id='word_1_57' title='bbox 922 996 962 1028; x_wconf 88' lang='lat' dir='ltr'>et</span> <span class='ocrx_word' id='word_1_58' title='bbox 977 1003 1167 1041; x_wconf 78' lang='lat' dir='ltr'>nugarum</span> <span class='ocrx_word' id='word_1_59' title='bbox 1188 989 1337 1028; x_wconf 83' lang='lat' dir='ltr'>artifex.</span> <span class='ocrx_word' id='word_1_60' title='bbox 1384 986 1467 1023; x_wconf 89' lang='lat' dir='ltr'>Nos</span> <span class='ocrx_word' id='word_1_61' title='bbox 1485 997 1591 1027; x_wconf 88' lang='lat' dir='ltr'>vero,</span> 
     </span>
     <span class='ocr_line' id='line_1_11' title="bbox 129 1045 1590 1104; baseline -0.005 -14"><span class='ocrx_word' id='word_1_62' title='bbox 129 1052 306 1102; x_wconf 88' lang='lat' dir='ltr'>Judices‚</span> <span class='ocrx_word' id='word_1_63' title='bbox 335 1059 375 1091; x_wconf 89' lang='lat' dir='ltr'>et</span> <span class='ocrx_word' id='word_1_64' title='bbox 403 1052 477 1091; x_wconf 87' lang='lat' dir='ltr'>hoc</span> <span class='ocrx_word' id='word_1_65' title='bbox 505 1051 848 1099; x_wconf 85' lang='lat' dir='ltr'>consideravimus,</span> <span class='ocrx_word' id='word_1_66' title='bbox 876 1052 1065 1104; x_wconf 81' lang='lat' dir='ltr'>vobisque</span> <span class='ocrx_word' id='word_1_67' title='bbox 1097 1049 1464 1094; x_wconf 77' lang='lat' dir='ltr'>demonstrabimus,</span> <span class='ocrx_word' id='word_1_68' title='bbox 1496 1045 1590 1083; x_wconf 89' lang='lat' dir='ltr'>nihil</span> 
     </span>
     <span class='ocr_line' id='line_1_12' title="bbox 127 1112 1588 1166; baseline -0.004 -14"><span class='ocrx_word' id='word_1_69' title='bbox 127 1127 268 1166; x_wconf 87' lang='lat' dir='ltr'>capere</span> <span class='ocrx_word' id='word_1_70' title='bbox 300 1114 519 1153; x_wconf 88' lang='lat' dir='ltr'>detrimenti</span> <span class='ocrx_word' id='word_1_71' title='bbox 549 1114 842 1166; x_wconf 80' lang='lat' dir='ltr'>rempublicam,</span> <span class='ocrx_word' id='word_1_72' title='bbox 870 1115 964 1161; x_wconf 88' lang='lat' dir='ltr'>sive,</span> <span class='ocrx_word' id='word_1_73' title='bbox 983 1115 1038 1153; x_wconf 87' lang='lat' dir='ltr'>ita</span> <span class='ocrx_word' id='word_1_74' title='bbox 1063 1129 1124 1153; x_wconf 92' lang='lat' dir='ltr'>me</span> <span class='ocrx_word' id='word_1_75' title='bbox 1151 1121 1255 1153; x_wconf 84' lang='lat' dir='ltr'>amet</span> <span class='ocrx_word' id='word_1_76' title='bbox 1274 1112 1440 1164; x_wconf 85' lang='lat' dir='ltr'>Jupiter,</span> <span class='ocrx_word' id='word_1_77' title='bbox 1462 1119 1588 1148; x_wconf 88' lang='lat' dir='ltr'>ratum</span> 
     </span>
     <span class='ocr_line' id='line_1_13' title="bbox 127 1175 1590 1228; baseline -0.005 -13"><span class='ocrx_word' id='word_1_78' title='bbox 127 1177 317 1215; x_wconf 84' lang='lat' dir='ltr'>habeatur</span> <span class='ocrx_word' id='word_1_79' title='bbox 336 1177 533 1214; x_wconf 89' lang='lat' dir='ltr'>decretum</span> <span class='ocrx_word' id='word_1_80' title='bbox 548 1175 804 1228; x_wconf 86' lang='lat' dir='ltr'>Thucydidis,</span> <span class='ocrx_word' id='word_1_81' title='bbox 822 1177 900 1215; x_wconf 87' lang='lat' dir='ltr'>sive</span> <span class='ocrx_word' id='word_1_82' title='bbox 919 1177 1065 1215; x_wconf 90' lang='lat' dir='ltr'>irritum</span> <span class='ocrx_word' id='word_1_83' title='bbox 1083 1178 1164 1214; x_wconf 88' lang='lat' dir='ltr'>fiat.</span> <span class='ocrx_word' id='word_1_84' title='bbox 1208 1177 1443 1224; x_wconf 83' lang='lat' dir='ltr'>Quanquam</span> <span class='ocrx_word' id='word_1_85' title='bbox 1459 1177 1590 1210; x_wconf 90' lang='lat' dir='ltr'>autem</span> 
     </span>
     <span class='ocr_line' id='line_1_14' title="bbox 127 1236 1591 1290; baseline -0.003 -15"><span class='ocrx_word' id='word_1_86' title='bbox 127 1238 351 1290; x_wconf 87' lang='lat' dir='ltr'>hujusmodi</span> <span class='ocrx_word' id='word_1_87' title='bbox 387 1237 633 1276; x_wconf 88' lang='lat' dir='ltr'>defensiones</span> <span class='ocrx_word' id='word_1_88' title='bbox 667 1237 770 1287; x_wconf 84' lang='lat' dir='ltr'>apud</span> <span class='ocrx_word' id='word_1_89' title='bbox 801 1251 867 1276; x_wconf 90' lang='lat' dir='ltr'>eos</span> <span class='ocrx_word' id='word_1_90' title='bbox 899 1239 963 1289; x_wconf 92' lang='lat' dir='ltr'>qui</span> <span class='ocrx_word' id='word_1_91' title='bbox 997 1252 1038 1276; x_wconf 91' lang='lat' dir='ltr'>se</span> <span class='ocrx_word' id='word_1_92' title='bbox 1065 1238 1388 1290; x_wconf 87' lang='lat' dir='ltr'>pronunciaturos</span> <span class='ocrx_word' id='word_1_93' title='bbox 1411 1236 1591 1286; x_wconf 75' lang='lat' dir='ltr'>jurarunt</span> 
     </span>
     <span class='ocr_line' id='line_1_15' title="bbox 127 1296 1590 1350; baseline -0.004 -12"><span class='ocrx_word' id='word_1_94' title='bbox 127 1299 343 1338; x_wconf 89' lang='lat' dir='ltr'>secundum</span> <span class='ocrx_word' id='word_1_95' title='bbox 362 1298 484 1350; x_wconf 83' lang='lat' dir='ltr'>leges,</span> <span class='ocrx_word' id='word_1_96' title='bbox 502 1298 662 1350; x_wconf 83' lang='lat' dir='ltr'>proferri</span> <span class='ocrx_word' id='word_1_97' title='bbox 682 1298 865 1346; x_wconf 83' lang='lat' dir='ltr'>injustum</span> <span class='ocrx_word' id='word_1_98' title='bbox 887 1307 969 1338; x_wconf 88' lang='lat' dir='ltr'>est:</span> <span class='ocrx_word' id='word_1_99' title='bbox 998 1307 1129 1338; x_wconf 87' lang='lat' dir='ltr'>tamen</span> <span class='ocrx_word' id='word_1_100' title='bbox 1152 1312 1203 1337; x_wconf 79' lang='lat' dir='ltr'>ex</span> <span class='ocrx_word' id='word_1_101' title='bbox 1219 1300 1306 1350; x_wconf 87' lang='lat' dir='ltr'>ipsa</span> <span class='ocrx_word' id='word_1_102' title='bbox 1326 1296 1456 1336; x_wconf 89' lang='lat' dir='ltr'>statim</span> <span class='ocrx_word' id='word_1_103' title='bbox 1474 1308 1590 1333; x_wconf 89' lang='lat' dir='ltr'>accu-</span> 
     </span>
     <span class='ocr_line' id='line_1_16' title="bbox 125 1358 1591 1413; baseline -0.005 -12"><span class='ocrx_word' id='word_1_104' title='bbox 125 1361 276 1401; x_wconf 89' lang='lat' dir='ltr'>satione</span> <span class='ocrx_word' id='word_1_105' title='bbox 295 1360 554 1413; x_wconf 71' lang='lat' dir='ltr'>cognoscefis,</span> <span class='ocrx_word' id='word_1_106' title='bbox 577 1359 626 1397; x_wconf 89' lang='lat' dir='ltr'>ad</span> <span class='ocrx_word' id='word_1_107' title='bbox 645 1359 882 1398; x_wconf 88' lang='lat' dir='ltr'>eludendam</span> <span class='ocrx_word' id='word_1_108' title='bbox 908 1361 1009 1399; x_wconf 87' lang='lat' dir='ltr'>hanc</span> <span class='ocrx_word' id='word_1_109' title='bbox 1035 1361 1284 1408; x_wconf 86' lang='lat' dir='ltr'>delationem,</span> <span class='ocrx_word' id='word_1_110' title='bbox 1305 1358 1591 1398; x_wconf 84' lang='lat' dir='ltr'>accusationem</span> 
     </span>
     <span class='ocr_line' id='line_1_17' title="bbox 126 1422 1040 1476; baseline -0.003 -12"><span class='ocrx_word' id='word_1_111' title='bbox 126 1425 229 1464; x_wconf 88' lang='lat' dir='ltr'>illam</span> <span class='ocrx_word' id='word_1_112' title='bbox 250 1422 455 1476; x_wconf 86' lang='lat' dir='ltr'>pertinere.</span> <span class='ocrx_word' id='word_1_113' title='bbox 512 1422 651 1461; x_wconf 85' lang='lat' dir='ltr'>Recita</span> <span class='ocrx_word' id='word_1_114' title='bbox 670 1422 937 1462; x_wconf 81' lang='lat' dir='ltr'>accusationes</span> <span class='ocrx_word' id='word_1_115' title='bbox 955 1422 1040 1462; x_wconf 87' lang='lat' dir='ltr'>has.</span> 
     </span>
    </p>
   </div>
   <div class='ocr_carea' id='block_1_6' title="bbox 475 1546 1238 1609">
    <p class='ocr_par' dir='ltr' id='par_1_6' title="bbox 475 1546 1238 1609">
     <span class='ocr_line' id='line_1_18' title="bbox 475 1546 1238 1609; baseline 0.001 -1"><span class='ocrx_word' id='word_1_116' title='bbox 475 1569 750 1609; x_wconf 80' lang='lat' dir='ltr'><strong>DECRETA.</strong></span> <span class='ocrx_word' id='word_1_117' title='bbox 778 1546 1238 1609; x_wconf 45' lang='lat' dir='ltr'>‘ACCUSATIONEs</span> 
     </span>
    </p>
   </div>
   <div class='ocr_carea' id='block_1_7' title="bbox 124 1665 1597 3070">
    <p class='ocr_par' dir='ltr' id='par_1_7' title="bbox 124 1665 1594 2650">
     <span class='ocr_line' id='line_1_19' title="bbox 129 1665 1591 1717; baseline -0.003 -13"><span class='ocrx_word' id='word_1_118' title='bbox 129 1667 228 1705; x_wconf 87' lang='lat' dir='ltr'>Haec</span> <span class='ocrx_word' id='word_1_119' title='bbox 249 1666 420 1711; x_wconf 87' lang='lat' dir='ltr'>decreta,</span> <span class='ocrx_word' id='word_1_120' title='bbox 448 1665 624 1711; x_wconf 89' lang='lat' dir='ltr'>Judices‚</span> <span class='ocrx_word' id='word_1_121' title='bbox 651 1679 720 1704; x_wconf 89' lang='lat' dir='ltr'>seu</span> <span class='ocrx_word' id='word_1_122' title='bbox 750 1672 833 1704; x_wconf 83' lang='lat' dir='ltr'>rata</span> <span class='ocrx_word' id='word_1_123' title='bbox 851 1665 1079 1711; x_wconf 83' lang='lat' dir='ltr'>habeantur,</span> <span class='ocrx_word' id='word_1_124' title='bbox 1099 1679 1167 1705; x_wconf 89' lang='lat' dir='ltr'>seu</span> <span class='ocrx_word' id='word_1_125' title='bbox 1198 1665 1591 1717; x_wconf 82' lang='lat' dir='ltr'>damnentur,—nam</span> 
     </span>
     <span class='ocr_line' id='line_1_20' title="bbox 130 1726 1593 1780; baseline 0 -14"><span class='ocrx_word' id='word_1_126' title='bbox 130 1742 218 1767; x_wconf 88' lang='lat' dir='ltr'>mea</span> <span class='ocrx_word' id='word_1_127' title='bbox 237 1727 390 1780; x_wconf 89' lang='lat' dir='ltr'>quidem</span> <span class='ocrx_word' id='word_1_128' title='bbox 410 1727 450 1765; x_wconf 93' lang='lat' dir='ltr'>id</span> <span class='ocrx_word' id='word_1_129' title='bbox 471 1727 563 1765; x_wconf 90' lang='lat' dir='ltr'>nihil</span> <span class='ocrx_word' id='word_1_130' title='bbox 588 1728 812 1776; x_wconf 84' lang='lat' dir='ltr'>interest—,</span> <span class='ocrx_word' id='word_1_131' title='bbox 833 1728 926 1780; x_wconf 88' lang='lat' dir='ltr'>quid</span> <span class='ocrx_word' id='word_1_132' title='bbox 954 1728 1088 1767; x_wconf 90' lang='lat' dir='ltr'>civitas</span> <span class='ocrx_word' id='word_1_133' title='bbox 1109 1736 1176 1767; x_wconf 86' lang='lat' dir='ltr'>aut</span> <span class='ocrx_word' id='word_1_134' title='bbox 1195 1727 1416 1774; x_wconf 85' lang='lat' dir='ltr'>lucrifacit,</span> <span class='ocrx_word' id='word_1_135' title='bbox 1436 1733 1503 1766; x_wconf 91' lang='lat' dir='ltr'>aut</span> <span class='ocrx_word' id='word_1_136' title='bbox 1522 1726 1593 1766; x_wconf 87' lang='lat' dir='ltr'>‹la-</span> 
     </span>
     <span class='ocr_line' id='line_1_21' title="bbox 129 1788 1592 1841; baseline -0.001 -14"><span class='ocrx_word' id='word_1_137' title='bbox 129 1789 234 1827; x_wconf 74' lang='lat' dir='ltr'>mni?</span> <span class='ocrx_word' id='word_1_138' title='bbox 266 1788 457 1841; x_wconf 89' lang='lat' dir='ltr'>Equidem</span> <span class='ocrx_word' id='word_1_139' title='bbox 489 1788 583 1826; x_wconf 88' lang='lat' dir='ltr'>nihil</span> <span class='ocrx_word' id='word_1_140' title='bbox 616 1789 790 1828; x_wconf 87' lang='lat' dir='ltr'>arbitror.</span> <span class='ocrx_word' id='word_1_141' title='bbox 847 1789 1040 1828; x_wconf 90' lang='lat' dir='ltr'>Tenedios</span> <span class='ocrx_word' id='word_1_142' title='bbox 1074 1790 1177 1828; x_wconf 92' lang='lat' dir='ltr'>enim</span> <span class='ocrx_word' id='word_1_143' title='bbox 1208 1790 1317 1828; x_wconf 90' lang='lat' dir='ltr'>aiunt</span> <span class='ocrx_word' id='word_1_144' title='bbox 1340 1789 1433 1827; x_wconf 89' lang='lat' dir='ltr'>nihil</span> <span class='ocrx_word' id='word_1_145' title='bbox 1458 1801 1592 1827; x_wconf 85' lang='lat' dir='ltr'>curare</span> 
     </span>
     <span class='ocr_line' id='line_1_22' title="bbox 128 1849 1592 1902; baseline -0.001 -13"><span class='ocrx_word' id='word_1_146' title='bbox 128 1857 298 1890; x_wconf 86' lang='lat' dir='ltr'>nostram</span> <span class='ocrx_word' id='word_1_147' title='bbox 317 1850 526 1897; x_wconf 87' lang='lat' dir='ltr'>civitatem,</span> <span class='ocrx_word' id='word_1_148' title='bbox 553 1849 670 1902; x_wconf 88' lang='lat' dir='ltr'>idque</span> <span class='ocrx_word' id='word_1_149' title='bbox 689 1864 759 1902; x_wconf 91' lang='lat' dir='ltr'>per</span> <span class='ocrx_word' id='word_1_150' title='bbox 777 1851 1032 1890; x_wconf 90' lang='lat' dir='ltr'>Theocrinem</span> <span class='ocrx_word' id='word_1_151' title='bbox 1053 1866 1140 1891; x_wconf 92' lang='lat' dir='ltr'>esse</span> <span class='ocrx_word' id='word_1_152' title='bbox 1158 1852 1319 1891; x_wconf 91' lang='lat' dir='ltr'>factum.</span> <span class='ocrx_word' id='word_1_153' title='bbox 1377 1851 1592 1890; x_wconf 86' lang='lat' dir='ltr'>Calumniis</span> 
     </span>
     <span class='ocr_line' id='line_1_23' title="bbox 126 1912 1593 1965; baseline -0.001 -13"><span class='ocrx_word' id='word_1_154' title='bbox 126 1913 229 1953; x_wconf 88' lang='lat' dir='ltr'>enim</span> <span class='ocrx_word' id='word_1_155' title='bbox 261 1926 330 1965; x_wconf 89' lang='lat' dir='ltr'>per</span> <span class='ocrx_word' id='word_1_156' title='bbox 360 1912 475 1950; x_wconf 92' lang='lat' dir='ltr'>istum</span> <span class='ocrx_word' id='word_1_157' title='bbox 509 1912 671 1964; x_wconf 88' lang='lat' dir='ltr'>appetiti</span> <span class='ocrx_word' id='word_1_158' title='bbox 701 1912 777 1951; x_wconf 87' lang='lat' dir='ltr'>illis</span> <span class='ocrx_word' id='word_1_159' title='bbox 805 1914 1058 1965; x_wconf 86' lang='lat' dir='ltr'>temporibus,</span> <span class='ocrx_word' id='word_1_160' title='bbox 1078 1915 1219 1965; x_wconf 90' lang='lat' dir='ltr'>quibus</span> <span class='ocrx_word' id='word_1_161' title='bbox 1246 1926 1380 1952; x_wconf 90' lang='lat' dir='ltr'>eorum</span> <span class='ocrx_word' id='word_1_162' title='bbox 1411 1913 1474 1952; x_wconf 89' lang='lat' dir='ltr'>alii</span> <span class='ocrx_word' id='word_1_163' title='bbox 1499 1913 1593 1951; x_wconf 92' lang='lat' dir='ltr'>Phi-</span> 
     </span>
     <span class='ocr_line' id='line_1_24' title="bbox 124 1974 1593 2028; baseline 0 -14"><span class='ocrx_word' id='word_1_164' title='bbox 124 1976 245 2028; x_wconf 84' lang='lat' dir='ltr'>lippo,</span> <span class='ocrx_word' id='word_1_165' title='bbox 266 1975 331 2014; x_wconf 89' lang='lat' dir='ltr'>alii</span> <span class='ocrx_word' id='word_1_166' title='bbox 350 1974 653 2014; x_wconf 84' lang='lat' dir='ltr'>Atheniensibus</span> <span class='ocrx_word' id='word_1_167' title='bbox 669 1975 892 2023; x_wconf 87' lang='lat' dir='ltr'>studebant,</span> <span class='ocrx_word' id='word_1_168' title='bbox 910 1990 998 2015; x_wconf 92' lang='lat' dir='ltr'>cum</span> <span class='ocrx_word' id='word_1_169' title='bbox 1019 1977 1201 2016; x_wconf 86' lang='lat' dir='ltr'>audirent</span> <span class='ocrx_word' id='word_1_170' title='bbox 1218 1977 1361 2028; x_wconf 89' lang='lat' dir='ltr'>iniquae</span> <span class='ocrx_word' id='word_1_171' title='bbox 1379 1977 1593 2028; x_wconf 86' lang='lat' dir='ltr'>rogationis</span> 
     </span>
     <span class='ocr_line' id='line_1_25' title="bbox 126 2038 1592 2091; baseline 0.001 -13"><span class='ocrx_word' id='word_1_172' title='bbox 126 2038 314 2091; x_wconf 89' lang='lat' dir='ltr'>postulari</span> <span class='ocrx_word' id='word_1_173' title='bbox 333 2038 532 2078; x_wconf 89' lang='lat' dir='ltr'>decretum</span> <span class='ocrx_word' id='word_1_174' title='bbox 552 2038 663 2085; x_wconf 90' lang='lat' dir='ltr'>illud,</span> <span class='ocrx_word' id='word_1_175' title='bbox 683 2039 788 2090; x_wconf 85' lang='lat' dir='ltr'>quod</span> <span class='ocrx_word' id='word_1_176' title='bbox 811 2039 1004 2078; x_wconf 87' lang='lat' dir='ltr'>Charinus</span> <span class='ocrx_word' id='word_1_177' title='bbox 1025 2048 1114 2079; x_wconf 88' lang='lat' dir='ltr'>ante</span> <span class='ocrx_word' id='word_1_178' title='bbox 1135 2041 1334 2079; x_wconf 80' lang='lat' dir='ltr'>decretum</span> <span class='ocrx_word' id='word_1_179' title='bbox 1355 2040 1404 2078; x_wconf 92' lang='lat' dir='ltr'>de</span> <span class='ocrx_word' id='word_1_180' title='bbox 1432 2040 1592 2089; x_wconf 90' lang='lat' dir='ltr'>tributo,</span> 
     </span>
     <span class='ocr_line' id='line_1_26' title="bbox 126 2099 1593 2156; baseline 0.001 -16"><span class='ocrx_word' id='word_1_181' title='bbox 126 2099 356 2153; x_wconf 80' lang='lat' dir='ltr'>Thucydide</span> <span class='ocrx_word' id='word_1_182' title='bbox 391 2106 548 2139; x_wconf 86' lang='lat' dir='ltr'>auctore</span> <span class='ocrx_word' id='word_1_183' title='bbox 577 2100 738 2148; x_wconf 88' lang='lat' dir='ltr'>factum,</span> <span class='ocrx_word' id='word_1_184' title='bbox 766 2109 984 2156; x_wconf 75' lang='lat' dir='ltr'>accusarat,</span> <span class='ocrx_word' id='word_1_185' title='bbox 1003 2115 1076 2140; x_wconf 82' lang='lat' dir='ltr'>nec</span> <span class='ocrx_word' id='word_1_186' title='bbox 1097 2103 1221 2141; x_wconf 91' lang='lat' dir='ltr'>ullum</span> <span class='ocrx_word' id='word_1_187' title='bbox 1238 2116 1325 2141; x_wconf 89' lang='lat' dir='ltr'>esse</span> <span class='ocrx_word' id='word_1_188' title='bbox 1354 2115 1481 2141; x_wconf 90' lang='lat' dir='ltr'>rerum</span> <span class='ocrx_word' id='word_1_189' title='bbox 1512 2103 1593 2141; x_wconf 88' lang='lat' dir='ltr'>exi-</span> 
     </span>
     <span class='ocr_line' id='line_1_27' title="bbox 127 2162 1592 2216; baseline 0.001 -14"><span class='ocrx_word' id='word_1_190' title='bbox 127 2170 223 2210; x_wconf 91' lang='lat' dir='ltr'>tum,</span> <span class='ocrx_word' id='word_1_191' title='bbox 243 2162 313 2201; x_wconf 91' lang='lat' dir='ltr'>sed</span> <span class='ocrx_word' id='word_1_192' title='bbox 331 2162 547 2201; x_wconf 89' lang='lat' dir='ltr'>concedere</span> <span class='ocrx_word' id='word_1_193' title='bbox 563 2162 764 2215; x_wconf 92' lang='lat' dir='ltr'>populum,</span> <span class='ocrx_word' id='word_1_194' title='bbox 785 2169 829 2202; x_wconf 92' lang='lat' dir='ltr'>ut</span> <span class='ocrx_word' id='word_1_195' title='bbox 847 2162 1009 2202; x_wconf 89' lang='lat' dir='ltr'>Tenedii</span> <span class='ocrx_word' id='word_1_196' title='bbox 1027 2170 1178 2202; x_wconf 87' lang='lat' dir='ltr'>tantum</span> <span class='ocrx_word' id='word_1_197' title='bbox 1205 2164 1337 2202; x_wconf 91' lang='lat' dir='ltr'>tributi</span> <span class='ocrx_word' id='word_1_198' title='bbox 1362 2164 1592 2216; x_wconf 88' lang='lat' dir='ltr'>penderent,</span> 
     </span>
     <span class='ocr_line' id='line_1_28' title="bbox 127 2223 1593 2278; baseline 0.001 -14"><span class='ocrx_word' id='word_1_199' title='bbox 127 2231 318 2277; x_wconf 84' lang='lat' dir='ltr'>quantum</span> <span class='ocrx_word' id='word_1_200' title='bbox 338 2223 496 2263; x_wconf 89' lang='lat' dir='ltr'>Chareti</span> <span class='ocrx_word' id='word_1_201' title='bbox 515 2224 604 2263; x_wconf 92' lang='lat' dir='ltr'>duci</span> <span class='ocrx_word' id='word_1_202' title='bbox 622 2224 898 2276; x_wconf 85' lang='lat' dir='ltr'>promisissent,</span> <span class='ocrx_word' id='word_1_203' title='bbox 913 2226 1030 2264; x_wconf 90' lang='lat' dir='ltr'>istum</span> <span class='ocrx_word' id='word_1_204' title='bbox 1043 2233 1171 2265; x_wconf 90' lang='lat' dir='ltr'>autem</span> <span class='ocrx_word' id='word_1_205' title='bbox 1191 2226 1384 2278; x_wconf 90' lang='lat' dir='ltr'>impurum</span> <span class='ocrx_word' id='word_1_206' title='bbox 1400 2226 1593 2266; x_wconf 87' lang='lat' dir='ltr'>hominem</span> 
     </span>
     <span class='ocr_line' id='line_1_29' title="bbox 126 2285 1592 2340; baseline 0.001 -15"><span class='ocrx_word' id='word_1_207' title='bbox 126 2286 342 2340; x_wconf 86' lang='lat' dir='ltr'>pollicitum</span> <span class='ocrx_word' id='word_1_208' title='bbox 363 2285 533 2324; x_wconf 87' lang='lat' dir='ltr'>Charino</span> <span class='ocrx_word' id='word_1_209' title='bbox 564 2286 751 2338; x_wconf 88' lang='lat' dir='ltr'>proditori</span> <span class='ocrx_word' id='word_1_210' title='bbox 784 2300 895 2325; x_wconf 90' lang='lat' dir='ltr'>suam</span> <span class='ocrx_word' id='word_1_211' title='bbox 925 2300 1096 2339; x_wconf 87' lang='lat' dir='ltr'>operam,</span> <span class='ocrx_word' id='word_1_212' title='bbox 1125 2288 1231 2340; x_wconf 89' lang='lat' dir='ltr'>quod</span> <span class='ocrx_word' id='word_1_213' title='bbox 1257 2300 1417 2326; x_wconf 91' lang='lat' dir='ltr'>necesse</span> <span class='ocrx_word' id='word_1_214' title='bbox 1444 2288 1592 2328; x_wconf 87' lang='lat' dir='ltr'>habue-</span> 
     </span>
     <span class='ocr_line' id='line_1_30' title="bbox 127 2346 1593 2400; baseline 0.001 -14"><span class='ocrx_word' id='word_1_215' title='bbox 127 2356 232 2395; x_wconf 86' lang='lat' dir='ltr'>runt,</span> <span class='ocrx_word' id='word_1_216' title='bbox 251 2347 292 2386; x_wconf 92' lang='lat' dir='ltr'>id</span> <span class='ocrx_word' id='word_1_217' title='bbox 310 2347 498 2386; x_wconf 86' lang='lat' dir='ltr'>fecerunt.</span> <span class='ocrx_word' id='word_1_218' title='bbox 548 2346 608 2386; x_wconf 85' lang='lat' dir='ltr'>Ex</span> <span class='ocrx_word' id='word_1_219' title='bbox 627 2348 854 2400; x_wconf 88' lang='lat' dir='ltr'>urgentibus</span> <span class='ocrx_word' id='word_1_220' title='bbox 870 2348 971 2387; x_wconf 91' lang='lat' dir='ltr'>enim</span> <span class='ocrx_word' id='word_1_221' title='bbox 992 2348 1102 2387; x_wconf 87' lang='lat' dir='ltr'>malis</span> <span class='ocrx_word' id='word_1_222' title='bbox 1117 2348 1156 2387; x_wconf 91' lang='lat' dir='ltr'>id</span> <span class='ocrx_word' id='word_1_223' title='bbox 1176 2349 1283 2400; x_wconf 90' lang='lat' dir='ltr'>quod</span> <span class='ocrx_word' id='word_1_224' title='bbox 1303 2349 1376 2387; x_wconf 85' lang='lat' dir='ltr'>fuit</span> <span class='ocrx_word' id='word_1_225' title='bbox 1394 2350 1593 2388; x_wconf 89' lang='lat' dir='ltr'>minimum</span> 
     </span>
     <span class='ocr_line' id='line_1_31' title="bbox 127 2409 1594 2462; baseline 0.001 -13"><span class='ocrx_word' id='word_1_226' title='bbox 127 2410 344 2462; x_wconf 86' lang='lat' dir='ltr'>elegerunt.</span> <span class='ocrx_word' id='word_1_227' title='bbox 399 2409 506 2452; x_wconf 85' lang='lat' dir='ltr'>Quid</span> <span class='ocrx_word' id='word_1_228' title='bbox 524 2422 615 2448; x_wconf 92' lang='lat' dir='ltr'>vero</span> <span class='ocrx_word' id='word_1_229' title='bbox 645 2410 847 2462; x_wconf 85' lang='lat' dir='ltr'>probabile</span> <span class='ocrx_word' id='word_1_230' title='bbox 876 2410 962 2458; x_wconf 81' lang='lat' dir='ltr'>suit,</span> <span class='ocrx_word' id='word_1_231' title='bbox 993 2424 1061 2450; x_wconf 91' lang='lat' dir='ltr'>eos</span> <span class='ocrx_word' id='word_1_232' title='bbox 1092 2411 1332 2450; x_wconf 87' lang='lat' dir='ltr'>nostratibus</span> <span class='ocrx_word' id='word_1_233' title='bbox 1359 2413 1504 2450; x_wconf 90' lang='lat' dir='ltr'>moveri</span> <span class='ocrx_word' id='word_1_234' title='bbox 1524 2412 1594 2451; x_wconf 92' lang='lat' dir='ltr'>de-</span> 
     </span>
     <span class='ocr_line' id='line_1_32' title="bbox 128 2471 1592 2526; baseline 0.001 -14"><span class='ocrx_word' id='word_1_235' title='bbox 128 2473 256 2520; x_wconf 87' lang='lat' dir='ltr'>cre-tis,</span> <span class='ocrx_word' id='word_1_236' title='bbox 275 2472 415 2523; x_wconf 87' lang='lat' dir='ltr'>quibus</span> <span class='ocrx_word' id='word_1_237' title='bbox 442 2471 650 2524; x_wconf 86' lang='lat' dir='ltr'>optabilius</span> <span class='ocrx_word' id='word_1_238' title='bbox 676 2473 751 2511; x_wconf 87' lang='lat' dir='ltr'>fuit</span> <span class='ocrx_word' id='word_1_239' title='bbox 774 2473 954 2525; x_wconf 87' lang='lat' dir='ltr'>praesidia</span> <span class='ocrx_word' id='word_1_240' title='bbox 973 2475 1159 2526; x_wconf 89' lang='lat' dir='ltr'>recipere,</span> <span class='ocrx_word' id='word_1_241' title='bbox 1180 2481 1219 2512; x_wconf 89' lang='lat' dir='ltr'>et</span> <span class='ocrx_word' id='word_1_242' title='bbox 1240 2473 1422 2512; x_wconf 88' lang='lat' dir='ltr'>Barbaris</span> <span class='ocrx_word' id='word_1_243' title='bbox 1442 2488 1592 2526; x_wconf 89' lang='lat' dir='ltr'>parere,</span> 
     </span>
     <span class='ocr_line' id='line_1_33' title="bbox 127 2534 1593 2590; baseline 0 -15"><span class='ocrx_word' id='word_1_244' title='bbox 127 2542 257 2575; x_wconf 88' lang='lat' dir='ltr'>vestra</span> <span class='ocrx_word' id='word_1_245' title='bbox 275 2534 462 2573; x_wconf 89' lang='lat' dir='ltr'>societate</span> <span class='ocrx_word' id='word_1_246' title='bbox 482 2534 646 2573; x_wconf 78' lang='lat' dir='ltr'>relicta?</span> <span class='ocrx_word' id='word_1_247' title='bbox 675 2535 746 2574; x_wconf 91' lang='lat' dir='ltr'>sed</span> <span class='ocrx_word' id='word_1_248' title='bbox 765 2535 875 2575; x_wconf 89' lang='lat' dir='ltr'>istius</span> <span class='ocrx_word' id='word_1_249' title='bbox 895 2536 995 2575; x_wconf 89' lang='lat' dir='ltr'>serre</span> <span class='ocrx_word' id='word_1_250' title='bbox 1015 2537 1301 2589; x_wconf 86' lang='lat' dir='ltr'>improbitatem</span> <span class='ocrx_word' id='word_1_251' title='bbox 1324 2535 1395 2575; x_wconf 88' lang='lat' dir='ltr'>soli</span> <span class='ocrx_word' id='word_1_252' title='bbox 1410 2550 1492 2583; x_wconf 81' lang='lat' dir='ltr'>VOS,</span> <span class='ocrx_word' id='word_1_253' title='bbox 1511 2538 1593 2590; x_wconf 80' lang='lat' dir='ltr'>opi·</span> 
     </span>
     <span class='ocr_line' id='line_1_34' title="bbox 129 2595 943 2650; baseline 0 -13"><span class='ocrx_word' id='word_1_254' title='bbox 129 2612 212 2645; x_wconf 88' lang='lat' dir='ltr'>nor,</span> <span class='ocrx_word' id='word_1_255' title='bbox 226 2596 412 2650; x_wconf 89' lang='lat' dir='ltr'>potestis:</span> <span class='ocrx_word' id='word_1_256' title='bbox 443 2596 542 2635; x_wconf 89' lang='lat' dir='ltr'>alius</span> <span class='ocrx_word' id='word_1_257' title='bbox 564 2595 790 2636; x_wconf 65' lang='lat' dir='ltr'>Graecorum</span> <span class='ocrx_word' id='word_1_258' title='bbox 812 2612 943 2644; x_wconf 60' lang='lat' dir='ltr'>nemo,</span> 
     </span>
    </p>

    <p class='ocr_par' dir='ltr' id='par_1_8' title="bbox 128 2657 1597 3023">
     <span class='ocr_line' id='line_1_35' title="bbox 184 2657 1594 2714; baseline 0.001 -16"><span class='ocrx_word' id='word_1_259' title='bbox 184 2660 247 2698; x_wconf 85' lang='lat'>11.</span> <span class='ocrx_word' id='word_1_260' title='bbox 276 2658 368 2697; x_wconf 90' lang='lat' dir='ltr'>Non</span> <span class='ocrx_word' id='word_1_261' title='bbox 389 2657 597 2697; x_wconf 86' lang='lat' dir='ltr'>convenire</span> <span class='ocrx_word' id='word_1_262' title='bbox 616 2665 745 2699; x_wconf 90' lang='lat' dir='ltr'>autem</span> <span class='ocrx_word' id='word_1_263' title='bbox 765 2660 828 2699; x_wconf 88' lang='lat' dir='ltr'>vel</span> <span class='ocrx_word' id='word_1_264' title='bbox 847 2667 1007 2713; x_wconf 87' lang='lat' dir='ltr'>propter</span> <span class='ocrx_word' id='word_1_265' title='bbox 1033 2674 1100 2700; x_wconf 90' lang='lat' dir='ltr'>eas</span> <span class='ocrx_word' id='word_1_266' title='bbox 1120 2674 1208 2714; x_wconf 83' lang='lat' dir='ltr'>quae</span> <span class='ocrx_word' id='word_1_267' title='bbox 1227 2661 1398 2700; x_wconf 84' lang='lat' dir='ltr'>recitatae</span> <span class='ocrx_word' id='word_1_268' title='bbox 1419 2668 1509 2700; x_wconf 90' lang='lat' dir='ltr'>sunt</span> <span class='ocrx_word' id='word_1_269' title='bbox 1529 2675 1594 2701; x_wconf 90' lang='lat' dir='ltr'>ac-</span> 
     </span>
     <span class='ocr_line' id='line_1_36' title="bbox 129 2719 1594 2775; baseline 0.001 -15"><span class='ocrx_word' id='word_1_270' title='bbox 129 2720 363 2767; x_wconf 83' lang='lat' dir='ltr'>cusationes,</span> <span class='ocrx_word' id='word_1_271' title='bbox 383 2720 444 2758; x_wconf 85' lang='lat' dir='ltr'>vel</span> <span class='ocrx_word' id='word_1_272' title='bbox 464 2719 584 2759; x_wconf 88' lang='lat' dir='ltr'>ullam</span> <span class='ocrx_word' id='word_1_273' title='bbox 602 2720 718 2760; x_wconf 90' lang='lat' dir='ltr'>aliam</span> <span class='ocrx_word' id='word_1_274' title='bbox 738 2721 789 2760; x_wconf 91' lang='lat' dir='ltr'>ob</span> <span class='ocrx_word' id='word_1_275' title='bbox 819 2735 990 2770; x_wconf 89' lang='lat' dir='ltr'>causam,</span> <span class='ocrx_word' id='word_1_276' title='bbox 1008 2722 1162 2762; x_wconf 86' lang='lat' dir='ltr'>violatis</span> <span class='ocrx_word' id='word_1_277' title='bbox 1182 2722 1422 2761; x_wconf 86' lang='lat' dir='ltr'>delationum</span> <span class='ocrx_word' id='word_1_278' title='bbox 1442 2723 1594 2775; x_wconf 84' lang='lat' dir='ltr'>legibus</span> 
     </span>
     <span class='ocr_line' id='line_1_37' title="bbox 129 2781 1595 2838; baseline 0.001 -16"><span class='ocrx_word' id='word_1_279' title='bbox 129 2781 277 2823; x_wconf 86' lang='lat' dir='ltr'>absolvi</span> <span class='ocrx_word' id='word_1_280' title='bbox 311 2781 584 2829; x_wconf 86' lang='lat' dir='ltr'>Theocrinem,</span> <span class='ocrx_word' id='word_1_281' title='bbox 611 2796 659 2822; x_wconf 88' lang='lat' dir='ltr'>ex</span> <span class='ocrx_word' id='word_1_282' title='bbox 690 2783 751 2822; x_wconf 84' lang='lat' dir='ltr'>his</span> <span class='ocrx_word' id='word_1_283' title='bbox 781 2784 898 2823; x_wconf 89' lang='lat' dir='ltr'>etiam</span> <span class='ocrx_word' id='word_1_284' title='bbox 923 2798 1010 2836; x_wconf 81' lang='lat' dir='ltr'>quae</span> <span class='ocrx_word' id='word_1_285' title='bbox 1037 2785 1142 2823; x_wconf 86' lang='lat' dir='ltr'>dicta</span> <span class='ocrx_word' id='word_1_286' title='bbox 1173 2792 1277 2831; x_wconf 86' lang='lat' dir='ltr'>suut,</span> <span class='ocrx_word' id='word_1_287' title='bbox 1299 2786 1418 2823; x_wconf 84' lang='lat' dir='ltr'>ferme</span> <span class='ocrx_word' id='word_1_288' title='bbox 1445 2786 1595 2838; x_wconf 89' lang='lat' dir='ltr'>perspi-</span> 
     </span>
     <span class='ocr_line' id='line_1_38' title="bbox 129 2844 1595 2895; baseline 0.003 -13"><span class='ocrx_word' id='word_1_289' title='bbox 129 2844 250 2882; x_wconf 84' lang='lat' dir='ltr'>citur:</span> <span class='ocrx_word' id='word_1_290' title='bbox 280 2857 354 2895; x_wconf 84' lang='lat' dir='ltr'>ego</span> <span class='ocrx_word' id='word_1_291' title='bbox 372 2857 463 2883; x_wconf 84' lang='lat' dir='ltr'>vero</span> <span class='ocrx_word' id='word_1_292' title='bbox 483 2858 624 2884; x_wconf 90' lang='lat' dir='ltr'>causas</span> <span class='ocrx_word' id='word_1_293' title='bbox 644 2845 819 2893; x_wconf 86' lang='lat' dir='ltr'>istorum,</span> <span class='ocrx_word' id='word_1_294' title='bbox 848 2846 1023 2892; x_wconf 82' lang='lat' dir='ltr'>Judices‚</span> <span class='ocrx_word' id='word_1_295' title='bbox 1056 2853 1095 2884; x_wconf 86' lang='lat' dir='ltr'>et</span> <span class='ocrx_word' id='word_1_296' title='bbox 1118 2847 1399 2893; x_wconf 88' lang='lat' dir='ltr'>accusationes,</span> <span class='ocrx_word' id='word_1_297' title='bbox 1421 2854 1461 2885; x_wconf 88' lang='lat' dir='ltr'>et</span> <span class='ocrx_word' id='word_1_298' title='bbox 1477 2847 1595 2886; x_wconf 87' lang='lat' dir='ltr'>simu-</span> 
     </span>
     <span class='ocr_line' id='line_1_39' title="bbox 128 2905 1597 2960; baseline 0.003 -16"><span class='ocrx_word' id='word_1_299' title='bbox 128 2906 229 2945; x_wconf 89' lang='lat' dir='ltr'>latas</span> <span class='ocrx_word' id='word_1_300' title='bbox 253 2905 348 2945; x_wconf 89' lang='lat' dir='ltr'>istas</span> <span class='ocrx_word' id='word_1_301' title='bbox 367 2905 598 2953; x_wconf 84' lang='lat' dir='ltr'>simultates,</span> <span class='ocrx_word' id='word_1_302' title='bbox 618 2919 697 2946; x_wconf 87' lang='lat' dir='ltr'>non</span> <span class='ocrx_word' id='word_1_303' title='bbox 726 2907 844 2946; x_wconf 88' lang='lat' dir='ltr'>latere</span> <span class='ocrx_word' id='word_1_304' title='bbox 864 2921 933 2946; x_wconf 89' lang='lat' dir='ltr'>vos</span> <span class='ocrx_word' id='word_1_305' title='bbox 961 2907 1153 2946; x_wconf 87' lang='lat' dir='ltr'>existimo.</span> <span class='ocrx_word' id='word_1_306' title='bbox 1212 2908 1350 2960; x_wconf 80' lang='lat' dir='ltr'>Neque</span> <span class='ocrx_word' id='word_1_307' title='bbox 1381 2909 1483 2947; x_wconf 89' lang='lat' dir='ltr'>enim</span> <span class='ocrx_word' id='word_1_308' title='bbox 1509 2923 1597 2949; x_wconf 84' lang='lat' dir='ltr'>raro</span> 
     </span>
     <span class='ocr_line' id='line_1_40' title="bbox 129 2967 1593 3023; baseline 0.003 -17"><span class='ocrx_word' id='word_1_309' title='bbox 129 2967 278 3007; x_wconf 89' lang='lat' dir='ltr'>vidistis</span> <span class='ocrx_word' id='word_1_310' title='bbox 314 2980 381 3008; x_wconf 87' lang='lat' dir='ltr'>eos</span> <span class='ocrx_word' id='word_1_311' title='bbox 414 2968 451 3007; x_wconf 90' lang='lat' dir='ltr'>in</span> <span class='ocrx_word' id='word_1_312' title='bbox 480 2968 563 3010; x_wconf 78' lang='lat' dir='ltr'>soro</span> <span class='ocrx_word' id='word_1_313' title='bbox 584 2976 623 3009; x_wconf 86' lang='lat' dir='ltr'>et</span> <span class='ocrx_word' id='word_1_314' title='bbox 648 2977 835 3022; x_wconf 80' lang='lat' dir='ltr'>suggesto</span> <span class='ocrx_word' id='word_1_315' title='bbox 854 2984 934 3022; x_wconf 87' lang='lat' dir='ltr'>prae</span> <span class='ocrx_word' id='word_1_316' title='bbox 963 2984 1003 3009; x_wconf 90' lang='lat' dir='ltr'>se</span> <span class='ocrx_word' id='word_1_317' title='bbox 1032 2970 1131 3009; x_wconf 86' lang='lat' dir='ltr'>serre</span> <span class='ocrx_word' id='word_1_318' title='bbox 1160 2969 1394 3019; x_wconf 84' lang='lat' dir='ltr'>iuimicitias,</span> <span class='ocrx_word' id='word_1_319' title='bbox 1415 2971 1593 3023; x_wconf 85' lang='lat' dir='ltr'>privatim</span> 
     </span>
    </p>

    <p class='ocr_par' dir='ltr' id='par_1_9' title="bbox 850 3036 920 3070">
     <span class='ocr_line' id='line_1_41' title="bbox 850 3036 920 3070; baseline 0.014 -1"><span class='ocrx_word' id='word_1_320' title='bbox 850 3036 873 3069; x_wconf 75' lang='grc'><em>5</em></span> <span class='ocrx_word' id='word_1_321' title='bbox 899 3046 920 3070; x_wconf 76' lang='lat' dir='ltr'>n</span> 
     </span>
    </p>
   </div>
  </div>
 </body>
</html>
