1915 3356
229 494 633 533 ARGUMENTUM
664 494 966 533 ORATIONIS
998 494 1054 532 IN
1085 495 1541 538 CTESIPHONTEM.

151 606 286 636 Set-rum
303 607 377 636 fecit
393 607 572 646 Ctesiphon,
588 611 622 636 nt
646 607 870 636 Demosthenes
895 607 1111 637 Demosthenis
1130 608 1151 637 f.
1178 608 1367 638 Paeaniensis
1387 621 1498 639 corona
1521 622 1613 640 aurea

149 656 326 693 donaretur,
354 668 448 696 eaque
472 657 596 687 donatio
621 657 650 686 in
674 659 794 688 theatro
821 658 920 697 palam
950 660 1036 688 lieret
1056 659 1165 689 diebus
1188 661 1428 690 Bacchanalium
1452 663 1614 699 tragoedis,

148 714 315 748 propterea
326 709 405 748 quod
419 719 454 738 ea
471 720 538 748 quae
550 720 566 739 e
584 719 614 739 re
632 714 735 739 essent
752 710 859 749 populi
876 710 1073 740 Atheniensis
1086 717 1117 740 et
1133 711 1237 740 dicere
1250 717 1279 741 et
1291 712 1391 742 faeere
1408 723 1528 752 semper
1545 724 1613 751 per-

150 759 273 790 stiterit.
307 760 424 790 Scitum
440 761 519 790 illud
536 761 699 791 AEschines
717 766 749 791 ut
773 769 879 792 contra
895 763 980 801 leges
1007 763 1120 792 sactum
1138 763 1167 792 in
1180 764 1333 802 judicium
1352 765 1485 800 vocavit,
1503 770 1533 794 et
1556 765 1615 795 tria

148 811 356 841 accusationis
369 812 470 851 capita
483 823 599 842 summa
611 814 740 852 profert,
754 824 858 850 unum,
876 815 956 853 quod
972 814 1214 844 Demosthenem
1232 816 1402 845 rationibus
1420 817 1550 845 nondum
1565 827 1615 846 re-

147 861 218 892 latis
238 873 351 892 corona
367 864 539 904 donandum
557 865 743 901 decreverit,
767 875 835 895 cum
860 866 928 904 lege
945 871 1065 895 cautum
1084 866 1124 895 sit
1150 877 1186 895 ne
1202 867 1270 905 quis
1287 867 1483 905 magistratus
1502 878 1614 897 corona

147 914 315 944 donaretur
329 915 508 954 priusquam
523 916 659 946 rationes
676 917 845 953 retulisset,
861 922 892 947 et
908 917 965 946 hoc
983 922 1075 956 caput
1100 918 1138 947 ad
1154 918 1317 948 essentiam
1334 919 1436 948 causae
1457 920 1611 958 pertinet:

148 965 290 1002 alterum,
307 967 389 1005 quod
410 977 528 996 coronae
544 968 730 1006 praeconium
745 968 774 997 in
792 968 910 998 theatro
928 968 993 997 fieri
1018 969 1158 1007 jusserit,
1178 979 1246 998 cum
1264 969 1314 999 lex
1335 974 1417 999 vetet
1429 981 1610 1009 quemquam

146 1017 178 1047 in
193 1018 313 1048 theatro
329 1019 482 1054 coronari,
507 1024 538 1048 et
563 1021 619 1049 hoc
647 1021 685 1049 ad
709 1020 891 1059 quaestionis
920 1020 1097 1059 qualitatem
1125 1025 1266 1059 spectat:
1292 1021 1416 1050 tertium
1441 1026 1472 1051 et
1496 1026 1615 1060 posti-e:

145 1078 241 1104 mum,
257 1069 337 1108 quod
353 1070 431 1099 falsa
451 1070 480 1099 in
504 1070 630 1100 decreto
645 1071 820 1110 scripserit;
846 1082 902 1100 non
922 1071 1001 1101 enim
1020 1082 1089 1101 esse
1111 1072 1221 1101 bonum
1239 1071 1337 1101 virum
1362 1071 1614 1108 Demosthenem,

145 1130 244 1160 neque
259 1131 374 1151 corona
389 1121 525 1161 dignum.
555 1124 626 1152 Hoc
641 1133 762 1162 quoque
778 1128 827 1152 est
842 1123 878 1151 ad
895 1122 1010 1152 crinien
1027 1123 1066 1152 de
1082 1123 1218 1152 decretis
1234 1127 1338 1152 contra
1358 1123 1443 1162 leges
1460 1123 1549 1153 factis
1566 1135 1613 1154 re-

145 1172 316 1208 ferendum,
333 1183 401 1202 cum
419 1179 521 1203 exstet
537 1174 587 1204 lex
609 1185 677 1214 quae
693 1175 771 1204 salsa
791 1175 928 1204 scribere
944 1173 1108 1214 prohibeat
1131 1175 1160 1204 in
1180 1174 1331 1203 decretis:
1357 1175 1487 1213 pertinet
1511 1180 1611 1205 autem

144 1223 182 1252 ad
199 1223 386 1262 qualitatem.
420 1225 600 1255 Adversarii
618 1236 691 1255 vero
709 1230 771 1255 tres
787 1226 980 1263 objectiones
998 1225 1160 1264 anticipat,
1178 1237 1244 1255 nam
1262 1226 1299 1255 ad
1314 1226 1444 1265 primum
1462 1232 1554 1265 capnt
1569 1227 1614 1256 bi-

142 1274 251 1304 fariam
266 1276 467 1315 respondebit
494 1277 728 1312 Demosthenes,
751 1288 784 1306 se.
805 1288 865 1306 non
889 1277 985 1306 fnisse
1001 1277 1031 1306 in
1056 1277 1247 1316 magistratu,
1274 1287 1330 1306 nec
1354 1288 1508 1307 murorum
1534 1278 1612 1308 refe-

143 1325 275 1356 ctionem
298 1337 367 1356 esse
390 1326 612 1366 magistratum,
631 1328 685 1357 sed
710 1328 914 1358 ministerium
942 1328 1094 1366 quoddam
1113 1332 1144 1357 et
1167 1328 1377 1365 curationem3
1405 1334 1436 1358 et
1461 1333 1493 1357 ut
1518 1330 1613 1368 magi-

145 1380 259 1406 stratus
276 1377 327 1412 sit,
341 1382 441 1406 tamen
463 1388 531 1406 cum
548 1377 587 1407 de
600 1388 655 1407 suo
673 1378 712 1408 sit
727 1378 858 1417 largitus
875 1383 906 1407 et
923 1389 939 1407 e
955 1377 1080 1416 publico
1106 1378 1180 1407 nihil
1200 1378 1357 1417 acceperit
1373 1389 1430 1408 non
1457 1379 1515 1408 sibi
1532 1380 1612 1409 refe-

142 1428 256 1458 rendas
271 1426 340 1457 esse
356 1428 491 1457 rationes
507 1439 514 1456 ε
537 1433 699 1467 utrumque
715 1429 848 1467 pertinet
864 1430 902 1459 ad
920 1429 1107 1468 qualitatem.
1132 1430 1245 1458 Contra
1260 1429 1317 1458 hoc
1331 1433 1431 1459 antem
1446 1430 1612 1460 AEscbines

143 1479 349 1518 conjecturale
365 1483 457 1518 caput
478 1478 775 1518 opponit,'quamvis
791 1481 825 1510 id
843 1491 901 1510 non
920 1480 1100 1510 confirmet:
1136 1479 1162 1509 si
1183 1490 1241 1508 non
1262 1481 1301 1509 de
1325 1491 1381 1510 suo
1402 1481 1531 1520 largitus
1554 1487 1612 1518 est,

143 1531 197 1560 sed
213 1531 321 1560 decem
338 1531 454 1560 talenta
469 1532 506 1560 ad
524 1530 628 1569 operis
646 1535 801 1569 sumptum
817 1541 834 1560 a
845 1532 960 1560 Senatu
973 1531 1112 1570 accepit:
1139 1531 1268 1569 respicit
1280 1531 1337 1560 hoc
1352 1533 1512 1561 essentiam
1528 1543 1611 1572 quae-

143 1581 264 1611 stionis.
288 1581 449 1611 Adversus
475 1582 603 1610 alterurn
621 1576 715 1621 caput
731 1569 798 1610 cuin
822 1582 1047 1611 Demosthenes
1063 1582 1151 1610 aliam
1172 1582 1324 1620 proferret
1348 1583 1448 1622 legem
1469 1594 1536 1623 quae
1560 1594 1613 1614 co-

141 1642 246 1663 ronam
263 1632 293 1662 in
312 1633 431 1662 theatro
448 1632 774 1672 promulgarejubeat‚
791 1632 816 1661 si
831 1632 962 1670 jusserit
980 1633 1126 1671 populus,
1143 1643 1209 1662 eam
1227 1633 1389 1663 AEschines
1406 1645 1463 1663 non
1481 1635 1517 1664 ad
1536 1635 1612 1665 civi-

141 1695 205 1720 cas,
220 1684 274 1713 sed
285 1684 323 1713 ad
336 1683 504 1722 hospitales
517 1694 645 1713 coronas
659 1689 800 1723 spectare
815 1683 994 1712 contendit:
1020 1683 1151 1713 refertur
1164 1685 1199 1713 ad
1213 1685 1387 1714 essentiam.
1421 1686 1469 1714 Ad
1481 1686 1608 1716 tertium

141 1735 236 1764 multa
253 1735 429 1775 singulatim
446 1735 571 1774 regerit.
609 1734 779 1764 Existimat
803 1739 902 1764 autem
926 1735 1164 1764 Demosthenem
1190 1736 1219 1765 in
1240 1741 1371 1774 quatuor
1395 1741 1532 1775 tempora
1555 1739 1607 1768 de·

139 1786 308 1816 fensionern
326 1796 411 1816 suam
428 1786 575 1825 partitum
593 1796 672 1821 esse,
689 1785 888 1824 singulasque
902 1785 1039 1815 actiones
1055 1797 1127 1815 suas
1144 1786 1172 1816 in
1187 1797 1223 1816 ea
1238 1787 1445 1817 distribuisse.
1470 1788 1608 1819 Primum

138 1848 233 1876 porro
255 1842 378 1876 tempus
393 1837 426 1866 id
442 1837 486 1866 ait
508 1837 605 1867 fuisse
621 1847 680 1876 quo
697 1837 810 1867 bellurn
829 1836 959 1875 primum
978 1847 1047 1866 cum
1070 1837 1214 1876 Philippo
1230 1838 1267 1867 de
1283 1838 1465 1878 Amphipoli
1490 1846 1608 1878 gestum

140 1889 244 1924 suerit,
259 1888 389 1918 alterum
405 1888 495 1917 sactae
509 1888 606 1928 pacis,
625 1889 748 1918 tertium
767 1888 894 1917 secundi
913 1888 985 1917 belli
1000 1893 1031 1917 et
1045 1889 1144 1918 cladis
1157 1889 1382 1925 Chaeronensis,
1399 1896 1541 1929 quartum
1555 1891 1609 1921 de-

137 1941 230 1980 nique
245 1946 366 1979 tempus
388 1950 537 1979 praesens,
556 1950 659 1969 earnm
678 1950 722 1969 sc.
738 1950 839 1969 rerum
855 1950 923 1978 quae
940 1938 1016 1978 ipsis
1033 1950 1099 1969 cum
1118 1940 1295 1970 Alexandro
1306 1943 1369 1980 jam
1387 1946 1459 1971 tnnc
1477 1943 1607 1973 interce-

137 1993 261 2022 debant.
289 1991 395 2021 Primo
411 1992 506 2030 igitur
519 1996 655 2030 tempore
671 1991 756 2031 pacis
771 2001 840 2021 eurn
854 1991 951 2021 fnisse
972 1995 1127 2021 auctorem
1143 1992 1231 2028 dicit,
1247 1993 1348 2032 turpis
1363 1998 1394 2022 et
1415 1993 1547 2030 infamis,
1564 2001 1608 2025 at-

137 2053 198 2083 que
214 2042 372 2072 obstitisse
383 2052 442 2081 quo
452 2042 553 2072 minus
569 2053 635 2072 eam
648 2053 706 2072 una
721 2053 790 2071 cum
803 2042 954 2072 communi
972 2044 1150 2072 Graecorum
1163 2054 1310 2073 consessu
1327 2045 1460 2075 sanciret
1476 2046 1585 2077 civitas
1599 2059 1605 2076 ε

139 2094 286 2129 secundo,
302 2094 416 2123 bellum
435 2093 644 2133 Philippicum
662 2093 700 2122 ab
717 2103 754 2123 eo
770 2103 839 2122 esse
856 2093 1043 2123 concitatum
1063 2104 1070 2122 ε
1094 2094 1201 2130 tertio,
1227 2099 1257 2124 et
1275 2096 1353 2124 sacri
1371 2096 1443 2125 belli
1469 2102 1499 2126 et
1515 2108 1606 2128 casus

136 2145 402 2185 Amphissensium
420 2155 543 2175 causam
559 2144 668 2180 fuisse,
685 2144 757 2182 quin
770 2150 800 2173 et
817 2144 914 2174 cladis
925 2145 1152 2181 Chaeronensis,
1167 2156 1237 2174 cum
1249 2146 1459 2184 persuasisset
1471 2148 1606 2185 civibus,

139 2202 173 2226 ut
189 2202 335 2236 suscepto
351 2201 458 2226 contra
474 2196 654 2236 Philippum
669 2195 762 2231 betto,
779 2205 848 2224 cum
866 2195 1019 2225 Thebanis
1041 2197 1124 2226 socia
1139 2198 1410 2236 armajungerent:
1436 2204 1608 2237 postremo,

136 2249 219 2287 quod
246 2248 417 2277 Alexandri
434 2252 574 2287 tempore
598 2257 696 2286 remp.
720 2246 865 2277 deseruit.
908 2247 968 2277 His
985 2247 1135 2277 absolutis
1158 2252 1252 2278 totam
1272 2249 1490 2279 Demosthenis
1509 2251 1604 2281 vitam

135 2298 325 2334 criminatur,
335 2298 366 2328 in
379 2298 488 2338 paucis
505 2298 598 2329 etiam
616 2303 646 2328 et
663 2298 887 2338 Ctesiphontis,
905 2298 956 2328 ubi
973 2299 1109 2338 postulat
1125 2303 1159 2329 ut
1176 2310 1230 2339 pro
1247 2311 1280 2330 se
1294 2299 1360 2340 ipse
1374 2310 1495 2331 causam
1509 2302 1604 2332 dicat.

179 2350 221 2379 Et
232 2349 336 2388 capita
350 2350 474 2389 quidem
491 2350 556 2379 haeo
569 2356 655 2379 sunt:
677 2349 796 2389 judicio
811 2354 912 2380 tamen
930 2350 1006 2380 vicit
1023 2350 1257 2380 Demosthenes.

177 2401 357 2431 AEscbinem
373 2401 498 2441 quidem
509 2401 633 2441 culpant
648 2401 796 2438 nonnulli,
813 2402 893 2441 quod
910 2401 1029 2432 crimini
1046 2402 1084 2432 de
1101 2402 1234 2432 decretis
1248 2402 1371 2443 legibus
1389 2404 1526 2434 adversis
1544 2415 1603 2434 non

135 2453 229 2483 fuerit
242 2451 437 2489 immoratus,
455 2453 509 2482 sed
526 2458 557 2482 et
573 2458 642 2482 acta
659 2452 878 2483 Demosthenis
895 2453 1073 2493 exagitarit,
1091 2465 1157 2484 cum
1176 2453 1203 2483 is
1228 2465 1326 2494 remp.
1344 2455 1490 2495 praeclare
1508 2456 1603 2485 admi-

136 2503 308 2534 nistrasset.
327 2503 404 2544 ⁴>Hic
427 2508 528 2533 tamen
546 2509 651 2534 contra
669 2504 724 2534 hac
739 2504 770 2533 in
784 2515 818 2534 re
834 2504 967 2534 maxime
985 2504 1102 2540 nititur,
1128 2515 1142 2534 s
1154 2516 1199 2544 up
1210 2515 1226 2534 e
1237 2516 1252 2534 r
1263 2516 1278 2534 e
1289 2510 1327 2535 st
1354 2505 1461 2541 mihi,
1493 2506 1602 2545 inquit,

135 2564 224 2593 pars
268 2554 569 2590 accusationis,
609 2554 646 2584 in
687 2565 758 2594 qua
789 2555 1007 2595 plurimum
1045 2555 1170 2585 studii
1205 2556 1388 2586 colloco:
1429 2567 1469 2586 ea
1507 2568 1601 2587 vero

133 2611 196 2637 est
223 2616 360 2642 causa,
389 2617 461 2636 cur
496 2607 613 2637 illum
651 2607 857 2646 Ctesipho
889 2618 1038 2637 corona
1080 2608 1235 2637 dunand
1250 2619 1305 2637 um
1337 2614 1489 2638 censet.
1546 2609 1599 2638 Yi-

133 2659 228 2688 deant
241 2662 344 2688 autem
367 2657 422 2688 isti
438 2668 474 2688 an
491 2668 550 2688 non
567 2658 741 2688 rectissime
757 2658 798 2688 sit
812 2659 940 2689 sactum.
971 2659 1049 2689 Cum
1065 2659 1145 2688 enim
1162 2669 1272 2698 magna
1288 2659 1369 2698 apud
1395 2670 1499 2690 omnes
1518 2666 1601 2690 esset

134 2707 355 2738 Demosthenis
378 2709 545 2739 auctoritas
561 2715 651 2748 atque
668 2709 872 2746 existimatio,
888 2715 922 2739 ut
937 2710 989 2749 qui
1006 2710 1259 2750 splendidissime
1275 2721 1372 2749 remp.
1391 2710 1601 2741 administras-

133 2764 193 2796 set,
209 2770 269 2790 non
285 2759 397 2800 injuria
411 2761 535 2800 putavit
557 2761 850 2801 disputationem'de
871 2761 1006 2791 decretis
1028 2761 1151 2791 illicitis
1173 2762 1316 2802 frigidam
1334 2763 1396 2791 sore
1422 2769 1452 2792 et
1469 2763 1600 2800 inanem,

132 2813 190 2843 nisi
205 2812 385 2842 contrariam
403 2813 577 2851 opinionem
594 2815 788 2844 auditoribus
804 2814 967 2850 incuteret,
984 2815 1225 2845 Demosthenem
1242 2815 1396 2845 malevolo
1411 2826 1482 2846 esse
1498 2815 1528 2846 in
1544 2827 1598 2856 po·

132 2864 238 2904 pulum
254 2864 354 2893 animo
371 2868 403 2893 et
428 2863 457 2893 in
473 2865 565 2894 rebus
588 2865 721 2905 publicis
745 2870 866 2904 turpem
884 2876 916 2894 se
941 2871 968 2894 ct
996 2866 1235 2905 reprehensione
1259 2866 1384 2905 dignum
1410 2867 1596 2898 ostendisse.

133 2914 288 2953 Quocirca
303 2915 333 2946 in
347 2914 423 2944 hanc
440 2916 643 2947 accusationis
659 2922 776 2955 partem
796 2927 912 2946 summo
929 2917 1031 2947 studio
1046 2917 1194 2952 incubuit,
1211 2923 1239 2947 et
1258 2918 1286 2947 in
1311 2928 1345 2947 ea
1362 2919 1533 2949 diutissime
1551 2925 1597 2950 est
