1915 3356
584 202 796 242 ORATIO
828 199 1118 238 FUNEBRIS.
1522 195 1598 232 795

139 308 420 353 educabantur,
450 312 489 345 et
518 313 696 359 parentes
723 306 762 342 in
791 310 993 343 senectute
1032 302 1233 353 conspicui
1271 302 1438 346 alentur,
1476 297 1597 349 gloria

135 370 299 409 filiorum
321 383 362 408 se
381 370 420 407 in
439 370 546 408 luctu
565 368 823 408 consolaturi:
854 366 995 404 deinde
1014 378 1086 403 nec
1106 365 1250 402 morbis
1271 363 1412 401 affecta
1434 373 1598 413 corpora

137 437 177 470 et
201 430 350 470 animos
387 431 627 482 aegritudinis
658 437 836 481 expertes
875 429 1034 474 habent,
1069 439 1148 477 qua
1172 425 1238 476 qui
1274 427 1409 463 vivunt
1441 431 1598 476 propter

136 492 344 532 adversum
377 507 511 532 casum
555 498 833 543 acceptamque
873 490 1024 529 cladem
1064 488 1334 527 conflictantur
1377 499 1598 538 magnoque

135 567 224 594 cum
243 555 390 594 honore
409 562 448 593 et
466 554 608 606 insigni
628 554 751 605 gloria
777 553 886 605 justa
915 552 969 590 eis
1001 551 1289 604 persolvuntur.
1347 550 1448 587 Nam
1470 549 1534 599 qui
1563 554 1601 586 et

137 617 187 655 ab
207 617 388 656 universa
415 617 541 669 patria
571 616 810 668 sepeliuntur
828 615 998 668 publice,
1020 621 1060 653 et
1087 627 1164 651 non
1189 613 1306 651 modo
1327 625 1350 650 a
1368 611 1542 662 cognatis
1564 618 1603 648 et

136 678 297 726 civibus,
317 679 387 717 sed
413 679 530 717 etiam
558 692 581 716 a
600 685 684 717 tota
707 682 811 729 (quae
831 677 985 729 quidem
1013 677 1068 715 ita
1087 674 1325 714 nominanda
1361 673 1426 721 sit)
1447 672 1602 710 Graecia

134 739 416 786 desiderantur,
435 746 475 778 et
493 753 517 778 a
544 740 712 778 maxima
731 746 842 778 terrae
872 738 1092 777 habitabilis
1119 744 1228 789 parte
1248 736 1443 787 lugentur,
1472 746 1603 771 nonne

135 805 174 842 hi
210 804 314 842 beati
346 811 437 843 sunt
458 803 688 856 judicandi?
719 804 827 847 Quos
859 813 1074 841 assessores
1102 799 1188 838 e'sse
1221 798 1294 836 diis
1325 795 1604 845 manibusjure

134 866 292 914 dixeris,
317 866 533 918 eademque
552 880 637 906 esse
656 866 879 905 conditione
898 878 976 916 qua
1010 872 1159 902 veteres
1190 862 1278 900 illos
1302 863 1428 899 bonos
1447 866 1485 897 et
1504 871 1604 910 prae-

135 934 284 967 stantes
309 929 410 967 viros
442 929 481 966 in
502 929 637 968 insulis
658 929 881 968 fortunatis,
939 929 1040 966 Nam
1067 940 1116 965 ne
1148 926 1197 964 de
1224 925 1300 964 illis
1324 924 1480 976 quidem
1501 922 1606 974 quis-

133 1002 253 1041 quam
280 991 345 1041 qui
374 990 513 1029 viderit
530 991 616 1030 haec
637 991 889 1037 renunciavit,
910 990 980 1028 sed
999 1003 1097 1041 quos
1126 989 1299 1026 viventes
1330 987 1450 1038 hujus
1481 983 1604 1023 nostri

136 1053 294 1104 superni
322 1053 424 1091 orbis
456 1053 659 1104 dignamur
691 1053 915 1098 honoribus,
937 1066 1003 1101 eos
1037 1051 1117 1089 illic
1142 1050 1258 1088 etiarn
1291 1048 1461 1100 quodam
1487 1046 1604 1085 animi

137 1114 328 1166 praesagio
338 1109 567 1154 'consimiles
587 1116 753 1153 honores
773 1114 934 1166 adipisci
955 1114 1197 1151 arbitramur.

195 1176 258 1213 10.
288 1175 348 1214 Ac
368 1176 482 1214 istam
516 1177 688 1214 oratione
712 1177 840 1214 levare
867 1175 1090 1213 moestitiam
1112 1181 1172 1212 est
1199 1173 1239 1210 id
1263 1171 1417 1223 quidem
1438 1171 1605 1208 fortasse

135 1235 310 1275 difficile:
340 1237 564 1276 faciendum
584 1244 714 1275 tamen
733 1238 947 1288 periculum
969 1242 1030 1275 est
1063 1242 1102 1274 et
1123 1236 1275 1274 animus
1297 1234 1347 1271 ad
1372 1232 1607 1282 jucundiora

137 1298 413 1344 traducendus,
441 1299 537 1338 tales
570 1299 671 1337 enim
690 1299 792 1337 viros
811 1299 877 1350 qui
903 1304 1125 1350 genuerunt
1145 1304 1184 1335 et
1203 1311 1223 1334 e
1242 1296 1386 1334 talibus
1419 1294 1502 1332 aliis
1533 1293 1605 1344 ipsi

136 1361 210 1400 orti
243 1367 346 1411 sunt,
377 1373 442 1400 eos
475 1361 703 1413 praeclarum
725 1368 784 1399 est
817 1362 1000 1400 adversas
1028 1373 1090 1398 res
1120 1358 1292 1410 pulcrius
1313 1357 1463 1395 caeteris
1492 1369 1607 1407 posse

137 1424 248 1470 ferre,
269 1429 309 1462 et
326 1423 365 1461 in
380 1429 542 1475 utraque
561 1424 718 1462 fortuna
735 1424 844 1462 vultu
870 1423 1008 1462 eodem
1035 1421 1222 1473 conspici.
1278 1422 1394 1466 Quae,
1421 1432 1509 1457 cum
1531 1418 1607 1456 illis

138 1484 306 1523 maximo
325 1491 365 1524 et
382 1485 518 1523 honori
537 1485 683 1524 fuerint
703 1491 742 1524 et
769 1491 1009 1531 ornamento,
1029 1491 1110 1522 tum
1131 1484 1202 1521 toti
1231 1482 1377 1520 civitati
1409 1488 1449 1519 et
1477 1480 1606 1518 viven-

138 1545 242 1584 tibus
262 1547 469 1585 maximam
498 1547 712 1585 attulerunt
744 1544 1022 1584 celebritatem.
1080 1544 1209 1582 Grave
1227 1550 1289 1581 est
1308 1542 1419 1580 matri
1443 1549 1482 1580 et
1509 1548 1607 1591 patri

139 1607 268 1646 orbari
298 1607 426 1646 liberis
460 1615 499 1647 et
533 1607 858 1660 conjunctissimis
891 1622 974 1646 suae
1003 1605 1213 1645 senectutis
1234 1604 1375 1656 privari
1394 1603 1607 1641 altoribus:

139 1669 209 1708 sed
230 1670 456 1720 praeclarum
475 1677 537 1709 est
553 1670 722 1708 honores
741 1669 957 1722 praecipuos
989 1676 1028 1708 et
1046 1669 1328 1707 monimentum
1347 1667 1499 1705 virtutis
1521 1680 1610 1705 eos-

140 1732 229 1770 dem
248 1733 399 1784 publice
420 1733 582 1785 adeptos
603 1733 845 1785 conspicere,
867 1732 1063 1783 sacrisque
1080 1740 1120 1770 et
1134 1730 1406 1770 certaminibus
1423 1730 1608 1780 dignatos

140 1794 433 1834 immortalibus.
491 1795 701 1834 Molestum
721 1802 779 1834 est
804 1795 935 1833 liberis
966 1794 1140 1832 amisisse
1168 1800 1323 1845 patres:
1354 1792 1423 1830 sed
1444 1791 1608 1843 praecla-

140 1868 225 1894 rum
244 1862 304 1894 est
322 1863 493 1907 paternae
520 1857 709 1907 consequi
741 1857 874 1908 gloriae
904 1856 1185 1894 haereditatem.
1243 1856 1306 1893 Ac
1330 1854 1495 1892 tristitiae
1523 1853 1610 1904 qui-

143 1917 232 1955 dem
256 1917 373 1969 hujus
406 1917 602 1957 fortunam
633 1932 720 1957 esse
753 1932 911 1958 causam
939 1918 1188 1970 reperiemus,
1209 1917 1270 1959 cui
1291 1916 1469 1955 homines
1495 1922 1607 1954 natos

143 1978 282 2018 oedere
313 1985 360 2018 ae
385 1992 519 2032 parere
551 1994 710 2020 necesse
743 1988 830 2020 est:
861 1988 901 2019 at
931 1980 1089 2019 honoris
1114 1987 1155 2019 et
1183 1979 1346 2027 decoris,
1380 1991 1511 2017 eorum
1543 1978 1609 2029 qui

143 2040 304 2080 honeste
323 2048 508 2094 oppetere
526 2043 732 2082 voluerunt
751 2043 988 2082 institutum.

201 2104 264 2141 11.
295 2102 394 2141 Mihi
421 2103 576 2153 quidem
603 2117 681 2142 non
701 2105 836 2151 multa,
858 2104 928 2143 sed
960 2117 1053 2142 vera
1087 2103 1216 2142 dicere
1251 2102 1492 2155 propositum
1511 2101 1607 2140 fuit:

145 2175 214 2202 vos
234 2170 362 2203 autem
385 2164 492 2203 finito
511 2165 633 2212 luctu,
654 2172 698 2204 ut
716 2166 774 2205 fas
788 2167 933 2219 jusque
952 2173 1025 2213 est,
1047 2165 1204 2204 abitote.

510 2490 1247 2548 DEMOSTHENIS

554 2642 800 2686 ORATIO
834 2642 1180 2688 AMATORIA
1189 2678 1198 2687 .

208 2847 242 2884 1.
271 2847 363 2885 AGE
392 2859 477 2898 age,
507 2847 690 2898 quoniam
727 2849 860 2888 audire
895 2848 966 2894 vis,
998 2847 1200 2886 ostendam
1227 2846 1294 2885 tibi
1333 2845 1543 2884 orationem
1574 2855 1614 2885 et

151 2907 293 2960 legam.
350 2910 428 2948 Sed.
457 2911 662 2949 consilium
695 2912 764 2951 tibi
796 2919 859 2951 est
886 2910 925 2948 in
958 2910 1089 2962 primis
1120 2909 1414 2961 intelligendum
1446 2911 1528 2962 ejus
1549 2910 1615 2960 qui

153 2970 253 3010 hanc
281 2971 496 3012 orationem
515 2974 748 3025 composuit.
807 2976 846 3013 Is
877 2973 1109 3025 Epicratem,
1136 2986 1265 3023 quem,
1295 2973 1392 3012 inter
1417 2974 1557 3012 multos
1577 2980 1616 3012 et
