1998 3306
314 231 391 268 530
681 231 969 271 ADVERSUS
1000 231 1406 271 PHORMIONEM.

310 331 441 369 deram
476 332 553 371 filio
584 345 668 372 meo
700 334 918 374 reddendas
952 335 1030 374 illic
1063 336 1309 388 hybernanti,
1339 343 1455 388 atque
1488 338 1603 376 etiam
1625 338 1774 378 socium

310 393 506 443 quendam
527 407 596 446 per
614 395 746 434 literas
766 397 969 435 certiorem
999 398 1257 437 reddidissem
1287 405 1370 436 tum
1395 398 1443 438 de
1473 405 1637 449 argento
1666 398 1772 449 quod

310 460 525 494 mutuatam
562 462 644 495 tum
677 458 726 495 de
759 458 933 509 pignore,
953 471 999 497 ac
1029 460 1293 511 mandassem,
1321 473 1410 499 cum
1443 459 1608 510 primum
1642 466 1775 498 essent

308 528 456 554 merces
484 519 684 569 expositae,
705 532 770 557 eas
797 526 840 557 ut
872 526 1076 558 excuteret
1095 527 1133 558 et
1160 521 1564 573 exploraret—literas
1584 534 1608 559 a
1628 534 1690 558 me
1708 533 1772 559 ae-

305 583 440 627 ceptae
460 592 539 617 non
559 580 741 627 reddidit,
756 594 808 619 ‚ne
827 581 1035 632 quicquam
1054 595 1187 621 eorum
1207 582 1260 620 illi
1288 596 1377 633 quae
1402 582 1485 634 ipse
1504 588 1639 633 ageret
1657 582 1776 620 resci-

306 646 481 679 scerent:
514 654 604 679 cum
639 648 769 680 autem
800 642 1027 681 calamitoso
1059 644 1221 695 Bospori
1247 651 1351 682 statu
1386 650 1545 695 propter
1573 642 1719 682 bellum
1752 656 1777 681 a

306 698 607 750 Parisadessum
628 704 777 755 Scytha
796 711 960 756 gestum,
984 718 1103 743 onera
1130 719 1218 756 quae
1237 705 1404 744 vehebat
1431 705 1592 744 distrahi
1619 705 1775 743 minime

303 770 479 812 possent,
501 765 669 803 maximo
689 765 806 803 animi
825 772 924 804 aestu
939 766 1250 813 conflictabatur,
1266 766 1424 817 ignarus
1441 779 1518 817 quo
1533 779 1575 804 se
1594 772 1775 804 verteret.

305 822 409 861 Nam
430 826 640 865 creditores
659 828 724 877 qui
749 839 796 865 eo
821 840 946 878 usque
972 827 1165 865 duntaxat
1184 833 1406 865 mutuarant
1429 828 1644 878 urgebant:
1674 826 1774 864 adeo

303 891 347 921 ut
367 886 603 925 naviculario
624 888 789 936 jubente
809 895 960 939 emptas
983 901 1071 926 mea
1100 888 1267 938 pecunia
1295 900 1443 926 merces
1473 899 1522 925 ex
1550 886 1774 938 syngrapha

304 945 514 996 imponere,
538 948 569 985 is
590 948 657 998 qui
684 961 787 986 nunc
808 961 849 986 se
865 961 1001 986 aurum
1021 947 1240 986 reddidisse
1257 948 1363 995 dicit,
1387 960 1566 985 nummos
1597 947 1783 986 conferre·

301 1005 341 1043 in
363 1007 492 1045 navim
511 1021 628 1059 posse
648 1016 822 1060 negaret.
864 1009 1040 1048 Distrahi
1057 1010 1160 1048 enim
1181 1009 1336 1048 minime
1357 1022 1474 1060 posse
1493 1009 1588 1048 viles
1606 1021 1771 1050 merces.

303 1067 434 1117 Atque
453 1065 542 1106 eum
565 1069 714 1107 solvere
727 1070 914 1120 jubebat:
937 1084 980 1109 se
1000 1083 1104 1116 vero,
1121 1077 1326 1122 postquam
1345 1083 1494 1109 merces
1514 1069 1771 1118 distraxisset‚

302 1129 379 1168 alia
398 1143 496 1169 nave
512 1131 704 1177 abiturum
725 1131 893 1171 dicebat.
940 1132 1080 1171 Recita
1097 1132 1172 1171 hoc
1193 1131 1473 1171 testimonium.

830 1275 1240 1316 TESTIMONIUM.

288 1373 297 1378 “
355 1372 393 1407 5.
417 1369 515 1408 Post
533 1370 632 1417 haec,
648 1364 926 1417 Athenienses,
948 1371 1023 1409 isto
1043 1370 1205 1423 Bospori
1225 1371 1376 1418 relicto,
1392 1372 1547 1424 Lampis
1563 1378 1771 1423 provectus

300 1430 341 1468 in
360 1430 496 1478 altum,
516 1432 761 1483 naufragium
788 1433 882 1471 fecit
899 1445 978 1471 non
998 1433 1134 1484 procul
1154 1445 1178 1470 a
1197 1439 1383 1471 mercatu.
1440 1432 1648 1484 Completa
1667 1434 1770 1472 eni-m

294 1491 375 1543 jam
395 1493 496 1540 navi,
527 1500 569 1531 ut
589 1495 785 1538 audimus,
806 1495 911 1533 ultra
928 1507 1046 1546 quam
1072 1495 1290 1545 oportebat,
1317 1495 1433 1533 etiam
1467 1494 1572 1534 mille
1601 1494 1706 1534 coria
1728 1496 1768 1533 in

299 1554 517 1593 tabulatum
538 1556 704 1607 accepit.
762 1556 876 1595 Unde
896 1556 1074 1607 contigit,
1095 1562 1139 1593 ut
1158 1555 1266 1593 navis
1293 1555 1489 1595 interiret:
1519 1563 1564 1595 ac
1584 1556 1666 1608 ipse
1684 1557 1770 1607 qui-

299 1615 389 1653 dem
404 1627 494 1653 cum
513 1616 667 1667 reliquis
689 1617 826 1655 Dionis
856 1617 975 1655 servis
995 1616 1123 1655 lembo
1142 1616 1278 1662 evasit,
1299 1629 1463 1669 corpora
1480 1623 1610 1655 autem
1628 1623 1771 1668 praeter

301 1683 444 1716 caetera
465 1691 581 1729 supra
600 1685 775 1716 trecenta
795 1678 976 1730 perdidit.
1025 1677 1127 1715 Cum
1147 1682 1291 1725 autem,
1312 1677 1447 1715 audito
1467 1677 1576 1716 navis
1595 1677 1771 1725 interitu,

298 1752 465 1790 magnus
489 1745 595 1778 esset
621 1740 787 1791 Bospori
817 1740 962 1785 luctus,
985 1738 1207 1777 felicitatem
1229 1738 1474 1777 Phormionis
1503 1739 1773 1790 praedicabant

299 1813 446 1848 omnes,
467 1801 534 1853 qui
553 1814 626 1840 nec
646 1802 730 1853 ipse
749 1800 1058 1844 conscendisset,
1075 1812 1148 1837 nec
1169 1799 1257 1837 navi
1273 1799 1482 1850 quicquam
1501 1799 1766 1850 imposuisset.

300 1861 423 1912 quue
448 1875 538 1901 cum
567 1864 616 1902 ab
653 1863 738 1902 aliis
771 1869 852 1901 tum
880 1863 928 1900 ab
960 1861 1036 1900 isto
1065 1860 1328 1900 dictitabatur.
1395 1859 1536 1900 Recita
1562 1860 1656 1898 mihi
1680 1859 1768 1898 haec

299 1923 536 1963 testimonia.

852 2042 1210 2081 TESTIMONIA.

300 2137 389 2188 Ipse
410 2137 525 2190 igitur
546 2138 715 2190 Lampis,
735 2137 798 2177 cui
817 2150 858 2176 se
877 2137 1095 2176 reddidisse
1116 2149 1253 2175 aurum
1273 2135 1500 2176 dicit—hoc
1521 2147 1656 2187 quaeso
1679 2135 1766 2174 dili-

300 2205 439 2250 genter
464 2200 721 2245 attendite-5
752 2211 812 2235 me
843 2211 930 2236 eum
960 2210 1162 2248 aggresso,
1189 2211 1279 2235 curn
1312 2198 1478 2248 primum
1510 2210 1532 2234 e
1561 2197 1766 2248 naufragio

299 2258 476 2302 Athenas
496 2259 676 2304 redisset,
698 2266 737 2296 et
754 2258 828 2297 hac
857 2257 907 2296 de
935 2270 976 2295 re
1004 2257 1284 2308 interrogante,
1304 2257 1474 2305 dicebat,
1493 2256 1611 2296 istum
1635 2270 1765 2309 neque

299 2320 507 2371 pecuniam
527 2332 575 2358 ex
594 2319 817 2372 syngrapha
842 2319 881 2356 in
910 2331 1049 2356 navem
1069 2318 1316 2370 imposuisse,
1341 2331 1467 2370 neque
1495 2331 1537 2356 se
1560 2331 1692 2356 aurum
1715 2319 1765 2356 ab

298 2381 374 2420 isto
403 2388 483 2420 tum
512 2381 676 2432 Bospori
696 2381 910 2432 accepisse.
970 2379 1060 2430 Age
1085 2379 1173 2431 lege
1199 2379 1292 2418 mihi
1320 2393 1454 2418 eorum
1478 2379 1544 2431 qui
1572 2378 1765 2419 affuerunt

300 2441 576 2481 testimonium.

829 2569 1232 2609 TESTIMONIUM.

354 2666 394 2703 6.
424 2664 636 2716 Postquam
667 2672 810 2711 autem,
843 2664 1118 2711 Athenienses,
1148 2665 1331 2703 Phormio
1361 2666 1437 2703 alia
1470 2678 1568 2704 nave
1593 2665 1763 2703 redierat

299 2725 519 2775 incolumis,
551 2726 697 2766 accedo
728 2726 778 2764 ad
808 2739 897 2765 eum
931 2732 1108 2764 mutuum
1128 2733 1336 2777 repetens:
1366 2732 1483 2776 atque
1513 2725 1545 2763 is
1575 2726 1624 2763 ab
1654 2725 1762 2765 initio

301 2801 513 2839 nunquam,
533 2788 805 2835 Athenienses,
836 2788 950 2827 istam
981 2788 1196 2826 orationem
1228 2787 1371 2834 attulit,
1390 2799 1469 2837 qua
1495 2799 1600 2824 nunc
1629 2787 1760 2833 utitur,

301 2851 370 2889 sed
389 2864 540 2902 semper
559 2865 600 2891 se
621 2851 860 2890 redditurum
889 2849 1076 2902 promisit.
1135 2849 1279 2889 Verum
1299 2848 1365 2887 ubi
1383 2861 1473 2887 cum
1491 2848 1551 2887 his
1571 2848 1636 2899 qui
1655 2861 1760 2886 nunc

300 2911 334 2950 ei
356 2912 500 2951 adsunt
513 2919 553 2951 et
570 2913 863 2964 patrocinantur
881 2924 962 2951 rem
978 2911 1295 2961 communicarat,
1314 2910 1411 2950 alius
1424 2910 1506 2962 jam
1519 2916 1602 2948 erat
1620 2916 1660 2948 et
1679 2923 1757 2948 non

300 2971 413 3013 idem.
471 2973 528 3012 Ut
556 2979 686 3013 autem
719 2974 819 3014 sensi
851 2986 912 3011 me
942 2973 990 3012 ab
1019 2985 1067 3013 eo
1097 2972 1246 3021 deludi,
1260 2972 1311 3011 ad
1338 2970 1564 3024 Lampidem
1597 2971 1759 3017 acc-edo,
