1948 3306
342 174 419 212 846
919 173 1212 212 EPISTOLAE.

342 275 522 321 ficienda,
541 287 627 326 quae
656 274 709 313 dii
740 275 968 327 prohibeant
996 290 1043 316 ne
1068 275 1118 315 ad
1144 274 1287 314 exitum
1320 273 1594 325 perducantur.
1647 274 1688 315 Si
1713 275 1799 326 quis

343 344 471 376 autem
503 344 674 375 vestrum
705 337 788 377 haec
817 338 1028 385 cavillatur,
1061 339 1093 376 is
1125 344 1186 376 est
1217 349 1360 388 magna
1395 336 1590 375 vaecordia
1623 337 1798 376 refertus.

346 399 434 444 Qui,
469 412 555 438 cum
589 413 634 438 ea
664 399 768 438 faeta
799 413 887 439 esse
916 400 1060 446 videat,
1093 413 1179 451 quae
1212 412 1327 437 nemo
1359 398 1488 436 futura
1520 399 1728 445 metuebat,
1761 404 1802 438 et

342 460 434 498 olim
461 461 574 499 etiam
600 461 703 500 facta
733 470 836 507 sunt,
856 475 944 499 cum
968 463 1134 514 populus
1167 475 1235 513 per
1261 460 1435 499 homines
1460 459 1703 499 insidiatores
1729 460 1799 497 im-

342 521 480 572 pulsus
512 535 578 561 eos
610 537 632 561 a
661 524 797 574 quibus
824 523 1102 563 defendebatur
1127 531 1332 575 suspectos
1365 523 1506 562 habere
1527 530 1644 575 atque
1673 523 1803 562 odisse

343 583 472 635 coepit,
492 598 595 623 nunc
614 598 698 623 esse
720 586 850 623 futura
868 598 946 623 non
965 592 1091 636 putat,
1122 599 1250 624 nonne
1278 585 1446 624 insanit?
1489 586 1603 633 Haec,
1629 585 1662 623 si
1688 585 1803 623 ades-

345 658 441 693 sem,
461 659 592 684 coram
612 647 721 685 vobis
742 647 996 698 explicarem:
1028 654 1232 699 postquam
1251 662 1340 688 vero
1360 662 1512 688 mecum
1537 648 1590 687 ita
1610 647 1750 700 agitur,
1761 655 1806 686 ut
1826 646 1831 656 “

345 721 434 746 cum
469 721 515 746 eo
545 708 661 746 velim
692 708 769 759 agi,
787 708 898 760 cujus
923 710 1135 748 mendaciis
1167 710 1348 749 effectum
1380 718 1439 750 est
1460 717 1504 750 ut
1523 724 1597 762 ego
1615 709 1806 762 perierim,

346 782 416 820 per
447 770 576 807 literas
610 769 728 808 vestri
761 777 798 808 et
829 770 985 809 honoris
1015 778 1056 809 et
1079 772 1272 810 commodi
1299 773 1446 811 ratione
1465 773 1504 810 in
1523 773 1655 825 primis
1674 772 1808 811 habita
1851 811 1855 813 .

345 832 573 882 significavi,
593 832 768 871 secundo
796 833 883 872 loco
903 848 1057 885 aequum
1078 847 1164 873 esse
1189 848 1332 873 censeo
1359 841 1417 881 ut,
1437 848 1514 886 qua
1538 835 1807 874 benevolentia

348 895 568 946 Lycurgum
600 894 792 933 viventem
821 909 906 934 sum
943 903 1189 947 prosecutus,
1219 898 1384 937 eandem
1413 911 1508 950 erga
1538 898 1623 950 ejus
1653 911 1808 950 quoque

344 956 486 994 liberos
506 970 585 1008 prae
602 970 665 995 me
685 957 820 995 feram.
878 958 918 995 Si
943 959 1004 997 cui
1023 972 1112 997 vero
1136 959 1300 999 fortasse
1319 961 1359 998 in
1378 967 1549 999 mentem
1567 960 1687 1007 venit,
1717 960 1809 998 mihi

346 1018 509 1064 multum
531 1032 617 1057 esse
637 1019 703 1057 otii
724 1032 746 1058 a
762 1021 876 1058 rebus
897 1020 1005 1066 meis,
1026 1021 1082 1059 illi
1098 1035 1171 1073 ego
1190 1022 1424 1075 respondere
1441 1036 1521 1061 non
1542 1023 1729 1070 dubitem,
1747 1036 1809 1061 me

345 1081 395 1120 de
413 1088 542 1120 vestra
562 1081 724 1121 utilitate
744 1089 785 1121 et
802 1083 974 1121 omnium
993 1084 1203 1122 amicorum
1223 1085 1449 1124 defensione
1467 1099 1546 1124 non
1564 1085 1691 1124 minus
1709 1097 1812 1133 esse,

345 1157 460 1195 quam
483 1143 641 1182 demea
660 1144 783 1183 salute
806 1145 1012 1183 solicitum.
1069 1146 1188 1185 Nulla
1206 1146 1323 1198 igitur
1351 1147 1576 1186 curiositate
1594 1147 1680 1185 haec
1698 1147 1812 1194 facio,

347 1206 418 1243 sed
440 1212 481 1244 ut
499 1206 603 1244 idem
624 1207 795 1245 studium
824 1207 1005 1259 idemque
1037 1208 1256 1247 institutum
1285 1215 1415 1254 teneo,
1437 1209 1491 1247 sic
1510 1216 1549 1248 et
1577 1209 1661 1247 haec
1688 1215 1728 1247 et
1745 1207 1813 1247 illa

346 1268 430 1318 pari
463 1268 591 1306 animo
618 1269 803 1321 suscipio.
863 1269 944 1308 Otii
974 1283 1065 1308 vero
1098 1277 1249 1310 tantum
1281 1271 1374 1309 mihi
1407 1278 1596 1322 superest,
1626 1278 1813 1322 quantum

347 1330 421 1368 illis
440 1331 504 1381 qui
525 1331 631 1369 vobis
650 1332 749 1370 male
769 1332 905 1370 volunt
924 1346 1125 1384 superesse
1142 1332 1271 1370 velim.
1310 1334 1371 1371 Ac
1392 1333 1442 1371 de
1458 1333 1517 1371 his
1536 1333 1690 1383 quidem
1707 1333 1814 1370 satis.

348 1392 477 1442 Velim
506 1400 635 1431 autem
667 1407 737 1445 pro
767 1394 1038 1433 benevolentia
1067 1401 1105 1433 et
1130 1407 1261 1432 amore
1293 1407 1378 1432 meo
1395 1407 1496 1432 nunc
1523 1394 1689 1438 breviter
1708 1395 1815 1446 queri

347 1457 566 1502 vobiscum,
585 1456 625 1493 id
650 1456 756 1507 quod
781 1457 897 1507 paulo
918 1463 1007 1508 post
1027 1470 1093 1508 per
1111 1456 1250 1507 longas
1271 1456 1416 1503 literas,
1440 1469 1551 1508 quas,
1580 1456 1612 1494 si
1630 1456 1774 1503 vixero,
1792 1469 1817 1495 a

349 1532 412 1556 me
433 1518 722 1569 exspectabitis,
743 1517 898 1565 faciam,
917 1518 990 1556 nisi
1009 1518 1114 1570 prius
1134 1532 1158 1557 a
1174 1518 1284 1557 vobis
1297 1518 1364 1570 jus
1384 1531 1514 1557 meum
1542 1519 1653 1557 fuero
1679 1532 1816 1557 conse-

349 1587 478 1619 cutus.
537 1580 659 1626 Quos,
687 1580 861 1630 o-—quid
893 1581 1019 1619 dicam
1051 1587 1096 1619 ut
1122 1594 1250 1632 neque
1281 1593 1406 1619 errare
1435 1593 1562 1632 neque
1591 1580 1742 1619 mentiri
1761 1580 1817 1618 vi-

350 1643 443 1681 dear
455 1642 706 1680 2—nimirum
733 1643 993 1694 negligenteS,
1018 1657 1144 1694 neque
1173 1642 1333 1681 aliorum
1359 1656 1484 1693 neque
1505 1643 1622 1681 vestri
1648 1643 1818 1694 ipsorum

348 1705 485 1757 pudet,
504 1705 554 1743 ob
586 1718 633 1742 ea
663 1705 970 1743 Demosthenem
1003 1705 1176 1754 ejecisse,
1204 1712 1362 1756 propter
1389 1717 1479 1756 quae
1508 1703 1819 1755 Aristogitonem

350 1766 568 1805 indemnem
603 1766 801 1805 dimisistis
818 1781 827 1806 :
858 1781 1023 1819 quaeque
1043 1768 1101 1814 iis,
1124 1768 1190 1819 qui
1209 1780 1278 1805 vos
1298 1767 1539 1806 floccifacere
1559 1766 1719 1811 audent,
1741 1779 1820 1804 non

352 1837 514 1882 accepta
536 1843 559 1868 a
575 1829 684 1868 vobis
704 1836 836 1868 tenere
855 1830 958 1878 licet,
978 1844 1024 1869 ea
1050 1844 1128 1869 non
1148 1831 1241 1868 dare
1261 1831 1367 1877 mihi,
1386 1837 1431 1868 ut
1450 1837 1488 1868 et
1507 1843 1585 1868 aere
1613 1830 1740 1868 alieno
1759 1843 1820 1868 re·

353 1891 469 1929 dacto
490 1897 530 1928 et
555 1890 784 1929 liberalitate
805 1891 1017 1929 amicorum
1037 1891 1262 1930 sublevatus
1282 1891 1391 1929 vobis
1412 1891 1640 1930 satisfacere
1659 1891 1819 1942 possim,

353 1961 398 1991 ut
418 1967 466 1991 ne
487 1959 723 1991 senectutem
756 1960 796 1992 et
823 1954 999 1992 exsilium
1021 1954 1210 1993 mercedis
1231 1954 1317 1993 loco
1334 1967 1405 2005 pro
1431 1953 1526 1992 meis
1546 1961 1676 1992 vestra
1701 1967 1822 1992 causa

354 2015 560 2054 exantlatis
597 2015 792 2053 laboribus
829 2016 1037 2068 accipiens,
1057 2029 1261 2055 commune
1291 2016 1471 2067 probrum
1500 2029 1632 2054 eorum
1663 2016 1727 2067 qui
1758 2029 1820 2054 me

353 2078 491 2116 laesere
507 2077 658 2129 injuria,
674 2091 836 2129 peregre
857 2078 895 2116 in
910 2078 1107 2117 hominum
1119 2085 1330 2131 conspectu
1348 2092 1491 2117 verser.
1547 2079 1675 2123 Quum
1692 2085 1822 2117 autem

355 2154 429 2193 ego
447 2140 558 2179 velim
582 2148 711 2179 vestro
731 2141 920 2179 beneficio
941 2148 980 2179 et
997 2155 1067 2193 pro
1087 2141 1356 2193 magnitudine
1375 2142 1589 2179 animorum
1608 2149 1823 2180 vestrorum

357 2204 407 2242 ab
445 2203 580 2242 exsilio
612 2203 769 2240 domum
801 2203 986 2250 revocari,
1014 2217 1135 2255 eaque
1161 2204 1321 2243 infamia
1353 2217 1442 2255 quae
1473 2217 1535 2242 me
1562 2203 1828 2242 immerentem

358 2265 485 2304 obruit
508 2265 674 2311 liberari,
694 2264 889 2316 fidemque
920 2265 1114 2316 publicam
1144 2279 1223 2304 non
1251 2265 1396 2304 diutius
1414 2273 1544 2318 petam
1563 2279 1679 2317 quam
1700 2252 1824 2317 quan—

359 2334 441 2366 tum
469 2326 562 2365 mihi
594 2326 778 2378 temporis
813 2327 864 2365 ad
895 2327 1122 2366 solvendam
1152 2328 1336 2366 mulctam
1365 2328 1650 2379 praefinivistis:
1679 2334 1720 2366 et
1737 2326 1822 2365 haec

359 2389 576 2440 denegatis,
604 2395 644 2427 et
665 2389 927 2440 interrogatis,
947 2397 990 2427 ut
1020 2390 1113 2427 mihi
1140 2391 1399 2436 renunciatur,
1421 2389 1507 2442 quis
1534 2403 1628 2441 ergo
1648 2402 1707 2427 me
1735 2402 1824 2440 pro-

359 2453 489 2491 hibeat
518 2452 650 2490 venire
682 2458 721 2489 et
748 2452 832 2490 haec
858 2452 1001 2503 agere?
1045 2453 1160 2497 Quod
1188 2453 1310 2492 vereri
1342 2453 1473 2498 didici,
1494 2451 1767 2498 Athenienses,
1787 2459 1827 2489 et

361 2516 477 2567 longe
507 2514 582 2553 alia
612 2515 770 2552 fortuna
801 2528 900 2560 sum,
922 2528 1038 2565 quam
1073 2528 1159 2553 mea
1183 2515 1222 2553 in
1255 2529 1322 2554 vos
1350 2521 1391 2554 et
1417 2514 1694 2566 rempublicam
1725 2513 1829 2551 facta

361 2580 622 2623 merebantur,
642 2583 680 2615 et
700 2577 805 2627 quod
823 2577 877 2615 rei
901 2576 1096 2616 familiaris
1125 2584 1284 2629 propter
1303 2576 1493 2629 quosdam
1515 2579 1708 2624 =iacturam
1737 2575 1826 2622 feci,

363 2653 412 2678 ne
432 2640 486 2678 illi
507 2640 669 2692 duplum
690 2639 837 2678 solvere
858 2647 1102 2690 cogerentur,
1122 2653 1210 2678 cum
1231 2639 1408 2691 simplum
1424 2651 1501 2675 non
1521 2632 1695 2688 possent,
1714 2636 1828 2675 satis-

363 2702 456 2740 dare
476 2702 583 2741 initio
603 2716 674 2754 pro
693 2715 780 2740 mea
807 2701 992 2740 facilitate
1021 2701 1218 2753 pollicitus
1237 2715 1246 2739 :
1278 2716 1301 2740 a
1319 2701 1457 2752 quibus
1483 2698 1673 2752 adjutrice
1699 2705 1830 2737 vestra

362 2763 634 2803 benevolentia
660 2776 852 2809 reversus,
870 2770 1017 2815 partem
1052 2763 1203 2810 saltem,
1224 2762 1254 2801 si
1282 2776 1360 2800 non
1388 2769 1527 2808 totum,
1549 2773 1828 2813 recuperarem,

365 2832 410 2864 ut
441 2826 632 2878 reliquum
666 2827 757 2865 vitae
789 2833 940 2877 tempus
961 2825 1057 2865 citra
1087 2826 1260 2864 dedecus
1293 2826 1448 2877 exigere
1479 2825 1635 2868 liceret;
1663 2822 1768 2875 quod
1797 2822 1828 2860 si

365 2902 456 2929 vero
474 2889 541 2937 ita,
558 2897 600 2928 ut
629 2889 691 2929 isti
711 2888 775 2941 qui
789 2889 944 2940 jactant
964 2889 1054 2927 talia
1069 2889 1222 2940 jubent,
1250 2901 1408 2934 venero,
1430 2886 1543 2926 simul
1562 2893 1602 2925 et
1620 2884 1829 2936 ignominia

1945 2495 1948 2499 .
1939 2458 1948 2490 a>—
1939 2359 1948 2453 *kjt-
1941 2344 1948 2354 -
1940 2332 1948 2339 :
1942 2243 1948 2322 *uussa
1943 2221 1948 2235 ‚v
1941 2124 1948 2214 ———=-<
1943 2089 1948 2113 --
1944 2037 1948 2084 -mi
1946 1986 1948 2032 -Λ

1944 2620 1948 2662 ...-.
1944 2607 1945 2610 Α
1936 2548 1948 2586 ἶ·-
1937 2498 1948 2539 .·.’;’
