1948 3306
296 170 368 206 130
883 172 1160 211 AESCHINIS

291 278 331 310 et
350 285 410 310 res
431 273 659 323 postularet,
681 281 719 312 et
751 287 819 313 vos
840 277 1040 327 peteretis.
1075 276 1233 327 Alioqui
1261 289 1308 315 ne
1328 277 1574 317 familiarium
1601 278 1759 331 quidem

290 332 483 384 aliquibus
503 335 615 373 facile
637 348 723 374 esse
744 337 908 376 suadere
929 338 1210 385 existimabam,
1232 339 1375 378 nedum
1394 339 1563 379 civitati:
1594 347 1635 379 et
1651 342 1759 387 vobis

288 408 373 434 esse
411 396 506 434 alios
550 397 616 448 qui
643 398 867 450 reipublicae
895 400 1062 440 dicendo
1092 400 1326 452 agendoque
1355 401 1557 440 consulere
1586 409 1758 452 possent.

289 457 446 508 Reliqui
466 458 568 497 enim
588 472 665 497 non
685 473 847 511 paucos,
904 461 982 500 Sed
1004 462 1094 513 quia
1112 476 1246 501 eorum
1268 462 1332 500 alii
1358 463 1552 511 obierunt,
1571 464 1682 502 multi
1710 465 1761 503 si-

288 519 368 557 mili
387 532 539 559 mecum
568 521 787 562 calamitate
807 529 899 562 sunt
928 525 1154 573 conflictati,
1175 531 1214 563 et
1242 525 1461 577 respublica
1479 539 1612 566 eorum
1633 540 1657 565 a
1676 526 1760 578 qui-

287 581 361 620 bus
383 583 617 633 gubernetur
645 585 808 636 penuria.
826 585 1165 632 laborat,——-audio
1182 594 1311 625 autem
1331 587 1522 638 quosdam
1537 601 1607 639 per
1624 587 1757 626 literas

288 644 445 683 turbare
463 652 606 684 statum
620 646 854 692 civitatis—,
865 648 950 699 jam
970 660 1049 686 non
1064 661 1219 694 recuso,
1238 662 1284 687 ea
1303 662 1391 699 quae
1407 649 1499 688 mihi
1519 662 1540 687 e
1561 649 1760 700 republica

288 718 376 744 esse
404 706 585 746 videntur
604 722 682 759 qua
703 710 786 747 sola
807 710 955 748 ratione
975 710 1080 757 licet,
1098 722 1167 761 per
1196 710 1330 748 literas
1350 711 1559 762 explicare,
1589 709 1695 761 quod
1714 702 1759 748 'si

288 781 350 806 me
366 781 471 807 nunc
491 769 607 808 etiam
623 770 753 808 facere
769 784 857 809 cum
880 771 1164 810 Macedonibus
1185 772 1336 817 dicunt,
1357 778 1397 810 et
1411 772 1521 811 falsae
1536 771 1759 823 legationis,

287 836 353 867 aut
374 830 540 869 Graeciae
570 833 734 883 proditae
755 834 872 872 etiam
903 835 1107 872 absentem
1127 834 1246 886 aliqui
1266 841 1467 880 accusant,
1487 840 1646 886 paratus
1673 842 1759 873 sum

288 892 389 930 ultra
415 900 455 930 et
485 893 670 932 Rhodum
702 903 741 934 et
772 896 989 935 universam
1012 896 1207 935 Graeciam
1233 897 1385 948 fugere,
1415 897 1448 934 si
1476 897 1620 944 volent,
1640 902 1680 935 et
1710 896 1762 934 ad

285 953 491 993 Persarum
512 964 551 994 et
573 957 786 996 Medorum
805 972 937 1010 regem
954 960 1191 1010 proficiscar.
1223 958 1310 997 Etsi
1328 972 1390 997 me
1409 964 1511 997 stare
1531 972 1555 997 a
1570 957 1700 996 Persis
1722 963 1762 995 et

285 1018 414 1057 Medis
435 1034 551 1059 nemo
569 1035 741 1074 unquam
761 1023 874 1070 dixit,
895 1030 936 1061 et
955 1023 1128 1062 omnium
1148 1023 1306 1062 minime
1327 1023 1630 1062 Demosthenes.
1678 1021 1760 1060 Sed

284 1094 332 1118 ne
347 1081 399 1118 ibi
419 1083 578 1133 quidem
598 1097 645 1122 ea
664 1086 831 1123 scribere
854 1086 1055 1131 desistam,
1079 1099 1168 1139 quae
1188 1086 1273 1124 urbi
1288 1085 1492 1137 profutura
1505 1085 1757 1128 videbuntur,

284 1156 360 1181 non
382 1145 669 1194 gratificaturus
690 1148 813 1193 vobis,
835 1154 880 1185 ut
899 1148 963 1184 alii
984 1149 1158 1196 quidem,
1175 1148 1245 1185 sed
1259 1148 1380 1186 libere
1396 1146 1624 1185 moniturus.
1673 1144 1756 1183 Sci—

282 1205 428 1243 endum
457 1205 559 1242 enim
580 1216 653 1251 est,
680 1218 747 1243 eos
770 1209 1037 1256 magistratus,
1058 1208 1124 1257 qui
1155 1209 1279 1257 magis
1300 1210 1508 1258 objurgare
1534 1221 1617 1254 vos,
1638 1220 1754 1257 quam

283 1265 447 1316 gratiam
468 1272 637 1304 vestram
661 1267 850 1317 aucupari
869 1267 991 1305 videri
1018 1268 1169 1312 volunt,
1190 1267 1356 1306 maxime
1377 1267 1427 1304 ad
1447 1268 1611 1318 gratiam
1632 1268 1756 1319 loqui,

279 1327 433 1366 delecta
460 1341 505 1366 ea
526 1328 750 1366 assentandi
770 1329 843 1373 via,
864 1342 953 1379 quae
985 1330 1057 1367 sub
1088 1329 1310 1367 velamento
1333 1329 1521 1367 libertatis
1549 1329 1755 1368 delitescat

220 1407 229 1413 ⁸
279 1404 422 1428 -nam
451 1390 536 1428 haec
576 1397 637 1436 est
670 1391 914 1440 gratificandi
944 1391 1093 1429 civibus
1126 1397 1166 1429 et
1196 1391 1359 1428 ducibus
1396 1392 1460 1428 via
1491 1391 1613 1429 multo
1644 1391 1755 1430 mali-

280 1453 480 1497 tiosior--‚
513 1465 630 1503 quam
659 1453 822 1503 ingressi
846 1453 1005 1503 quidam
1036 1453 1215 1499 Athenis,
1247 1465 1309 1491 me
1337 1459 1377 1491 et
1401 1453 1532 1492 adhuc
1555 1453 1670 1505 apud·
1688 1467 1756 1493 vos

277 1515 498 1566 superstite,
520 1514 572 1553 sic
593 1514 695 1552 enim
717 1515 809 1552 mihi
830 1514 1039 1553 dicendum
1060 1521 1133 1562 est,
1153 1521 1192 1552 et
1221 1528 1339 1562 nunc,
1365 1521 1556 1566 quantum
1578 1515 1617 1553 in
1644 1516 1754 1554 vobis

278 1585 350 1624 est,
386 1586 552 1623 mortuo,
582 1584 752 1616 vestram
783 1578 946 1629 culpant
974 1578 1183 1629 ignaviam,
1214 1584 1259 1615 ut
1293 1578 1359 1628 qui
1397 1578 1527 1617 nolitis
1566 1577 1755 1629 imperare

279 1641 461 1686 Groeciae,
481 1648 520 1678 et
540 1642 589 1678 ad
610 1640 869 1691 principatum
896 1640 1166 1686 adhortantur,
1187 1646 1232 1677 ut
1249 1652 1367 1690 quem
1386 1639 1560 1677 obtine-re
1579 1640 1753 1691 possitis,

277 1703 356 1740 Vos
379 1714 470 1741 vero
495 1702 610 1740 malle
632 1701 784 1740 debetis
808 1715 897 1740 cum
918 1701 1098 1753 opinione
1127 1702 1294 1753 ignaviae
1312 1701 1434 1740 videri
1457 1700 1607 1750 Graecis
1631 1702 1753 1753 impe-

277 1778 359 1803 rare
380 1779 511 1816 posse,
534 1777 666 1816 quam,
690 1771 844 1803 retenta
863 1772 991 1803 vestra
1011 1764 1224 1811 alacritate,
1252 1763 1397 1802 viribus
1417 1762 1590 1801 destitui.
1624 1763 1753 1802 Audio

276 1828 391 1875 enirn,
405 1827 608 1865 Alxandro
624 1827 828 1873 defuncto,
844 1826 1037 1877 quosdam
1060 1825 1254 1864 exhortari
1269 1837 1339 1863 vos
1356 1824 1406 1863 ad
1418 1837 1549 1862 rerum
1563 1837 1752 1863 novarum

274 1890 472 1928 studium:
504 1902 578 1940 ego
605 1901 695 1927 vero
723 1902 770 1927 ea
796 1901 857 1925 me
876 1887 986 1925 vobis
1007 1887 1171 1926 suadere
1198 1887 1351 1933 vellem,
1382 1899 1471 1937 quae
1490 1887 1531 1924 in
1552 1892 1750 1937 posterum

273 1952 515 2003 prodessent.
570 1951 711 2001 Neque
745 1951 847 1987 enirn
875 1949 1118 2000 ignorabam,
1148 1955 1269 1998 testor
1289 1948 1430 1986 Jovem
1452 1947 1640 1999 optimum
1667 1961 1751 1987 ma-

276 2014 434 2059 ximum,
462 2018 694 2062 ceterosque
716 2012 823 2058 deos,
843 2011 1092 2062 magnificum
1122 2022 1221 2056 esse,
1251 2010 1439 2048 barbaros
1458 2016 1651 2060 perpetuo
1679 2022 1750 2062 op-

270 2087 463 2127 pugnare,
484 2080 523 2112 et
543 2074 707 2112 Graecos
729 2073 767 2110 in
800 2073 1020 2111 libertatem
1040 2071 1251 2118 vindicare,
1279 2078 1319 2110 et
1349 2071 1426 2110 hoc
1456 2078 1611 2122 patrum
1631 2072 1750 2110 etiam

272 2145 489 2175 nostrorum
510 2135 627 2172 fuisse
644 2135 865 2173 institutum
880 2149 889 2173 z
920 2147 1063 2179 verum,
1080 2141 1125 2172 ut
1143 2134 1291 2186 optima
1306 2146 1473 2184 quaeque
1489 2132 1632 2180 velitis,
1651 2133 1691 2171 id
1709 2132 1750 2171 in

270 2199 409 2237 vestris
431 2197 568 2233 animis
584 2208 671 2232 esse
693 2193 823 2238 situm,
845 2198 889 2230 ut
915 2200 1045 2230 autem
1067 2195 1228 2243 exsequi
1250 2194 1369 2233 etiam
1383 2195 1556 2245 possitis,
1574 2196 1750 2234 secunda

271 2261 386 2298 etiam
406 2259 561 2295 fortuna
576 2256 686 2293 vobis
708 2267 795 2292 esse
815 2267 924 2305 opus.
954 2254 1239 2292 Existimabam
1258 2256 1390 2304 igitur,
1406 2268 1476 2294 vos
1497 2268 1652 2307 quoque
1666 2269 1748 2295 me-

270 2321 429 2360 minisse
449 2325 642 2370 oportere,
664 2330 751 2362 nos,
768 2316 840 2354 etsi
855 2317 905 2353 ad
927 2315 1190 2353 Athenienses
1212 2315 1443 2363 scribamus,
1463 2318 1514 2355 ad
1528 2330 1596 2355 eos
1616 2323 1748 2356 tamen

271 2385 440 2424 scribere
455 2381 730 2426 Athenienses,
747 2393 825 2417 non
842 2379 947 2430 apud
967 2391 1064 2429 quos
1077 2377 1357 2429 rempublicam
1378 2377 1663 2417 Themistocles
1677 2379 1747 2417 ad—

270 2444 515 2491 ministravit,
537 2443 607 2481 sed
629 2442 679 2480 ad
700 2455 781 2488 eos,
801 2441 880 2492 qui,
909 2454 997 2479 curn
1018 2439 1156 2478 animis
1177 2438 1300 2477 nihilo
1323 2439 1401 2477 sint
1426 2438 1503 2477 illis
1529 2438 1746 2486 inferiores,

270 2524 348 2548 non
369 2507 529 2547 easdem
548 2506 694 2543 habent
716 2504 766 2542 ad
786 2503 958 2555 gerenda
975 2502 1081 2540 bella
1110 2501 1334 2540 facultates.
1375 2499 1478 2539 Nam
1499 2501 1566 2552 qui
1591 2501 1745 2540 Graecia

270 2573 390 2624 digna
424 2569 598 2608 scribunt
616 2580 625 2605 z
655 2567 775 2604 danto
814 2566 922 2604 vobis
958 2571 1153 2603 trecentas
1192 2564 1392 2602 triremes:
1423 2563 1545 2601 danto
1582 2562 1744 2614 triginta

269 2634 389 2672 millia
407 2632 599 2670 talentum
620 2630 783 2680 argenti,
806 2635 843 2667 et
863 2628 946 2666 auri
966 2628 1050 2680 puri
1068 2627 1152 2679 puti
1171 2626 1244 2664 tria
1258 2625 1403 2664 millia:
1434 2624 1554 2663 danto
1574 2626 1743 2664 virorum

268 2701 386 2735 aetate
406 2694 445 2732 et
460 2693 597 2732 robore
614 2691 833 2730 florentium
853 2695 1004 2728 tantum
1023 2687 1325 2734 multitudinem,
1347 2688 1386 2725 in
1405 2687 1520 2725 armis
1529 2687 1612 2738 jam
1633 2698 1744 2726 exer-

267 2759 474 2798 citatorum
492 2769 502 2794 :
533 2760 573 2793 et
588 2754 751 2792 suadere
769 2751 1110 2803 desinunto—ipsi
1129 2750 1232 2790 enim
1252 2749 1419 2788 sciemus
1440 2749 1535 2800 quid
1550 2749 1600 2787 sit
1616 2761 1741 2801 agen-

256 2804 375 2863 dum,
395 2817 461 2856 ubi
475 2829 522 2855 ea
540 2828 629 2868 quae
649 2816 815 2866 probata
828 2814 941 2853 nobis
962 2813 1121 2860 fuerint,
1136 2811 1298 2863 exsequi
1312 2810 1593 2863 poterimus—,
1610 2823 1741 2863 neque

266 2890 394 2932 nugas
414 2885 575 2931 agunto,
596 2879 741 2917 frustra
758 2876 968 2916 laudandis
988 2876 1201 2928 majoribus
1221 2874 1381 2921 nostris,
1400 2879 1440 2912 et
1458 2873 1639 2925 regione,
1653 2872 1739 2912 illos

260 2933 304 2984 *in
323 2957 369 2982 ea
388 2950 427 2982 et
451 2956 520 2993 pro
542 2948 589 2981 ea
603 2941 728 2980 fuisse
748 2948 876 2988 natos,
895 2939 1011 2978 etiam
1033 2939 1141 2978 Deos
1160 2937 1199 2976 in
1227 2950 1274 2976 ea
1293 2949 1379 2975 esse
1409 2942 1528 2975 ortos.
1586 2935 1739 2987 Rogate
