1981 3356
555 222 847 262 ADVERSUS
879 220 1293 273 PANTAENETUM.
1578 223 1651 260 561

183 325 469 367 continebatur.
504 325 576 366 His
594 327 690 365 actis
700 325 909 365 Februario
923 338 1055 364 mense
1068 332 1234 378 praetore
1246 325 1556 378 Theophilo,ego
1569 332 1650 364 sta-

177 387 250 426 tim
267 389 304 425 in
316 387 485 427 Pontum
502 389 700 441 profectus
722 400 822 434 sum,
835 388 909 426 iste
930 394 968 427 et
985 388 1163 440 Evergus
1183 388 1244 426 hic
1258 388 1430 427 fuerunt.
1464 388 1542 431 Qui
1558 388 1653 439 quid

183 450 284 488 inter
304 464 345 488 se
366 451 516 502 egerint
533 465 594 489 me
610 451 787 497 absente,
807 450 936 489 dicere
950 463 1029 488 non
1045 463 1225 502 possum:
1255 464 1382 501 neque
1398 451 1498 489 enim
1519 450 1656 489 eadem

183 511 330 559 dicunt,
351 526 476 564 neque
498 525 648 563 semper
663 512 800 550 eadem
820 512 891 550 iste
913 512 1084 563 quidem.
1133 513 1241 551 Alias
1262 513 1363 551 enim
1385 513 1525 550 asserit
1545 526 1585 550 se
1605 513 1653 550 ab

180 574 248 612 illo
261 581 399 613 contra
416 581 532 625 pacta
551 587 638 613 esse
654 574 849 613 locatione
868 574 901 611 vi
918 587 1108 619 eversum,
1126 574 1221 613 alias
1243 587 1331 612 eum
1347 574 1385 611 in
1402 587 1519 612 causa
1534 574 1653 612 fuisse

181 642 227 674 ut
243 635 282 673 in
300 634 499 687 publicum
518 635 599 686 ipse
618 635 904 682 inscriberetur,
925 634 1020 673 alias
1041 635 1241 687 quippiam
1262 636 1368 674 aliud
1389 635 1496 686 quod
1517 635 1650 673 libuit:

181 697 247 735 ille
274 703 404 736 autem
434 697 660 749 simpliciter
689 710 745 744 se,
766 710 837 735 nec
863 697 992 735 usuris
1011 697 1189 744 redditis,
1209 711 1284 736 nec
1309 698 1384 735 alia
1405 711 1444 735 re
1464 697 1545 735 ulla
1564 710 1652 747 quae

179 760 305 812 pactis
319 758 584 798 contineretur
602 761 649 798 ab
669 759 745 798 isto
760 759 946 810 praestita‚
959 760 1189 798 convenisse
1208 773 1296 799 eum
1314 766 1354 798 et
1373 761 1420 798 ab
1437 773 1483 798 eo
1497 759 1653 798 volente

181 833 296 859 suum
314 821 523 873 recepisse,
543 828 634 873 post
651 821 737 860 haec
758 827 887 859 autem
908 821 1124 873 digressum
1145 821 1265 860 istum
1284 821 1433 860 redisse
1452 821 1652 859 adducen-

180 889 257 922 tem
275 883 466 934 quosdam
487 883 554 934 qui
573 883 879 922 controversiam
899 891 1112 930 moverent,
1134 898 1175 922 se
1195 883 1281 922 illos
1303 897 1382 922 non
1405 889 1653 934 persecutum

179 957 281 992 esse,
300 958 427 996 neque
446 944 564 983 istum
586 945 829 997 prohibuisse
849 956 926 996 quo
947 945 1075 984 minus
1102 952 1254 984 teneret
1278 959 1365 996 quae
1399 945 1652 991 conduxerat,

178 1005 299 1044 modo
315 1006 433 1044 fidem
454 1014 638 1045 servaret.
681 1007 740 1044 Ex
757 1006 817 1045 his
837 1006 953 1057 igitur
973 1020 1047 1059 ego
1067 1007 1165 1046 tales
1184 1008 1380 1046 orationes
1401 1007 1529 1046 audio.
1573 1006 1652 1045 Sed

179 1067 276 1106 illud
297 1068 390 1115 scio,
402 1068 483 1107 sive
501 1068 576 1106 iste
596 1082 689 1107 vera
705 1068 813 1115 dicit,
827 1076 866 1106 et
885 1069 1022 1121 injuria
1045 1069 1207 1108 affectus
1224 1076 1285 1108 est
1296 1077 1340 1108 ut
1354 1070 1407 1108 ait
1421 1070 1468 1107 ab
1484 1070 1651 1120 Evergo,

179 1142 316 1181 poenas
339 1143 427 1168 eum
449 1130 674 1181 sumpsisse,
702 1137 870 1182 quantas
894 1131 1161 1170 voluit—vicit
1181 1133 1285 1170 enim
1304 1132 1414 1170 vobis
1439 1132 1651 1183 judicanti-

176 1192 320 1238 bus—,
340 1204 468 1243 neque
487 1192 661 1242 profecto
676 1205 831 1243 aequum
855 1205 943 1231 esse
959 1200 1003 1231 ut
1022 1200 1061 1230 et
1081 1194 1129 1231 ab
1151 1200 1309 1231 auctore
1338 1194 1489 1244 iujuriae
1516 1208 1650 1244 poenas

178 1259 309 1291 sumat
327 1260 367 1292 et
391 1267 415 1292 a
442 1266 504 1291 me
530 1253 597 1303 qui
627 1267 790 1305 peregre
812 1254 1022 1293 abfuerim:
1054 1254 1133 1292 sive
1155 1255 1344 1305 Evergus,
1367 1254 1470 1292 hunc
1494 1256 1651 1306 quidem

177 1314 510 1367 circumscriptum
527 1328 615 1353 esse
633 1328 701 1366 per
719 1315 966 1363 calumniam,
982 1329 1045 1354 me
1061 1329 1152 1354 vero
1169 1330 1217 1354 ne
1233 1316 1288 1354 sic
1303 1315 1460 1367 quidem
1475 1317 1652 1368 ejusdem

177 1376 346 1416 criminis
363 1376 452 1429 jure
471 1376 661 1416 accusari.
722 1378 776 1416 Ut
795 1378 912 1429 igitur
929 1378 1016 1417 haec
1036 1378 1204 1430 primum
1225 1391 1247 1417 a
1267 1391 1327 1416 me
1350 1391 1439 1416 vere
1461 1378 1536 1417 dici
1557 1391 1650 1418 con-

179 1446 268 1486 stet,
283 1439 421 1479 horum
440 1445 561 1478 testes
581 1439 632 1478 ad
652 1452 721 1478 vos
742 1440 972 1492 producam.

804 1584 1022 1623 TESTES.

177 1681 314 1721 Fuisse
333 1682 450 1734 igitur
469 1689 508 1721 et
527 1682 771 1721 venditorem
804 1681 914 1719 nobis
943 1679 1236 1732 possessionum
1257 1690 1362 1723 eum,
1395 1678 1461 1728 qui
1488 1677 1572 1729 ipse
1603 1679 1652 1716 ab

176 1745 285 1784 initio
313 1752 474 1792 emerat,
494 1752 533 1783 et
552 1758 600 1783 ex
630 1752 744 1796 pacto
772 1747 891 1782 istum
923 1741 1159 1781 conduxisse
1189 1747 1362 1778 nostram
1392 1739 1587 1778 officinam
1611 1747 1650 1777 et

174 1807 384 1859 mancipia,
405 1815 446 1846 et
464 1821 525 1846 me
555 1807 600 1845 iis
627 1819 714 1858 quae
740 1806 812 1844 iste
839 1813 974 1857 postea
994 1817 1084 1842 cum
1108 1803 1262 1853 Evergo
1282 1802 1363 1853 egit
1384 1815 1510 1852 neque
1532 1801 1650 1840 inter-

174 1869 294 1908 fuisse
313 1882 440 1920 neque
471 1869 594 1908 fuisse
625 1868 731 1906 domi
762 1868 934 1913 omniuo,
955 1873 994 1904 et
1024 1865 1132 1903 illum
1165 1864 1202 1901 in
1230 1865 1297 1916 jus
1327 1871 1509 1902 vocatum
1531 1871 1571 1902 et
1591 1877 1650 1901 me

174 1930 320 1968 nullius
339 1943 510 1982 unquam
532 1929 701 1969 criminis
731 1931 780 1967 ab
808 1929 882 1967 isto
914 1940 1022 1966 reum
1057 1939 1144 1965 esse
1168 1925 1332 1970 factum,
1352 1938 1375 1963 e
1396 1925 1560 1964 testibus
1581 1938 1650 1964 au·

175 1992 281 2040 ditis,
300 1992 323 2030 J
328 1992 479 2031 udices.

229 2056 266 2094 3.
297 2054 492 2094 Reversus
511 2054 628 2106 igitur
655 2052 806 2091 amissis
835 2052 914 2090 fere
941 2064 1029 2103 quae
1055 2063 1209 2089 mecum
1228 2062 1434 2088 avexeram
1455 2051 1649 2097 omnibus,

173 2130 294 2168 quum
321 2123 361 2156 et
386 2116 559 2155 audirem
589 2115 708 2154 istum
734 2114 952 2153 deseruisse
984 2113 1196 2159 officinam,
1217 2119 1256 2150 et
1282 2112 1477 2163 Evergum
1506 2112 1652 2150 habere

173 2186 214 2219 et
243 2186 373 2219 tenere
401 2193 489 2233 quae
528 2191 744 2217 emeramus
781 2177 965 2223 viderem,
996 2175 1136 2214 mirum
1175 2175 1213 2212 iu
1245 2173 1406 2213 modum
1446 2173 1569 2224 dolui,
1607 2182 1650 2212 ut

174 2242 242 2293 qui
262 2254 309 2280 eo
328 2254 391 2279 me
417 2241 622 2279 redactum
643 2252 842 2279 cernerem
871 2245 915 2276 ut
936 2251 1014 2289 quo
1041 2250 1104 2275 me
1131 2243 1318 2275 verterem
1344 2235 1551 2274 nescirem:
1583 2243 1651 2274 aut

174 2303 277 2342 enim
303 2303 453 2342 socium
482 2315 567 2341 esse
599 2315 662 2340 me
695 2302 898 2353 oportebat
928 2300 1082 2350 Evergo
1111 2305 1287 2350 quaestus
1320 2306 1360 2336 et
1392 2297 1650 2344 curationum,

174 2374 243 2406 aut
261 2366 475 2405 debitorem
501 2366 612 2404 istius
633 2364 721 2403 loco
751 2364 946 2415 Evergum
970 2363 1129 2407 habere,
1149 2366 1190 2399 et
1215 2373 1305 2399 cum
1331 2373 1377 2399 eo
1397 2360 1526 2398 denuo
1556 2373 1649 2398 con-

173 2429 342 2468 scribere
367 2428 618 2474 locationem,
650 2434 690 2465 et
719 2426 962 2465 contrahere.
1029 2424 1206 2468 Quorum
1238 2423 1332 2461 mihi
1361 2429 1540 2461 neutrum
1568 2430 1650 2460 erat

172 2490 213 2529 in
240 2490 394 2530 animo:
424 2489 510 2528 haec
531 2495 663 2528 autem
683 2501 772 2540 quae
793 2487 873 2526 dixi
901 2486 1066 2524 moleste
1093 2485 1235 2530 ferens,
1255 2483 1507 2535 conspicatus
1530 2483 1649 2521 Mne-

173 2552 306 2592 siclem
334 2551 399 2604 qui
427 2563 558 2590 earum
589 2563 715 2588 rerum
734 2548 915 2587 venditor
941 2547 1053 2585 nobis
1073 2546 1213 2592 fuerat,
1238 2559 1328 2584 cum
1358 2559 1404 2584 eo
1424 2545 1647 2597 expostula-

171 2614 276 2661 bam,
296 2612 401 2665 quod
428 2612 546 2651 talem
571 2611 664 2650 mihi
691 2610 889 2649 hominem
917 2608 1180 2654 conciliasset,
1205 2614 1245 2645 et
1271 2619 1340 2645 cur
1369 2607 1527 2658 quidam
1555 2619 1647 2644 con-

173 2675 399 2715 troversiam
435 2682 647 2721 moverent,
680 2672 867 2724 quidnam
892 2671 932 2710 id
957 2671 1009 2710 rei
1041 2678 1161 2716 esset,
1194 2670 1493 2721 interrogabam.
1552 2669 1649 2713 Qui-

172 2739 246 2776 bus
280 2737 344 2776 ille
384 2736 527 2776 auditis
566 2735 768 2774 deridebat
809 2747 876 2773 eos
919 2736 986 2785 qui
1024 2734 1099 2771 hoc
1140 2732 1339 2771 facerent:
1380 2745 1477 2783 quos
1515 2740 1647 2770 tamen

173 2799 360 2851 congredi
391 2799 489 2838 velle
527 2798 743 2844 nobiscum,
774 2796 890 2847 idque
923 2803 968 2834 ut
996 2796 1108 2834 fieret
1142 2808 1183 2833 se
1217 2801 1440 2834 curaturum
1477 2793 1645 2838 dicebat,

175 2868 215 2899 et
245 2861 478 2900 moniturum
510 2860 628 2899 istum
660 2866 704 2897 ut
737 2858 828 2896 mihi
862 2864 1068 2909 praestaret
1100 2870 1215 2908 aequa
1240 2857 1383 2902 omnia,
1412 2862 1452 2893 et
1486 2868 1647 2906 persua-

175 2921 296 2961 dendi
323 2934 432 2973 spem
458 2921 612 2960 habere.
671 2921 725 2958 Ut
758 2919 960 2971 congressi
987 2931 1136 2964 sumus,
1157 2917 1251 2969 quid
1281 2917 1411 2956 multis
1432 2925 1491 2955 est
1520 2917 1646 2970 opus?

874 2983 900 3019 4
921 2993 942 3018 c
