1915 3356
474 194 548 232 DE
579 193 733 232 MALE
763 192 939 233 GESTA
971 191 1300 232 LEGATIONE.
1568 193 1619 231 63

154 294 459 334 modestissimos
493 297 807 343 Atheniensium,
834 295 897 347 qui
930 295 1008 332 huc
1037 295 1201 345 ingressi
1231 302 1335 340 sunt,
1356 293 1501 346 publici
1529 293 1621 331 boni

152 369 271 394 causa
283 360 347 404 jus
369 358 521 404 dicturi,
543 359 720 408 vitasque
742 364 893 395 nostras
913 362 1090 406 spectant
1116 356 1240 406 magis
1262 369 1379 406 quam
1412 355 1620 393 orationes.

154 418 296 456 Utrum
318 421 419 457 enim
441 433 508 458 eos
530 434 664 458 censes
682 427 829 470 optare,
847 425 890 455 ut
916 418 1053 455 decem
1074 417 1194 454 millia
1220 418 1384 455 militum
1415 417 1620 461 exsistant,

151 480 218 530 qui
240 481 315 518 sint
337 482 480 519 similes
500 481 687 526 Philonis,
707 487 746 518 et
764 479 988 530 corporibus
1009 479 1063 516 sic
1085 477 1228 523 affecti,
1251 486 1290 516 et
1306 479 1442 516 animis
1464 479 1516 516 ita
1536 491 1620 516 mo-

152 540 278 579 desti:
310 555 359 580 an
378 556 469 580 vero
489 543 615 580 tricies
635 541 740 579 mille
761 541 914 586 cinaedi,
935 540 1059 591 qualis
1077 547 1119 577 tu
1139 552 1179 577 es
1196 539 1211 575 ‘3
1240 539 1368 589 Atque
1389 540 1504 577 etiam
1526 539 1621 590 Epi-

153 603 271 640 cratis
292 603 620 647 tractabilitatern,
641 602 766 640 fratris
786 602 975 648 Philonis,
994 601 1081 639 loco
1097 600 1227 651 probri
1248 613 1542 638 commemoras.
1574 600 1623 637 Et

152 663 239 712 quis
253 677 340 702 eum
357 677 530 715 unquam
549 664 645 701 vidit
662 664 846 702 indecore
867 676 908 701 se
927 670 1125 713 gerentem
1143 661 1205 700 vel
1226 660 1407 706 interdiu,
1429 668 1472 697 ut
1491 668 1534 698 tu
1553 661 1624 707 ais,

153 724 191 761 in
214 725 438 763 celebritate
462 725 780 770 Bacchanalium,
801 725 862 763 vel
883 723 1029 762 noctu?
1061 723 1201 774 Neque
1221 723 1324 761 enim
1348 722 1476 760 dicere
1497 729 1623 773 potes,

152 799 240 824 eum
260 787 436 825 latuisse.
488 787 628 838 Neque
649 787 750 825 enim
770 787 927 838 ignotus
950 786 1034 824 fuit.
1147 830 1150 833 ,

205 850 272 887 48.
304 848 406 886 Mihi
421 862 527 893 vero,
557 849 838 896 Athenienses,
859 862 907 887 ex
929 847 1147 887 Philodemi
1167 847 1257 893 filia,
1278 846 1453 884 Philonis
1473 853 1513 884 et
1533 846 1625 898 Epi-

151 910 269 948 cratis
290 923 434 957 sorore,
455 918 532 948 tres
553 911 631 949 nati
651 917 743 949 sunt
769 910 892 957 liberi,
913 923 992 948 una
1009 909 1100 956 filia,
1122 916 1161 946 et
1181 908 1247 946 filii
1274 909 1368 946 duo.
1412 907 1522 951 Quos
1548 921 1622 959 ego

151 983 241 1008 cum
261 972 397 1009 ceteris
425 972 557 1018 affero,
576 973 690 1010 unius
718 971 1031 1023 interrogationis
1063 983 1171 1021 ergo,
1201 978 1241 1008 et
1271 970 1489 1021 argumenti
1520 970 1625 1021 apud

145 1033 316 1084 judices,
336 1047 414 1085 quo
433 1048 537 1072 nunc
559 1042 658 1072 utar.
708 1035 823 1085 Rogo
843 1034 945 1072 enim
964 1047 1049 1079 vos,
1068 1033 1349 1081 Athenienses,
1371 1045 1465 1070 num
1491 1033 1626 1071 videar

152 1095 261 1133 vobis
282 1108 361 1133 una
379 1109 468 1134 cum
487 1096 612 1147 patria
631 1103 670 1134 et
690 1097 901 1134 amicorum
923 1095 1208 1134 consuetudine
1229 1103 1268 1132 et
1297 1095 1431 1141 sacris,
1449 1101 1489 1132 et
1505 1096 1626 1147 patri-

152 1168 264 1193 orum
288 1165 629 1195 monumentorum
657 1158 945 1202 communione,
970 1156 1043 1194 hos
1082 1156 1254 1193 omnium
1283 1155 1503 1193 mortalium
1533 1155 1626 1195 mihi

150 1217 371 1255 carissimos
405 1217 624 1268 prodidisse
651 1217 845 1268 Philippo,
878 1224 918 1255 et
945 1217 1066 1268 pluris
1099 1217 1237 1255 fecisse
1270 1216 1374 1254 illius
1406 1217 1625 1263 amicitiam,

151 1291 268 1328 quam
285 1278 450 1316 salutem
466 1278 618 1316 horum.
649 1278 739 1321 Qua
752 1277 880 1316 victus
897 1277 1124 1328 voluptate?
1152 1277 1236 1315 Aut
1250 1278 1356 1328 quod
1371 1291 1542 1329 unquam
1557 1280 1626 1317 de·

153 1339 273 1378 decus
289 1339 468 1391 pecuniae
488 1352 606 1377 causa
625 1340 663 1377 in
678 1352 740 1377 me
757 1339 940 1391 suscepi?
970 1339 1110 1389 Neque
1126 1339 1227 1376 enim
1250 1339 1491 1378 Macedonia
1502 1342 1626 1380 bonos

153 1408 223 1440 aut
241 1402 364 1440 malos
381 1401 489 1447 facit,
509 1401 579 1439 sed
600 1414 713 1439 suum
733 1414 928 1452 quemque
948 1400 1160 1451 ingenium.
1205 1400 1347 1451 Neque
1367 1399 1432 1439 alii
1451 1415 1584 1440 sumus
1604 1416 1628 1442 a

151 1463 349 1514 legatione
369 1462 523 1509 reversi,
545 1462 614 1500 sed
641 1463 754 1508 tales,
775 1462 910 1512 quales
930 1474 1001 1499 nos
1025 1461 1252 1512 ablegastis.
1294 1462 1375 1500 Sed
1404 1462 1626 1514 implicatus

154 1538 240 1562 sum
260 1525 300 1562 in
318 1524 520 1576 republica
539 1537 629 1562 cum
650 1523 812 1578 mirifico
831 1523 1128 1575 praestigiatore,
1149 1529 1190 1561 et
1209 1523 1351 1574 insigni
1369 1525 1534 1575 praedito
1553 1526 1626 1563 im-

152 1587 358 1637 probitate,
389 1586 455 1637 qui
485 1598 558 1623 nec
578 1585 721 1623 invitus
742 1585 821 1623 veri
844 1585 1052 1635 quicquam
1084 1584 1202 1632 dicat,
1231 1598 1321 1624 cum
1354 1592 1484 1624 autem
1517 1600 1626 1625 men-

151 1648 259 1697 titur,
277 1647 534 1700 principatum
556 1647 740 1685 orationis
760 1645 1168 1698 tenetjusjurandum‚
1190 1660 1262 1685 nec
1281 1646 1528 1699 impudentes
1542 1649 1627 1700 ejus

151 1711 288 1749 oculos
318 1716 445 1749 vester
471 1716 707 1761 conspectus
739 1708 952 1760 pudefacit.
1003 1708 1144 1759 Neque
1174 1721 1266 1747 vero
1296 1722 1384 1760 quae
1416 1710 1521 1750 faeta
1552 1710 1629 1749 sint

154 1773 347 1812 duntaxat
367 1771 433 1819 ait,
455 1772 526 1810 sed
545 1778 585 1809 et
605 1771 706 1809 diem
726 1784 801 1822 quo
823 1770 928 1808 facta
948 1783 1030 1808 esse
1051 1770 1116 1817 ait,
1137 1770 1284 1822 adjicit,
1304 1778 1343 1808 et
1360 1771 1537 1809 fictitium
1559 1773 1628 1811 ali-

152 1835 266 1887 cujus
281 1847 422 1873 nomen
438 1833 616 1884 adjungit
634 1833 700 1885 qui
717 1832 950 1882 interfuerit,
967 1838 1013 1870 ut
1032 1843 1098 1869 eos
1117 1832 1182 1883 qui
1202 1845 1293 1871 vera
1310 1831 1522 1883 loquuntur
1542 1833 1626 1872 imi-

153 1904 271 1937 tetur.

206 1961 274 1998 49.
305 1959 385 1997 Sed
414 1971 494 1996 una
522 1971 585 1997 res
615 1957 729 1996 nobis
761 1956 982 1995 insontibus
1009 1962 1071 1994 est
1102 1956 1300 2008 praesidio,
1330 1956 1438 2008 quod
1468 1956 1506 1994 in
1543 1958 1628 1997 istis

153 2035 304 2061 morum
331 2020 539 2072 praestigiis
568 2026 607 2057 et
627 2019 908 2070 compositione
931 2018 1170 2064 fabularum,
1196 2025 1365 2057 mentem
1390 2031 1469 2056 non
1494 2018 1626 2058 habet.

155 2084 257 2122 Nam
276 2089 423 2133 quanta
438 2081 487 2119 sit
506 2081 672 2119 hominis
692 2080 900 2126 vaecordia,
921 2079 1036 2117 simul
1057 2086 1096 2117 et
1114 2079 1278 2125 inscitia,
1294 2092 1341 2117 ex
1358 2093 1404 2118 eo
1421 2081 1627 2129 aestimate,

154 2145 261 2198 quod
288 2143 480 2196 ejusmodi
511 2142 757 2180 mendacium
783 2148 920 2180 contra
946 2154 1010 2179 me
1036 2141 1086 2179 de
1116 2140 1302 2192 Olynthia
1333 2141 1492 2179 muliere
1518 2155 1626 2181 com-

154 2213 310 2246 mentus
339 2213 414 2251 est,
434 2212 478 2243 ut
511 2205 610 2242 inter
631 2203 844 2242 dicendum
865 2216 888 2241 a
907 2204 1017 2241 vobis
1038 2202 1254 2253 ejiceretur.
1304 2202 1401 2239 Eum
1423 2204 1541 2249 enim,
1561 2205 1628 2255 qui

155 2270 205 2307 ab
225 2268 416 2320 ejusmodi
436 2266 596 2305 crimine
626 2264 909 2302 remotissimus
931 2271 1048 2308 esset,
1073 2263 1178 2314 apud
1198 2276 1265 2301 eos
1299 2264 1365 2314 qui
1385 2264 1503 2302 vitam
1524 2266 1627 2304 illius

154 2336 403 2383 perspectam
443 2328 645 2371 haberent,
676 2326 966 2364 criminabatur.
1026 2325 1167 2363 Videte
1198 2332 1329 2363 autem
1364 2339 1479 2376 quam
1509 2327 1627 2378 longe

155 2400 247 2432 ante
266 2392 317 2431 ad
336 2391 483 2430 crimen
515 2389 620 2428 istud
650 2402 691 2426 se
715 2387 875 2439 pararit.
907 2387 981 2426 Est
1001 2386 1160 2437 quidam
1178 2387 1426 2438 frequentare
1452 2396 1627 2428 nostram

154 2457 292 2494 urbem
316 2453 452 2492 solitus
482 2451 764 2502 Aristophanes
799 2449 1023 2502 Olynthius.
1068 2449 1106 2487 Is
1130 2462 1219 2487 cum
1247 2449 1310 2487 isti
1339 2463 1363 2488 a
1393 2451 1625 2500 quibusdam

154 2522 260 2556 esset
278 2513 591 2559 commendatus,
612 2519 728 2563 atque
757 2511 853 2549 illud
873 2511 989 2549 etiam
1009 2510 1206 2562 adjectum
1227 2518 1346 2560 esset,
1366 2511 1519 2549 dicendi
1540 2526 1627 2551 esse

156 2577 337 2629 peritum,
356 2575 553 2613 hominem
584 2573 687 2612 omni
709 2573 982 2623 obsequiorum
1004 2584 1146 2623 genere
1166 2572 1354 2610 demereri
1381 2572 1540 2616 studuit,
1567 2582 1625 2611 at·

154 2652 231 2689 que
250 2637 462 2682 adducere,
483 2643 529 2674 ut
546 2635 646 2673 falso
667 2648 726 2672 me
747 2634 851 2685 apud
871 2647 938 2671 vos
959 2633 1183 2671 testimonio
1213 2634 1457 2683 opprimeret.
1508 2635 1625 2678 Quod

157 2702 190 2739 si
213 2712 444 2752 progressus
463 2697 671 2736 miserabili
689 2703 816 2748 gestu,
837 2695 965 2733 dicere
987 2695 1118 2739 vellet,
1139 2707 1199 2732 me
1220 2694 1371 2731 mulieri
1394 2695 1463 2732 sibi
1483 2709 1627 2746 cogna-

155 2769 208 2801 tae
227 2768 266 2799 et
284 2760 447 2812 captivae
462 2759 687 2805 insultasse,
708 2758 837 2796 statim
859 2758 894 2795 ei
914 2770 956 2794 se
971 2757 1205 2807 quingentas
1223 2756 1427 2793 drachmas
1444 2757 1626 2796 daturum

156 2824 426 2877 pollicebatur,
445 2829 564 2873 atque
591 2821 688 2859 alias
718 2820 952 2871 quingentas
979 2825 1070 2870 post
1100 2818 1246 2855 dictum
1281 2818 1420 2854 salsum
1452 2820 1625 2858 testimo-

157 2886 279 2924 nium.
321 2884 391 2922 Ille
411 2890 538 2921 autem
559 2883 593 2921 ei
614 2881 828 2933 respondit,
859 2887 901 2917 ut
922 2880 1004 2931 ipse
1025 2880 1220 2923 narrabat,
1240 2891 1342 2920 eum,
1362 2880 1462 2929 quod
1490 2882 1538 2918 ad
1559 2896 1626 2919 ex-

159 2947 287 2987 silium
304 2946 496 2989 attineret,
518 2951 635 2995 atque
656 2943 825 2994 inopiam
845 2954 922 2993 qua
941 2947 1155 2991 urgeretur,
1184 2953 1258 2977 nou
1280 2939 1393 2985 mala,
1416 2941 1483 2979 sed
1510 2955 1625 2992 quum
