1948 3306
268 159 338 196 132
858 158 1133 199 AESCl-IINIS

262 275 339 313 que
366 274 522 300 causam
544 262 791 300 contumeliae
819 263 912 301 mihi
941 263 1129 302 faciendae
1149 263 1219 302 ulli
1240 263 1524 315 suppeditasse,
1551 278 1596 303 ac
1617 279 1665 304 ne
1693 265 1730 304 in

255 323 447 376 judicium
468 323 626 375 quidem
647 323 767 362 ullum
789 324 910 365 civem
930 325 1153 371 adduxisse,
1175 332 1285 363 extra
1311 325 1438 363 solum
1466 325 1730 366 Timarchum.

263 387 402 436 Neque
416 386 526 437 jacto
554 386 657 437 apud
679 399 759 433 vos,
786 399 862 432 me,
884 399 973 424 cum
1004 387 1217 437 permultas
1238 386 1345 437 apud
1365 399 1434 424 vos
1454 388 1640 438 pecunias
1667 402 1732 427 ac—

260 449 391 500 cipere
411 448 640 500 potuissem,
661 461 739 485 non
769 447 992 499 accepisse:
1023 448 1108 492 sed,
1142 454 1186 485 ut
1215 448 1483 495 conveniebat,
1513 462 1648 500 poenas
1675 449 1731 487 le-

261 512 377 562 gibus
400 512 627 561 sumpsisse.
660 510 757 548 Post
772 510 889 548 etiam
906 510 1219 560 Ctesiphontem,
1235 510 1357 548 multa
1376 511 1425 548 ab
1445 523 1491 549 eo
1511 524 1733 562 perpessus,

260 574 386 611 multa
406 574 495 611 item
517 586 540 611 a
559 572 843 619 Demosthene,
863 572 1092 610 violatarum
1112 573 1244 623 legum
1265 587 1373 611 reum
1393 574 1480 620 feci,
1500 573 1733 625 justissimo,

260 649 283 673 o
300 636 365 673 Dii
378 636 632 680 immortales,
650 634 813 686 judicio.
846 635 985 685 Neque
1004 647 1094 672 vero
1109 634 1248 672 mirum
1267 643 1341 683 est,
1355 635 1634 675 Demosthenis
1653 636 1734 674 elo-

260 699 461 750 quentiam
481 705 520 736 et
538 697 689 748 legibus
711 697 845 735 vestris
867 703 906 735 et
931 695 1057 734 verbis
1078 696 1172 734 meis
1203 697 1325 735 fuisse
1345 698 1593 749 superiorem.
1630 698 1734 735 Illud

258 767 401 805 autem,
431 772 508 797 non
529 759 715 810 exiguum
737 759 914 797 fortassis
938 758 1042 809 apud
1071 771 1139 796 vos
1164 766 1435 810 argumentum
1467 759 1616 798 exstitit
1633 761 1733 798 bene

259 828 382 872 gestae
403 834 425 858 a
444 834 506 858 me
527 820 764 871 reipublicae,
794 820 914 870 quod,
940 833 989 858 ne
1021 820 1292 859 Demosthene
1320 821 1479 871 quidem
1506 828 1733 867 accusante,

257 883 411 920 illorum
428 882 644 926 criminum,
663 895 827 930 quorum
846 883 908 917 ille
924 896 985 916 me
1006 895 1113 917 reum
1131 883 1423 919 fecerat—cum
1445 883 1602 932 quidem
1618 883 1664 919 iis
1685 884 1734 920 ob

256 958 345 994 quae
374 958 478 982 nunc
511 944 650 982 exsulo
681 942 798 991 longe
832 941 1009 991 graviora
1037 948 1236 988 esse11t-‚
1266 942 1402 980 fuerim
1434 943 1733 982 condemnatus.

256 1007 355 1045 Post
372 1007 476 1044 hanc
493 1013 624 1044 autem
645 1003 920 1048 calamitatem,
944 1016 1004 1041 me
1017 1004 1179 1054 'penitus
1200 1017 1279 1041 non
1304 1004 1415 1043 vobis
1438 1005 1644 1051 duntaxat,
1666 1006 1735 1044 sed

257 1069 439 1108 omnibus
456 1068 569 1107 etiam
589 1066 739 1105 Graecis
756 1073 889 1104 notum
907 1079 997 1103 esse
1011 1066 1161 1104 factum
1181 1066 1330 1117 opinor.
1362 1067 1461 1109 Quis
1478 1067 1580 1105 enim
1596 1068 1734 1116 nescit,

255 1131 432 1169 homines
449 1137 492 1169 ut
511 1135 697 1175 mortuos,
718 1130 772 1166 ita
791 1128 906 1166 etiam
929 1128 1056 1179 patria
1073 1127 1316 1176 exsulantes,
1336 1130 1416 1180 qui,
1437 1136 1477 1167 et
1488 1130 1629 1180 quibus
1650 1143 1734 1168 mo-

256 1194 364 1233 ribus
385 1193 542 1239 fuerint,
563 1192 731 1230 maxime
761 1189 976 1241 cognosci?
1009 1190 1111 1228 Nam
1133 1197 1173 1228 et
1202 1204 1290 1241 quae
1310 1191 1418 1242 prius
1449 1191 1521 1242 ipsi
1548 1198 1734 1244 contege-

256 1258 367 1302 bant,
390 1270 436 1294 ea
464 1256 538 1293 illis
560 1269 580 1293 e
602 1253 730 1293 medio
761 1253 925 1291 sublatis
954 1252 1159 1303 perspicue
1178 1260 1411 1297 cernuntur3
1443 1259 1483 1290 et
1507 1267 1641 1292 omnes
1662 1254 1734 1291 ini-

256 1319 347 1356 mici
365 1319 489 1356 multo
510 1317 634 1367 magis
655 1329 722 1354 eos
742 1314 1008 1359 criminantur,
1029 1327 1117 1352 cum
1132 1314 1213 1365 jam
1242 1327 1283 1352 se
1311 1314 1523 1353 defendere
1542 1329 1620 1353 non
1642 1329 1734 1367 pos-

205 1403 214 1408 *
256 1387 361 1419 sunt.
401 1380 478 1422 Qui
504 1386 634 1418 autem
660 1379 712 1415 ob
742 1377 781 1414 id
802 1376 948 1414 crimen
974 1376 1171 1422 exsulant,
1192 1376 1304 1426 quasi
1331 1376 1498 1414 hostium
1520 1378 1735 1416 commodis

256 1450 444 1494 perpetuo
461 1440 695 1487 studuerint,
716 1439 875 1477 omnino
896 1445 935 1475 et
955 1450 1084 1475 mores
1113 1444 1152 1476 et
1181 1438 1343 1476 consilia
1368 1438 1406 1475 in
1427 1438 1602 1489 gerenda
1620 1446 1735 1490 repu-

252 1505 358 1543 blica
384 1517 456 1542 sua
475 1503 677 1541 evidenter
698 1500 980 1539 demonstrant.
1045 1499 1186 1551 Neque
1202 1500 1306 1538 enim
1325 1513 1403 1551 quo
1431 1507 1549 1551 pacto
1575 1500 1735 1539 calami-

254 1574 358 1605 tates
377 1567 516 1612 ferant‚
536 1571 575 1603 et
591 1571 634 1603 ut
654 1577 748 1615 erga
765 1563 930 1614 patriam
953 1561 1032 1600 sint
1060 1561 1202 1610 affecti,
1224 1562 1306 1600 ulla
1326 1562 1475 1601 ratione
1496 1562 1623 1601 celare
1643 1576 1735 1615 pos—

248 1635 359 1668 sunt.
406 1627 593 1678 Nunquid
613 1639 720 1677 ergo,
739 1633 782 1663 ut
802 1625 866 1676 qui
887 1624 1052 1675 patriam
1074 1636 1200 1662 meam
1222 1623 1405 1676 Philippo
1425 1624 1678 1676 prodiderim,
1698 1631 1737 1663 et

253 1691 291 1728 in
312 1690 537 1742 reipublicae
555 1689 733 1727 fraudem
753 1687 857 1725 mala
876 1687 954 1724 fide
975 1685 1212 1737 legationem
1241 1686 1416 1733 obierim,
1437 1687 1581 1738 quippe
1596 1686 1733 1724 Mace-

253 1754 401 1792 donum
421 1752 560 1799 cult0r‚
577 1758 621 1789 ut
640 1751 806 1802 primum
826 1763 850 1787 a
868 1748 981 1786 vobis
1003 1748 1152 1799 ejectus
1181 1747 1273 1794 abii,
1296 1749 1348 1787 ad
1369 1748 1642 1787 Alexandrum
1670 1761 1732 1786 me

252 1814 412 1860 contuli,
428 1821 471 1852 ut
490 1820 530 1852 et
550 1814 675 1864 gratia
693 1825 763 1864 pro
784 1810 930 1849 meritis
950 1811 999 1847 ab
1018 1823 1065 1848 eo
1095 1809 1188 1847 mihi
1207 1811 1430 1855 referretur,
1451 1816 1492 1847 et
1520 1810 1734 1847 rationibus

252 1877 346 1914 meis
375 1874 674 1915 consuleretur?
705 1874 848 1920 Neque
868 1885 960 1906 vero
982 1885 1059 1907 non
1080 1872 1273 1918 videbam,
1295 1869 1512 1906 Demadem
1532 1884 1733 1920 cauponas

254 1939 426 1977 Boeotias
444 1944 591 1981 tenere,
613 1941 652 1973 et
671 1933 815 1971 fundos
844 1946 925 1969 xx.
949 1932 1069 1969 boum
1085 1931 1194 1981 jugis
1221 1945 1344 1978 arare,
1371 1940 1410 1969 et
1430 1945 1568 1970 aureas
1589 1933 1734 1972 habere

252 2001 417 2053 phialas,
441 1999 714 2048 Hegemonem
741 2002 870 2032 autem
899 2000 938 2032 et
965 1992 1307 2038 Callimedontem,
1336 1993 1499 2031 alterum
1522 1994 1658 2042 Pellae,
1678 1997 1734 2034 al-

251 2072 375 2101 terum
394 2059 604 2106 Berrhoeae,
624 2071 712 2096 cum
731 2068 889 2094 munera
898 2054 1113 2107 accepisse,
1128 2061 1209 2091 tum
1223 2061 1420 2092 matronas
1436 2054 1732 2096 honestissimas

252 2137 390 2163 uxores
406 2122 582 2161 duxisse.
609 2120 745 2170 Neque
759 2119 874 2156 etiam
890 2130 913 2154 a
926 2116 1035 2155 vobis
1055 2115 1105 2154 ad
1123 2116 1336 2154 Thebanos
1353 2117 1471 2154 autin
1484 2117 1730 2157 Thessaliam

252 2186 341 2232 abii,
363 2191 431 2223 aut
451 2183 502 2222 ad
527 2183 624 2220 alios
641 2180 849 2232 quosdam,
870 2178 975 2230 apud
996 2191 1095 2229 quos
1111 2178 1203 2216 mihi
1225 2178 1400 2216 convicia
1416 2179 1454 2216 in
1476 2180 1642 2231 patriam
1664 2190 1732 2221 aut

249 2247 431 2293 dicenda,
447 2253 514 2284 aut
527 2246 575 2283 ab
590 2245 675 2282 aliis
691 2242 890 2282 audienda
904 2247 1052 2286 essent,
1068 2240 1138 2278 sed
1156 2240 1342 2279 Rhodum
1360 2254 1447 2279 sum
1462 2242 1677 2293 profectus,
1692 2245 1731 2282 in

249 2310 446 2348 hominum
467 2309 616 2354 urbem,
637 2306 703 2358 qui
724 2319 796 2343 nec
818 2303 926 2343 vobis
955 2302 1099 2340 inimici
1120 2309 1226 2350 sunt,
1253 2316 1325 2341 nec
1353 2302 1640 2343 inimicitiarum
1661 2320 1730 2358 ap-

250 2379 443 2424 petentes.
465 2370 568 2408 Nam
578 2369 752 2420 proxime
765 2368 930 2419 patriam
942 2365 1159 2404 consistere
1172 2364 1262 2402 mihi
1273 2365 1478 2403 videbatur
1488 2379 1618 2404 eorum
1630 2381 1729 2413 esse,

248 2436 315 2487 qui
336 2434 598 2473 calamitatem
620 2431 732 2482 quasi
752 2430 955 2468 eluderent
973 2426 1097 2477 magis
1125 2440 1239 2478 quam
1272 2440 1385 2477 aequo
1407 2428 1536 2466 animo
1562 2429 1728 2466 ferrent:

249 2511 337 2536 cum
366 2509 484 2547 quam
504 2493 729 2545 longissime
758 2493 807 2530 ab
840 2503 886 2529 ea
905 2490 1029 2527 multo
1050 2488 1176 2539 magis
1197 2488 1482 2528 discedendum
1502 2490 1630 2535 fuerit,
1658 2504 1727 2529 ne-

250 2573 327 2612 que
342 2559 464 2596 ullum
479 2558 515 2595 in
532 2556 650 2595 oculis
663 2554 888 2593 habendum
903 2552 1201 2597 monimentum,
1215 2551 1322 2601 quod
1335 2552 1507 2589 animum
1522 2551 1724 2590 cruciaret.

249 2624 308 2661 Ac
329 2635 376 2659 ne
405 2619 538 2658 Rhodi
558 2618 717 2670 quidem
737 2617 861 2655 mansi
879 2629 888 2654 :
920 2614 990 2654 sed
1010 2613 1139 2664 delegi
1167 2612 1313 2651 Stereae
1332 2626 1496 2665 parvum
1524 2613 1726 2663 quoddam

248 2684 454 2723 castellum
475 2683 659 2726 Ammon,
681 2679 813 2731 ibique
833 2678 906 2716 emi
926 2675 1074 2729 praedia
1088 2682 1144 2713 tot
1163 2674 1337 2721 talentis,
1357 2675 1512 2713 duobus
1530 2675 1724 2723 videlicet,

247 2754 343 2797 quot
368 2746 443 2784 emi
473 2745 521 2782 ab
545 2756 591 2781 eo
618 2748 927 2780 consentaneum
951 2745 1047 2783 erat,
1078 2737 1142 2788 qui
1174 2736 1265 2774 olim
1292 2736 1474 2788 Philippi,
1503 2744 1593 2788 post
1626 2738 1724 2776 Ale-

248 2808 384 2846 xandri
414 2805 672 2844 mercenarius
701 2804 839 2850 fuerat,
861 2802 1004 2854 quique
1027 2798 1314 2837 Macedonibus
1348 2805 1387 2836 et
1419 2797 1654 2845 Phocenses,
1683 2807 1723 2837 et

248 2870 475 2908 Graecorum
492 2868 718 2920 prodiderat
730 2866 961 2904 libertatem.
992 2862 1068 2900 Hic
1086 2861 1204 2900 sedeo
1220 2875 1309 2899 cum
1326 2867 1472 2912 septem
1493 2860 1662 2908 famulis,
1682 2869 1721 2899 et

246 2933 395 2973 duobus
431 2932 621 2970 duntaxat
653 2929 873 2972 sodalibus3
908 2932 947 2965 et
976 2932 1110 2971 matre,
1145 2937 1233 2974 quae
1263 2937 1364 2962 anno
1386 2923 1511 2961 aetatis
1539 2922 1653 2961 tertio
1682 2930 1723 2961 et
