1948 3306
354 164 429 200 708
757 165 1045 205 ADVERSUS
1077 164 1411 204 CALLIPPUM,

355 268 469 311 ratori
492 267 810 308 Heracleotarum
836 271 980 322 Argivo
1012 269 1217 322 pecuniam
1250 281 1382 307 secum
1408 269 1564 306 allatam
1589 267 1711 307 dedit.
1768 268 1813 307 In

354 342 401 367 ea
419 341 503 367 sum
524 329 639 380 igitur
658 337 698 369 et
715 344 788 382 ego
808 332 1003 370 sententia
1026 338 1069 369 ut
1095 344 1182 382 quae
1205 330 1267 369 hic
1287 330 1440 381 reliquit
1458 329 1550 368 mihi
1568 330 1679 369 reddi
1698 342 1814 381 opor-

354 398 434 429 tere
456 404 635 430 censeam
653 405 664 436 ;
689 393 807 445 idque
823 407 978 444 aequum
997 406 1085 432 esse
1104 394 1278 431 arbitror.
1318 393 1377 430 Tu
1398 392 1525 443 igitur,
1545 392 1576 431 si
1595 392 1694 431 forte
1706 391 1814 431 illam

353 453 527 491 nondum
547 455 704 506 recepit,
720 456 798 501 dic,
818 468 879 493 me
903 468 989 493 eam
1015 455 1108 493 mihi
1127 455 1346 502 vendicare,
1365 454 1431 492 ubi
1451 454 1601 493 venerit
1613 453 1814 506 Cephisia-

352 513 446 552 des:
476 515 535 553 sin
566 517 726 568 recepit,
746 517 910 555 testibus
938 516 1116 556 adductis
1141 517 1313 568 petiisse,
1334 523 1378 554 ut
1406 516 1443 554 in
1477 515 1648 554 medium
1671 515 1816 568 profer·

352 583 457 615 retur
475 578 534 616 vel
555 580 719 629 pecunia
739 579 796 617 vel
815 579 847 616 is
866 579 930 629 qui
947 592 1032 617 eam
1052 580 1283 630 redegisset,
1304 586 1358 625 et,
1378 579 1409 617 si
1430 578 1522 630 quid
1542 578 1634 617 velit
1651 578 1814 622 auferre,

352 638 391 676 id
410 640 646 690 procuratori
666 641 758 677 mihi
788 654 874 679 esse
897 648 1130 692 erepturum.
1187 641 1305 686 Quod
1337 654 1426 679 eum
1455 640 1628 687 dixisset,
1647 653 1737 691 ego,
1758 632 1830 679 in-x

351 701 434 750 quit
446 707 568 752 pater,
580 701 771 753 Calfippe,
783 702 988 752 gratificari
1007 703 1074 741 tibi
1091 702 1467 755 cupio—insanirem
1482 702 1598 749 enim,
1609 702 1683 740 nisi
1698 715 1814 753 cupe-

352 774 498 808 rem——‚
520 762 574 801 sic
608 770 751 809 tamen,
772 777 822 801 ne
850 764 912 802 vel
940 764 1177 804 existimatio
1204 778 1291 803 mea
1316 765 1511 803 minuatur
1529 764 1589 802 vel
1617 764 1759 803 exista
1776 777 1817 803 re

352 823 444 862 mihi
477 826 684 876 quicquam
717 826 878 878 periculi
911 827 973 866 sit.
1033 829 1089 866 Ac
1123 828 1252 866 dicere
1284 827 1357 866 ista
1385 826 1438 866 ad
1463 826 1746 866 Archebiadem
1778 833 1818 866 et

350 885 615 934 Aristonoum,
635 894 753 939 atque
772 888 871 928 adeo
892 889 942 927 ad
962 889 1090 941 ipsum
1109 890 1398 942 Cephisiadem,
1416 901 1504 927 mea
1524 888 1617 927 nihil
1637 889 1818 928 interest:

351 960 484 986 verum
503 948 534 987 si
562 949 734 989 oratione
764 964 853 989 mea
874 963 952 989 non
983 952 1239 990 movebuntur
1269 959 1313 990 ut
1342 951 1419 990 ista
1449 951 1608 996 faciant,
1637 956 1719 989 tute
1733 951 1818 1002 jam

351 1022 440 1053 cum
470 1010 523 1048 eis
558 1012 676 1062 agito.
736 1013 919 1058 Securus,
952 1013 1077 1064 inquit
1106 1014 1194 1060 iste,
1212 1021 1297 1052 esto
1328 1012 1470 1057 Pasio;
1499 1012 1532 1050 si
1561 1011 1728 1054 volueris
1760 1019 1818 1060 tu,

350 1084 469 1122 coges
487 1085 554 1111 eos
574 1073 660 1113 haec
679 1074 820 1113 facere.
879 1075 979 1119 Quae
1013 1075 1129 1126 igitur
1157 1076 1231 1113 iste
1262 1088 1351 1114 cum
1373 1081 1483 1127 patre
1514 1087 1614 1121 meo,
1641 1074 1819 1123 Judices,

350 1142 461 1186 pater
480 1142 608 1179 autem
624 1150 713 1175 cum
727 1137 968 1176 Archebiade
982 1144 1022 1176 et
1041 1137 1288 1189 Cephisiade‚
1303 1137 1414 1177 istius
1433 1143 1587 1188 rogatu,
1600 1143 1640 1175 et
1653 1137 1692 1175 in
1708 1137 1819 1176 istius

352 1197 514 1246 gratiam
535 1197 728 1246 disseruit,
756 1199 843 1238 haec
876 1207 978 1245 sunt,
1008 1213 1030 1237 e
1049 1200 1187 1251 quibus
1214 1200 1300 1238 haec
1320 1199 1422 1238 actio
1440 1198 1626 1251 paulatim
1647 1199 1818 1239 conflata

352 1266 435 1296 est:
466 1273 554 1311 quae
572 1273 630 1298 me
648 1261 696 1299 de
710 1268 818 1313 patre
838 1261 1042 1308 audivisse,
1055 1261 1119 1299 isti
1135 1262 1420 1300 sanctissimum
1437 1261 1529 1300 dare
1543 1261 1819 1312 jusjurandum

350 1319 468 1360 volui.
532 1321 611 1360 Iste
631 1324 774 1370 autem,
795 1324 860 1377 qui
887 1323 959 1362 sibi
990 1324 1104 1362 fidem
1125 1337 1148 1361 a
1175 1323 1282 1362 vobis
1304 1324 1438 1363 haberi
1459 1323 1646 1375 postulat,
1665 1329 1710 1361 ut
1727 1336 1820 1363 vera

350 1381 508 1430 dicenti,
529 1384 692 1422 triennio
711 1386 928 1437 interjecto,
947 1399 998 1425 ex
1018 1399 1096 1436 quo
1121 1392 1231 1437 pater
1259 1385 1426 1437 primum
1455 1398 1543 1423 cum
1567 1384 1816 1424 Archebiade

350 1450 388 1482 et
408 1444 488 1483 aliis
505 1446 750 1497 Cephisiadae
770 1447 1022 1486 familiaribus
1042 1454 1188 1499 egerat,
1208 1447 1331 1498 iisque
1347 1446 1644 1499 responderant,
1662 1459 1703 1484 se
1722 1446 1816 1485 Cal-

347 1505 441 1556 lippi
471 1507 596 1545 verbis
627 1508 722 1546 nihil
751 1509 916 1547 moveri:
953 1522 1070 1560 quum
1102 1508 1375 1547 animadvertit
1398 1510 1480 1559 jam
1505 1507 1697 1545 infirmum
1729 1520 1817 1547 esse

346 1574 494 1619 patrem
515 1576 554 1607 et
572 1583 674 1621 aegre
694 1570 733 1608 in
753 1571 886 1609 urbem
903 1570 1138 1609 adscendere
1159 1576 1199 1609 et
1216 1571 1265 1609 ab
1285 1570 1400 1609 oculo
1426 1569 1599 1616 destitui,
1620 1569 1817 1608 actionem

349 1638 485 1669 contra
516 1645 603 1670 eum
634 1632 814 1678 instituit,
836 1646 916 1671 non
947 1633 1000 1671 ita
1033 1645 1093 1670 me
1129 1631 1181 1670 dii
1206 1639 1338 1672 ament
1371 1632 1422 1670 de
1456 1631 1636 1684 pecunia,
1667 1631 1738 1670 sed
1767 1631 1817 1670 de

349 1694 493 1731 damno
518 1694 589 1731 sibi
620 1695 668 1732 ab
697 1708 743 1733 eo
773 1694 877 1741 dato,
897 1695 962 1746 qui
993 1694 1197 1746 pecuniam
1222 1693 1472 1746 Cephisiadae
1500 1692 1735 1732 reddidisset
1767 1694 1816 1732 ab

350 1755 583 1794 Heracleota
603 1756 757 1808 Lycone
788 1757 975 1802 relictam,
997 1769 1087 1795 cum
1108 1770 1148 1796 se
1179 1757 1327 1808 absque
1354 1756 1439 1808 ipso
1467 1767 1547 1794 non
1576 1753 1817 1795 redditurum

347 1817 598 1868 promisisset.
655 1819 677 1856 J
684 1818 853 1857 udicium
883 1819 1063 1870 adeptus,
1087 1819 1192 1870 apud
1214 1818 1397 1857 arbitrum
1419 1818 1610 1870 actionem
1630 1816 1815 1862 sustulit;

350 1887 389 1917 et
408 1879 456 1917 ab
477 1893 524 1918 eo
550 1880 775 1931 postulavit,
809 1887 851 1919 ut
883 1893 965 1919 rem
996 1881 1165 1919 deferret
1199 1880 1248 1919 ad
1280 1879 1530 1932 Lysithidem‚
1561 1879 1747 1918 Isocratis
1778 1886 1819 1919 et

351 1941 518 1992 Apharei
538 1942 726 1989 sodalem,
746 1943 867 1994 patris
890 1943 964 1981 mei
984 1943 1223 1982 familiarem.
1284 1942 1402 1988 Quod
1418 1955 1507 1980 cum
1523 1947 1630 1994 pater
1648 1942 1817 1991 fecisset,

349 2004 534 2054 quamdiu
559 2005 591 2042 is
617 2004 766 2051 vixerit,
786 2017 1010 2056 quanquam
1037 2004 1099 2043 isti
1124 2004 1323 2044 familia-ris
1345 2011 1464 2049 esset,
1490 2003 1706 2056 Lysithides
1737 2017 1817 2043 non

349 2067 559 2118 quicquam
579 2080 671 2118 erga
689 2080 761 2105 nos
783 2067 1008 2118 delinquere
1029 2081 1147 2106 ausus
1168 2067 1252 2106 fuit.
1311 2067 1362 2105 Et
1380 2074 1512 2106 tamen
1528 2066 1686 2119 quidam
1706 2066 1816 2106 istius

349 2128 557 2167 familiares
577 2129 632 2167 ita
651 2136 741 2167 sunt
761 2129 1023 2180 impudentes,
1039 2135 1083 2167 ut
1097 2129 1295 2168 testificari
1314 2130 1399 2168 ausi
1419 2128 1573 2176 fuerint,
1595 2128 1816 2181 Callippum

348 2191 448 2241 patri
468 2204 554 2229 meo
575 2190 848 2242 jusjurandum
871 2192 1071 2238 detulisse,
1091 2191 1161 2230 sed
1190 2201 1342 2243 patrem
1364 2191 1470 2243 apud
1490 2190 1727 2243 Lysithidem
1751 2192 1815 2243 ju-

350 2264 435 2289 rare
455 2252 652 2297 noluisse;
681 2265 797 2304 seque
819 2253 927 2292 vobis
947 2266 1201 2305 persuasuros
1226 2260 1444 2300 autument,
1464 2252 1701 2305 Lysithidem
1723 2254 1816 2293 Cal-

348 2312 442 2365 lippi
462 2314 701 2360 familiarem,
721 2328 799 2353 non
820 2316 1114 2354 commissurum
1139 2315 1273 2363 fuisse,
1292 2323 1336 2354 ut
1354 2322 1502 2367 patrem
1531 2328 1658 2356 meum
1685 2317 1815 2355 statim

350 2375 644 2421 condemnaret,
666 2376 697 2414 si
728 2376 756 2414 is
784 2377 865 2428 ipse
892 2377 963 2416 sibi
990 2377 1070 2415 fieri
1083 2377 1210 2430 judex
1229 2377 1430 2417 noluisset.
1487 2376 1557 2415 Me
1575 2383 1705 2416 autem
1727 2391 1818 2417 vera

349 2438 464 2489 loqui,
486 2438 580 2476 istos
614 2438 778 2485 mentiri,
797 2439 962 2490 primum
981 2439 1090 2478 vobis
1116 2440 1192 2479 hoc
1217 2441 1344 2492 ipsum
1364 2446 1591 2492 argumento
1620 2440 1683 2486 sit,
1709 2441 1815 2491 quod

349 2501 519 2538 futurum
538 2500 687 2545 suisset,
703 2507 746 2538 ut
766 2514 854 2538 eum
868 2500 1085 2554 Lysithides
1099 2502 1392 2548 condemnaret,
1402 2508 1443 2541 et
1457 2514 1532 2554 ego
1547 2514 1652 2540 nunc
1665 2501 1815 2553 judicio

352 2563 455 2602 unde
480 2563 531 2610 vi,
550 2576 628 2601 non
654 2562 890 2614 pecuniario,
924 2577 1011 2602 reus
1041 2577 1193 2603 essem:
1223 2565 1327 2616 quod
1353 2570 1396 2602 ut
1422 2569 1593 2615 constet,
1612 2577 1684 2615 ego
1702 2564 1814 2603 vobis

351 2637 417 2663 eos
452 2624 518 2675 qui
548 2625 711 2663 subinde
746 2626 782 2662 in
810 2625 1089 2676 congressibus
1121 2639 1209 2664 cum
1240 2627 1315 2664 isto
1341 2626 1439 2677 patri
1469 2624 1677 2673 affuerunt,
1707 2625 1814 2678 apud

350 2686 595 2738 Lysithidem
616 2686 743 2733 factis,
772 2694 888 2725 testes
908 2687 1134 2739 producam.

973 2789 1192 2828 TESTES.

406 2870 443 2906 5.
464 2868 562 2906 Eum
590 2870 719 2921 igitur,
741 2883 858 2921 quum
881 2876 962 2908 tum
990 2869 1089 2922 patri
1112 2882 1198 2907 meo
1218 2868 1491 2920 jusjurandum
1518 2882 1598 2907 non
1619 2868 1812 2915 detulerit,

350 2943 453 2969 nunc
475 2930 512 2967 in
539 2944 628 2969 eum
647 2931 874 2970 defunctum
899 2931 1011 2970 facile
1036 2930 1200 2977 mentiri,
1214 2938 1253 2968 et
1275 2929 1483 2975 familiares
1499 2943 1591 2973 suos
1612 2931 1753 2971 falsum
1773 2930 1809 2971 in
