1981 3356
612 228 901 267 ADVERSUS
933 227 1234 285 LACRITUM.
1583 229 1656 265 541

188 332 294 372 mille
306 332 513 384 amphoras
524 345 652 383 neque
665 332 872 370 voluerunt
884 344 1010 382 neque
1021 330 1246 381 cogitarunt
1259 329 1455 381 imponere
1470 331 1507 367 iu
1522 342 1658 368 navem

189 408 238 434 ex
267 396 503 447 syngrapha.
549 395 600 432 Et
630 401 674 432 ut
703 408 765 432 me
795 407 889 432 vera
914 393 1043 432 dicere
1070 400 1237 441 constet,
1267 405 1364 443 cape
1394 392 1655 432 testimonium

187 469 319 496 eorum
337 457 402 509 qui
421 457 559 495 eadem
573 456 666 494 ‘navi
687 469 775 494 cum
792 456 845 504 eis
866 456 967 494 vecti
988 463 1087 493 sunt.

710 584 1119 624 TESTIMONIUM.

230 673 386 705 Erasicles
402 679 534 705 testatur
550 685 583 704 se
599 674 786 713 gubernasse
803 684 912 704 navem
929 685 997 714 quae
1014 674 1162 714 Hyblesii
1188 678 1264 711 eset,
1288 678 1318 703 et
1336 674 1415 704 scire
1432 673 1655 713 Apollodorum

187 727 297 757 vehere
313 726 377 756 vini
391 725 528 755 Mendaei
545 726 707 765 amphoras
723 726 964 764 quadringentas
981 725 1201 766 quinquaginta
1219 731 1249 755 et
1270 736 1328 755 non
1353 726 1470 765 plures,
1488 725 1564 755 alias
1583 736 1656 755 vero

185 777 322 808 sarcinas
351 777 449 807 nullas
466 778 594 807 vexisse
616 777 647 806 in
670 787 707 807 eo
724 776 850 817 navigio
867 777 1089 816 Apollodorum
1110 777 1147 807 in·
1165 779 1306 807 Pontum.
1351 776 1487 816 Hippias
1505 777 1539 806 F.
1557 776 1656 807 Athe-

183 828 272 869 nippi
288 828 544 859 Halicarnasseus
561 832 691 858 testatur
708 839 741 858 se
764 838 822 858 una
839 834 962 859 vectum
983 829 1014 858 in
1031 829 1177 867 Hyblesii
1205 839 1295 865 nave,
1310 829 1517 868 perlustrasse
1532 839 1655 863 navem,

184 885 217 911 et
227 891 376 921 cognosse
392 881 617 921 Apollodorum
635 880 825 910 Phaselitam
840 881 954 911 vehere
969 881 999 910 in
1015 881 1140 921 navigio
1157 881 1272 910 Menda
1286 880 1317 910 iu
1334 881 1468 911 Pontum
1486 879 1549 909 vini
1569 881 1656 910 Men·

183 931 243 961 daei
267 932 429 971 amphoras
455 932 694 972 quadringentas
722 931 956 971 quinquaginta,
988 942 1064 961 onus
1094 937 1245 971 praeterea
1269 932 1400 961 nullum.
1454 932 1574 961 Praeter
1598 932 1654 961 hos

185 986 315 1013 testatus
331 988 379 1013 est
395 984 502 1013 eadem
519 994 552 1013 se
568 983 692 1013 audisse
709 993 749 1012 ex
765 983 834 1013 aliis
852 983 1010 1013 Archades
1027 984 1063 1012 F.
1078 982 1273 1012 Mnesonidae
1294 982 1517 1018 Acharnensis,
1537 983 1656 1011 Sostra-

183 1039 234 1064 tus
254 1035 289 1065 F.
301 1035 442 1074 Philippi
461 1035 627 1070 Histiaeus,
642 1034 812 1064 Philtiades
826 1033 923 1064 ctesii
945 1035 982 1081 F.
998 1033 1224 1073 Xypeteensis‚
1242 1033 1413 1073 Dionysius
1432 1034 1468 1063 F.
1491 1034 1656 1063 Democra-

186 1085 259 1116 tidae
277 1085 449 1116 Chollides.

185 1163 246 1202 De
274 1164 350 1202 vini
380 1165 495 1215 igitur
514 1178 689 1212 numero,
720 1172 909 1216 quantum
930 1179 996 1204 eos
1023 1165 1224 1217 imponere
1247 1166 1286 1204 in
1314 1179 1452 1204 navem
1474 1165 1657 1216 oportuit,

182 1224 267 1263 haec
306 1234 486 1278 egerunt,
506 1226 635 1265 statim
669 1228 717 1265 ab
751 1240 798 1265 eo
826 1227 908 1278 ipso
936 1227 1044 1278 quod
1071 1228 1237 1278 primum
1267 1227 1452 1278 scriptum
1486 1227 1559 1264 fuit
1588 1239 1654 1263 au-

184 1287 321 1338 spicati
343 1288 540 1339 negligere
560 1294 601 1326 et
618 1301 697 1326 non
712 1296 898 1339 praestare
919 1302 965 1327 ea
985 1302 1074 1340 quae
1097 1289 1241 1340 scripta
1263 1294 1368 1326 sunt.

236 1351 274 1388 5.
291 1349 390 1389 Post
403 1350 503 1397 haec,
521 1350 558 1388 in
577 1350 800 1402 syngrapha
819 1351 1053 1401 continetur,
1070 1350 1326 1402 oppignerare
1342 1362 1407 1387 eos
1423 1348 1508 1387 haec
1523 1349 1658 1396 libera,

182 1425 272 1450 cum
290 1411 434 1450 nemini
455 1412 665 1463 quicquam
685 1412 867 1458 debeant,
887 1419 926 1450 et
948 1412 998 1450 ad
1013 1425 1058 1450 ea
1075 1412 1199 1449 mutui
1219 1418 1449 1462 accepturos
1471 1424 1493 1448 a
1506 1411 1658 1448 nemine

181 1473 402 1525 quicquam.
461 1474 560 1512 Haec
576 1474 717 1525 apertis
739 1473 879 1531 verbis,
898 1474 1074 1520 Judices,
1097 1474 1243 1525 scripta
1263 1480 1368 1511 sunt.
1409 1473 1463 1510 At
1483 1472 1546 1510 isti
1565 1471 1659 1522 quid

181 1535 384 1575 fecerunt?
432 1535 625 1587 Neglecta
661 1528 895 1588 syngraphae
929 1536 1133 1588 scriptura,
1167 1527 1397 1574 mutuantur
1433 1549 1456 1573 a
1489 1535 1658 1586 quodam

182 1597 449 1644 adolescente,
470 1611 553 1648 >per
584 1597 776 1644 fraudem,
809 1598 922 1649 quasi
954 1598 1099 1636 nemini
1128 1598 1336 1649 quicquam
1361 1597 1575 1640 deberent;
1608 1603 1659 1641 et,

182 1674 271 1698 cum
303 1660 414 1698 nobis
447 1658 625 1710 injuriam
651 1659 842 1705 fecerunt,
861 1660 964 1698 clam
998 1660 1048 1698 ad
1079 1667 1215 1698 nostra
1237 1659 1417 1706 mutuati,
1438 1666 1519 1697 tum
1553 1659 1660 1696 illum

182 1721 472 1760 adolescentem
505 1720 737 1759 creditorem
769 1721 1024 1773 deceperunt,
1044 1722 1093 1760 ad
1119 1734 1268 1759 merces
1295 1734 1374 1759 non
1402 1721 1543 1759 liberas
1575 1733 1660 1758 mu-

183 1783 294 1822 tuati.
352 1783 463 1821 Talia
493 1790 586 1821 sunt
616 1783 779 1820 istorum
810 1783 1004 1829 facinora3
1033 1783 1103 1822 sed
1132 1783 1210 1821 doli
1231 1796 1366 1821 omnes
1388 1790 1479 1821 sunt
1507 1782 1658 1820 Lacriti.
1711 1800 1719 1809 ἡ

184 1846 240 1884 Ut
270 1852 401 1883 autem
434 1858 524 1891 vera
557 1858 619 1883 me
649 1844 792 1891 dicere,
813 1851 853 1883 et
878 1846 997 1883 istum
1029 1846 1186 1897 insuper
1224 1852 1363 1884 contra
1397 1844 1659 1897 syngrapham

182 1913 403 1946 mutuatum
436 1921 522 1946 esse
552 1914 722 1952 constet,
761 1906 1024 1946 testimonium
1064 1908 1176 1947 vobis
1216 1906 1440 1946 recitabitur
1476 1907 1557 1958 ejus
1596 1907 1660 1957 qui

183 1976 323 2022 postea
341 1969 544 2008 mutuavit.
603 1969 742 2007 Recita
761 1969 1038 2007 testimonium.

714 2109 1124 2166 TESTIMONIUM.

229 2203 344 2234 Aratus
370 2203 630 2235 Halicarnasseus
659 2210 792 2235 testatur
819 2216 852 2236 se
876 2211 1034 2235 mutuasse
1051 2203 1244 2243 Apollodoro
1269 2204 1411 2234 undecim
1433 2204 1549 2243 argenti
1566 2204 1662 2234 minas

185 2256 224 2286 nd
244 2265 376 2291 merceS,
392 2266 469 2296 quas
485 2256 515 2286 in
532 2257 682 2296 Hyblesii
704 2268 782 2287 nave
798 2258 827 2286 in
846 2258 978 2286 Pontum
995 2256 1134 2290 veheret,
1154 2265 1293 2294 quasque
1316 2254 1359 2285 ibi
1382 2266 1440 2295 pro
1466 2256 1513 2285 his
1532 2255 1662 2286 coemis-

185 2312 251 2347 set3
274 2317 374 2347 neque
387 2309 485 2338 scisse
501 2318 534 2338 se
551 2308 649 2338 fuisse
663 2308 746 2338 illum
764 2312 935 2338 mutuatum
949 2309 987 2338 ab
1004 2307 1163 2337 Androcle
1178 2311 1351 2346 argentum.
1396 2307 1524 2346 Alioqui
1546 2318 1579 2337 se
1602 2318 1660 2338 non

185 2360 394 2391 mutuaturum
413 2359 510 2390 fuisse
527 2359 719 2400 Apollodoro
736 2366 907 2400 argentum.

187 2436 364 2474 Fraudes
384 2435 500 2487 igitur
515 2435 678 2474 istorum
697 2436 899 2474 hominum
920 2436 1146 2487 hujusmodi
1166 2442 1271 2473 sunt.

240 2499 278 2537 6.
309 2497 507 2549 Scriptum
539 2504 668 2536 autem
690 2505 749 2537 est
767 2505 854 2550 post
881 2498 981 2543 haec,
1003 2497 1181 2544 Judices,
1201 2498 1241 2535 in
1271 2499 1520 2550 syngrapha:
1551 2508 1659 2550 post-

185 2572 304 2611 quam
335 2560 374 2597 in
404 2558 533 2597 Ponto
563 2572 652 2610 quae
685 2560 829 2598 vehant
857 2559 1118 2606 vendiderint,
1143 2566 1188 2598 ut
1220 2560 1315 2598 alias
1349 2573 1500 2598 merces
1532 2569 1661 2599 emant

186 2634 405 2672 navemque
425 2628 589 2660 onerent
607 2634 733 2673 eaque
754 2634 873 2660 onera
897 2622 1078 2660 Athenas
1099 2622 1339 2673 pervehant3
1371 2629 1422 2668 et,
1453 2622 1517 2660 ubi
1539 2623 1659 2661 Athe-

186 2696 257 2722 nas
279 2684 543 2736 pervenerint,
563 2690 609 2722 ut
633 2684 735 2723 intra
753 2684 986 2735 vigesimum
1016 2684 1118 2722 diem
1147 2684 1290 2722 lectum
1317 2684 1424 2721 nobis
1458 2692 1662 2735 argentum

188 2745 366 2793 reddant,
396 2752 604 2797 antequam
640 2753 770 2784 autern
801 2746 1058 2793 reddiderint,
1096 2747 1135 2784 in
1173 2753 1309 2784 nostra
1342 2753 1537 2797 potestate
1576 2761 1661 2786 esse

188 2819 336 2846 merces
365 2820 500 2846 omnes
533 2821 679 2859 easque
720 2808 910 2846 immunes
942 2810 990 2847 ab
1021 2808 1081 2847 his
1115 2808 1356 2860 praestandas
1389 2809 1516 2855 nobis,
1537 2809 1661 2848 donec

188 2875 363 2907 nostrum
400 2869 671 2921 receperimus
745 2871 844 2909 Haec
876 2871 931 2908 ita
964 2878 1143 2909 accurate
1176 2870 1215 2907 in
1249 2870 1473 2921 syngrapha
1520 2872 1662 2923 scripta

191 2937 306 2969 sunt:
334 2930 399 2969 isti
427 2938 570 2978 autem,
599 2932 777 2980 Jndices,
808 2932 870 2971 hic
894 2933 952 2971 vel
984 2933 1021 2971 in
1050 2934 1183 2984 primis
1224 2932 1469 2971 insolentiam
1497 2946 1605 2971 suam
1628 2942 1665 2972 et

190 2992 467 3044 impudentiam
500 2994 769 3042 ostenderunt,
790 3009 862 3034 nec
896 2997 1110 3047 perscripta
1142 2996 1177 3033 in
1211 2995 1433 3047 syngrapha
1463 2997 1521 3034 xcl
1556 2997 1663 3033 mini-
