1915 3356
548 180 773 219 CONTRA
806 180 1168 220 TIMARCHUM.
1542 181 1594 217 25

131 280 256 325 fietis:
284 294 419 320 omnes
444 282 545 321 enim
571 283 728 322 honoris
749 283 894 335 publici
921 289 1163 334 appetentes,
1192 284 1357 335 gloriam
1382 296 1423 322 se
1449 295 1473 320 a
1490 283 1596 320 bona.

130 342 232 381 fama
261 351 537 382 consecuturos
568 346 823 384 arbitrantur:
856 357 1020 394 quorum
1055 353 1182 382 autem
1213 346 1292 383 vita
1317 344 1440 395 turpis
1464 351 1538 391 est,
1570 343 1596 380 ii

132 417 208 441 non
229 404 420 443 honorant
448 406 547 443 hanc
568 407 692 452 deam,
714 414 756 443 ut
776 419 892 456 quam
912 406 1167 443 immortalem
1195 407 1360 444 habituri
1382 407 1460 444 sint
1478 419 1594 444 accu-

131 465 324 504 satricem.
372 467 645 505 Recordamini
664 480 757 517 ergo
777 467 931 517 qualem
953 467 1000 505 de
1027 467 1235 505 Timarcho
1256 468 1397 505 famam
1415 466 1596 506 audiatis.

132 528 274 567 Nonne
293 529 422 567 statim
443 529 574 567 audito
590 530 746 566 nomine
762 529 921 579 rogatis,
937 529 1022 580 quis
1035 529 1289 567 Timarchus?
1321 530 1422 566 Num
1444 529 1509 566 ille
1524 529 1595 565 im-

129 590 322 640 pudicus?
350 591 440 628 Jam
462 591 494 627 si
511 589 560 627 de
586 603 625 627 re
647 590 776 641 aliqua
794 598 915 628 testes
935 591 1225 642 produxissem,
1246 590 1456 628 crederetis
1476 590 1594 627 mihi:

131 658 170 690 at
201 652 267 690 ubi
291 652 406 690 deam
434 651 655 702 produxero
681 659 833 698 testem,
861 666 938 690 non
960 652 1152 690 credetis?
1183 653 1228 689 In
1248 664 1364 702 quam
1385 651 1444 688 vel
1474 650 1596 688 solam

129 713 220 752 falsi
248 712 455 751 testimonii
481 713 582 751 actio
614 727 692 752 non
714 715 910 766 competit.
960 714 1065 751 Nam
1099 714 1204 764 quod
1234 714 1348 751 etiam
1376 712 1426 751 ad
1450 712 1597 750 Demo-

129 775 276 814 sthenis
297 782 599 826 cognomentum
620 776 769 822 attinet,
791 790 867 814 non
887 777 989 814 male
1010 783 1115 814 certe
1133 776 1291 826 quidem
1312 776 1358 820 is,
1378 774 1483 813 haud
1505 786 1598 811 sane

130 851 153 876 a
171 838 335 884 nutrice,
353 851 486 876 verum
502 851 525 875 a
543 838 648 876 fama
668 839 830 876 Batalus
852 839 1092 890 appellatur:
1125 851 1269 876 nomen
1299 838 1338 875 id
1366 850 1415 875 ex
1436 835 1599 873 mollitie

127 899 310 950 quadam,
330 906 372 938 et
389 899 558 950 indignis
576 900 657 938 viro
677 901 854 938 modesto
875 901 1052 951 gestibus
1074 908 1293 939 assecutus.
1325 900 1368 936 Si
1389 899 1474 950 quis
1495 896 1598 935 enim

125 961 194 999 tibi
207 961 407 1012 elegantes
428 961 522 1000 istas
542 961 662 1000 laenas
682 962 854 1008 avulsas,
870 970 909 1000 et
926 963 1060 1000 molles
1075 962 1286 1007 tuniculas,
1301 962 1338 999 in
1357 961 1497 1011 quibus
1512 959 1597 996 illas

127 1023 167 1061 in
187 1023 333 1062 amicos
353 1024 550 1062 orationes
571 1024 720 1070 scribis,
742 1025 882 1063 allatas
899 1025 1096 1075 judicibus
1112 1025 1150 1062 in
1171 1038 1309 1062 manus
1326 1023 1470 1067 tradat,
1491 1021 1598 1072 equi—

129 1085 217 1124 dem
232 1085 395 1124 arbitror
414 1099 495 1132 eos,
516 1086 590 1124 nisi
610 1087 828 1136 praemoniti
848 1087 1005 1132 fuerint,
1027 1087 1286 1131 dubitaturos,
1301 1086 1422 1122 virine
1443 1097 1493 1122 an
1513 1097 1599 1120 mu-

129 1146 232 1185 lieris
251 1153 401 1184 vestem
421 1146 680 1196 accepissent.

181 1209 246 1244 28.
277 1207 324 1243 In
344 1220 475 1244 causae
494 1220 608 1255 porro
630 1207 799 1244 dictione
821 1207 1040 1245 adscendet
1060 1207 1176 1245 etiam
1198 1208 1406 1258 imperator
1426 1206 1598 1257 quidam,

126 1274 172 1306 ut
188 1267 319 1312 audio,
341 1267 564 1317 resupinato
583 1266 691 1303 vultu
711 1279 798 1304 sese
818 1276 1060 1318 respectans,
1083 1276 1123 1306 ut
1141 1269 1178 1305 in
1195 1268 1387 1319 palaestris
1408 1274 1447 1305 et
1464 1268 1600 1318 hujus-

127 1328 232 1367 modi
269 1327 609 1366 exercitationibus
640 1334 846 1367 versatus:
877 1329 941 1379 qui
971 1329 1290 1367 constitutionem
1323 1330 1442 1366 totius
1469 1341 1600 1366 causae

129 1390 349 1429 convellere
377 1390 534 1435 nitetur,
554 1403 616 1427 me
646 1402 724 1427 non
739 1390 933 1440 judicium
956 1391 1143 1437 dictasse,
1165 1391 1232 1429 sed
1253 1403 1406 1441 magnae
1433 1390 1600 1427 inscitiae

126 1452 358 1504 principium
378 1458 606 1502 apportasse
626 1451 785 1489 dicens:
817 1465 862 1489 ac
888 1452 1050 1502 primum
1079 1452 1400 1491 commemorabit
1422 1452 1525 1489 viros
1551 1451 1600 1489 de

128 1514 239 1552 vobis
259 1513 532 1557 benemeritos,
553 1513 811 1567 Harmodium
842 1520 881 1551 et
901 1514 1223 1564 Aristogitonem,
1249 1526 1461 1563 eorumque
1481 1513 1601 1550 fidem

130 1582 318 1620 mutuam,
337 1582 377 1612 et
395 1581 628 1612 consecutas
649 1587 695 1611 ex
716 1588 762 1612 ea
773 1574 997 1625 reipublicae
1013 1575 1198 1613 utilitates
1215 1589 1224 1613 :
1256 1588 1383 1625 neque
1405 1574 1536 1618 etiam,
1558 1581 1604 1612 ut

131 1637 252 1680 aiunt,
273 1636 434 1674 Homeri
452 1636 628 1676 versibus
662 1636 884 1683 abstinebit,
915 1644 984 1675 aut
1003 1637 1168 1675 heroicis
1198 1636 1431 1682 nominibus,
1461 1636 1531 1674 sed
1563 1642 1604 1674 et

130 1698 294 1736 Achillis
309 1705 348 1736 et
367 1698 536 1737 Patrocli
549 1705 678 1743 ‚ortam
699 1712 747 1736 ex
769 1712 899 1736 amore
920 1699 1141 1745 amicitiam,
1164 1705 1206 1736 ut
1224 1699 1359 1743 fertur,
1377 1697 1602 1744 celebrabit,

127 1766 168 1798 et
182 1760 364 1806 sormam,
379 1760 595 1810 quasivero
610 1773 656 1798 ea
669 1772 745 1798 non
763 1760 853 1798 olim
874 1760 912 1798 in
928 1761 1126 1798 felicitatis
1142 1773 1302 1798 numero
1326 1766 1492 1810 ponatur
1512 1773 1603 1797 cum

127 1821 322 1859 modestia
347 1821 573 1872 conjuncta,
600 1835 704 1859 nunc
724 1821 911 1859 laudabit,
949 1822 1050 1859 Nam
1081 1822 1111 1859 si
1140 1821 1337 1860 calumnia
1357 1820 1602 1871 quorundam

129 1882 281 1927 efficiet,
300 1889 345 1920 ut
362 1883 533 1933 corporis
549 1883 668 1921 decor
683 1883 878 1932 aliquibus
898 1883 1111 1921 calamitati
1129 1884 1192 1930 sit,
1209 1897 1287 1920 non
1302 1896 1349 1920 ea.
1361 1896 1430 1920 vos
1445 1882 1603 1933 publice

131 1945 358 1983 decreturos
377 1944 524 1990 dicent,
544 1958 632 1994 quae
661 1945 837 1995 privatim
860 1945 1066 1995 exoptetis.
1108 1945 1339 1983 Absurdum
1361 1945 1463 1982 enim
1484 1944 1606 1982 videri

132 2007 219 2052 sibi,
238 2018 328 2043 cum
344 2018 481 2043 omnes
502 2019 571 2043 vos
586 2005 716 2043 liberis
733 2019 889 2055 operam
910 2007 1053 2051 daturi,
1069 2013 1159 2043 vota
1173 2006 1337 2051 faciatis,
1361 2013 1404 2043 ut
1424 2005 1490 2042 filii
1507 2019 1604 2043 non-

132 2068 224 2106 dum
251 2066 329 2104 nati
350 2067 474 2104 forma
492 2073 738 2117 praestantes,
755 2073 794 2103 et
812 2067 968 2103 civitate
991 2067 1097 2116 digni
1118 2066 1313 2103 evadant:
1346 2079 1412 2103 eos
1435 2067 1501 2116 qui
1522 2067 1605 2118 jam

133 2129 214 2166 nati
233 2134 340 2173 sunt,
361 2140 459 2178 quos
480 2127 755 2178 rempublicam
778 2127 883 2165 laudi
904 2127 975 2165 sibi
1001 2128 1145 2164 ducere
1166 2128 1386 2173 conveniat,
1418 2128 1450 2165 si
1470 2127 1604 2165 formae

131 2189 329 2242 elegantia
341 2196 583 2241 praestantes,
597 2190 750 2240 aliquos
766 2190 806 2227 in
821 2190 881 2227 sui
895 2190 1192 2227 admirationem
1206 2196 1448 2236 convertant,
1461 2197 1499 2227 et
1512 2203 1605 2228 con-

131 2253 305 2291 tentione
324 2252 494 2302 quadam
512 2252 650 2290 amoris
664 2259 907 2303 expetantur,
925 2265 948 2290 a
963 2252 1071 2289 vobis
1088 2251 1264 2289 AEschini
1284 2251 1480 2289 obsecutis
1494 2251 1605 2301 igno-

133 2314 254 2354 minia
273 2314 410 2352 notari.
449 2313 499 2351 Et
516 2314 590 2351 hoc
609 2313 649 2351 in
670 2314 770 2360 loco,
793 2322 833 2351 ut
855 2314 986 2361 audio,
1009 2327 1069 2352 me
1093 2327 1248 2365 quoque
1269 2315 1520 2364 perstringet,
1545 2328 1606 2352 ro-

135 2377 276 2428 gitans,
290 2389 340 2414 an
358 2389 419 2413 me
439 2388 516 2412 non
534 2376 694 2426 pudeat,
717 2390 804 2414 cum
826 2377 908 2427 ipse
928 2377 966 2414 in
989 2377 1200 2427 gymnasiis
1221 2376 1416 2426 frequens,
1432 2384 1468 2413 et
1488 2377 1606 2426 pluri-

135 2451 283 2476 morum
301 2450 433 2475 amore
452 2444 592 2487 captus
613 2438 764 2484 fuerim,
782 2451 866 2476 eam
884 2452 962 2476 rem
983 2438 1142 2476 efficiam
1161 2438 1458 2489 ignominiosam
1481 2446 1520 2475 et
1539 2451 1606 2489 pe-

132 2499 362 2542 riculosam;
384 2506 597 2550 postremo,
610 2506 652 2537 ut
661 2499 820 2550 quidam
835 2500 927 2537 mibi
941 2500 1140 2545 nunciant,
1153 2513 1223 2538 vos
1237 2500 1283 2537 ad
1300 2500 1417 2536 risum
1432 2507 1606 2549 etnugas

135 2562 357 2607 cohortans,
378 2574 420 2598 se
441 2560 549 2598 vobis
577 2568 879 2599 monstraturum
910 2563 1027 2605 dicet,
1047 2575 1161 2613 quam
1193 2562 1315 2599 multa
1349 2561 1384 2597 in
1415 2561 1608 2610 quosdam

136 2624 324 2662 amatoria
350 2628 533 2674 poemata
553 2622 733 2659 fecerim:
764 2635 809 2660 ac
832 2629 952 2660 testes
975 2623 1255 2673 producturum
1276 2622 1533 2672 pollicebitur,
1559 2622 1608 2660 de

137 2684 321 2724 conviciis
349 2697 396 2722 ac
418 2684 640 2722 verberibus
661 2685 709 2722 ob
731 2697 815 2722 eam
845 2698 921 2722 rem
942 2685 1035 2722 mihi
1058 2685 1185 2723 factis.
1222 2685 1307 2734 Ego
1328 2696 1415 2721 vere
1448 2696 1517 2720 nec
1539 2683 1608 2721 ho-

137 2753 291 2785 nesturn
311 2757 480 2783 amorem
510 2746 768 2796 reprehendo,
795 2759 920 2796 neque
946 2746 1122 2784 homines
1143 2747 1264 2784 forma
1284 2752 1514 2796 praestantes
1539 2745 1611 2782 im-

135 2808 334 2861 pudicitiae
354 2821 489 2859 arguo,
509 2822 581 2847 nec
597 2809 680 2859 ipse
698 2809 844 2846 inficias
863 2822 923 2854 eo,
945 2822 1002 2846 me
1024 2822 1258 2859 propensum
1281 2821 1366 2845 esse
1381 2808 1430 2845 ad
1445 2820 1609 2854 amores,

138 2884 265 2922 neque
287 2869 401 2908 etiam
421 2870 691 2909 aemulationes
722 2878 761 2908 et
780 2883 932 2921 pugnas
953 2883 1040 2908 cum
1060 2871 1160 2915 aliis,
1180 2870 1294 2908 hodie
1315 2882 1470 2920 quoque
1493 2882 1541 2907 ex
1565 2883 1611 2908 ea

137 2946 182 2971 re
193 2932 288 2972 oriri
305 2930 455 2978 solitas,
474 2938 514 2970 et
530 2931 622 2970 mihi
642 2932 833 2971 accidisse
853 2944 966 2982 nego.
997 2932 1061 2970 De
1081 2932 1272 2982 poematis
1295 2938 1424 2969 autem
1445 2943 1610 2981 quaehme

840 2995 862 3017 *
893 3005 914 3028 E
