1948 3306
303 158 362 195 286
802 156 857 194 IN
900 156 1345 195 CTESIPHONTEM.

302 257 442 308 juncta
461 269 541 295 non
561 256 700 307 diligit,
718 270 787 295 vos
808 258 926 308 pluris
942 258 1059 295 saciet
1078 258 1227 295 alienos
1244 271 1253 300 ;
1282 270 1496 307 nunquam,
1515 259 1580 308 qui
1599 259 1776 309 privatim

307 319 429 356 malus
450 325 522 364 est,
543 318 699 369 publice
720 320 820 370 frugi
839 320 923 364 erit,
946 332 1073 369 neque
1094 331 1280 369 unquam,
1300 319 1364 369 qui
1387 318 1488 356 domi
1509 333 1676 370 nequam
1692 320 1778 367 suit,

306 380 345 417 in
370 381 605 418 Macedonia
624 380 776 431 legatus
797 389 879 418 erat
899 381 1048 432 integer
1067 387 1106 419 et
1126 381 1290 419 eximius
1308 393 1317 418 z
1348 393 1424 418 non
1441 381 1544 418 enim
1563 381 1777 431 ingenium,

307 442 376 478 sed
397 442 527 479 locum
548 449 698 480 tantum
720 443 893 480 mutavit.

361 505 425 540 30.
459 503 573 542 Unde
593 504 709 555 igitur
727 505 777 542 ad
806 513 883 541 tam
905 503 1097 541 diversum
1117 517 1240 541 rerum
1263 510 1409 542 statum
1428 504 1776 555 pervenerit—hoc

304 563 407 602 enim
430 566 647 603 secundum
670 574 824 617 tempus
857 571 1012 603 est--et
1031 579 1118 616 quae
1140 567 1300 604 tandem
1319 579 1436 604 causa
1459 566 1520 611 sit,
1550 579 1617 604 cur
1643 565 1777 603 Philo·

303 633 445 673 crates,
465 627 603 665 iisdem
633 628 726 678 ipsis
758 629 872 665 rebus
908 640 995 665 cum
1026 627 1289 666 Demosthene
1322 627 1476 679 publice
1505 627 1642 678 gestis,
1670 626 1776 664 laesae
1829 675 1834 686 ἱ

304 688 520 739 majestatis
542 689 762 740 postulatus
785 696 823 727 et
853 689 892 726 in
925 689 1103 726 exsilium
1135 696 1245 727 actus
1277 689 1338 734 sit,
1369 689 1658 728 Demosthenes
1688 702 1778 727 vero

307 751 424 788 etiam
452 752 613 789 aliorum
647 752 758 789 nobis
788 751 976 789 exstiterit
1006 758 1225 797 accusator,
1259 751 1428 802 denique
1458 765 1627 802 quonam
1658 757 1775 803 pacto

303 810 420 849 homo
440 813 718 863 impurissimus
749 814 787 851 in
814 826 1005 851 aerumnas
1033 813 1152 851 hasce
1175 826 1307 851 omnes
1336 827 1406 851 nos
1435 813 1659 864 conjecerit,
1688 812 1776 850 haec

296 875 377 920 Jam
397 873 458 910 vel
487 874 525 910 in
546 874 677 924 primis
699 888 825 925 operae
845 875 1011 926 pretium
1032 881 1092 912 est
1111 875 1258 912 audire.
1305 875 1362 912 ‘Ut
1381 875 1547 926 primum
1568 874 1775 925 Philippus

301 934 405 972 intra
433 935 551 987 Pylas
571 937 1023 989 penetravit‚lurbesque
1049 937 1309 975 Phocensium
1330 943 1469 987 praeter
1494 937 1665 974 omnium
1694 937 1776 987 opi-

301 996 456 1035 nionem
477 998 631 1045 delevit,
652 998 857 1036 Thebanos
893 1006 1024 1035 autem
1052 999 1289 1048 potentiores
1316 1012 1448 1048 quam,
1478 1004 1523 1036 ut
1551 1005 1634 1036 tum
1665 999 1775 1037 vobis

300 1059 520 1105 videbatur,
538 1066 715 1110 tempora
733 1066 771 1097 et
791 1059 999 1097 commoda
1013 1064 1142 1096 vestra
1158 1059 1334 1096 ferebant
1347 1059 1488 1106 effecit,
1503 1073 1590 1098 curn
1605 1074 1676 1099 vos
1691 1074 1775 1111 per-

297 1120 419 1158 territi
439 1122 540 1171 agris
562 1122 705 1159 relictis
726 1134 822 1159 vasa
841 1120 1090 1171 colligeretis,
1113 1127 1152 1158 et
1172 1121 1397 1171 gravissime
1417 1123 1702 1159 accusabantur
1719 1123 1775 1160 le-

298 1183 381 1232 gati
396 1183 461 1233 qui
477 1183 524 1220 de
539 1196 637 1234 pace
657 1181 832 1234 egerant,
854 1196 935 1234 prae
955 1183 1108 1221 caeteris
1128 1189 1258 1220 tamen
1275 1182 1453 1220 omnibus
1476 1183 1716 1221 Philocrates
1737 1190 1777 1222 et

301 1243 608 1291 Demosthenes,
627 1245 769 1296 quippe
789 1245 855 1295 qui
875 1258 955 1283 non
975 1245 1101 1283 solnm
1121 1244 1357 1296 legationem
1374 1244 1550 1283 obierant
1565 1244 1634 1283 sed
1650 1251 1689 1282 et
1704 1246 1772 1284 de-

298 1312 405 1343 creta
424 1306 751 1357 conscripserant,
775 1313 814 1345 et
833 1307 906 1344 sub
926 1307 1001 1344 hoc
1021 1319 1136 1357 porro
1159 1313 1307 1357 tempus
1327 1312 1461 1344 natum
1481 1314 1542 1344 est
1567 1306 1773 1345 dissidium

298 1367 457 1418 aliquod
478 1368 575 1406 inter
606 1368 913 1407 Demosthenem
946 1375 987 1406 et
1006 1368 1268 1406 Philocratem
1299 1368 1344 1406 iis
1376 1367 1456 1406 fere
1486 1368 1535 1405 de
1564 1369 1693 1414 rebus,
1723 1368 1772 1407 de

292 1429 439 1479 ⁴quibu-s
461 1430 576 1466 etiam
597 1442 666 1467 vos
688 1443 755 1467 eos
776 1429 877 1467 inter
906 1443 947 1467 se
969 1429 1178 1468 dissentire
1201 1429 1636 1480 suspicabamini,——his
1655 1430 1773 1481 igitur

296 1490 421 1527 turbis
443 1491 636 1538 excitatis,
669 1491 947 1529 accedentibus
969 1492 1085 1529 etiam
1107 1491 1232 1529 insitis
1253 1491 1287 1529 ei
1308 1491 1408 1529 vitiis
1439 1497 1479 1529 et
1502 1491 1657 1538 innatis,
1679 1505 1772 1530 con-

294 1551 382 1589 silia
404 1552 487 1603 jam
507 1552 598 1590 inde
619 1553 740 1600 inivit,
769 1567 857 1604 quae
890 1553 963 1606 ipsi
990 1553 1190 1604 suggessit
1217 1553 1402 1592 timiditas
1432 1559 1471 1591 et
1501 1553 1770 1592 Philocraticae

295 1611 512 1664 largitionis
536 1614 694 1660 invidia,
717 1615 1041 1667 existimavitque,
1063 1616 1095 1653 si
1115 1629 1248 1653 eorum
1267 1616 1501 1666 quibuscum
1520 1628 1600 1653 una
1617 1616 1771 1667 legatus

294 1674 422 1713 fuerat
441 1682 481 1713 et
510 1675 679 1728 Philippi
700 1684 971 1716 accusatorem
993 1691 1034 1716 se
1055 1677 1292 1729 praestiterit,
1320 1678 1582 1716 Philocratem
1609 1678 1770 1728 quidem

294 1736 392 1774 citra
411 1737 571 1776 dubium
599 1740 828 1790 periturum,
850 1747 887 1778 et
907 1740 1076 1792 reliquos
1097 1740 1256 1792 ,legatos
1284 1741 1322 1778 in
1342 1740 1551 1779 discrimen
1571 1739 1770 1787 venturos,

294 1811 336 1836 se
357 1812 447 1837 vero
468 1800 630 1851 gloriam
649 1810 952 1840 consecuturum
973 1809 1026 1848 et,
1050 1801 1259 1841 amicorum
1279 1803 1455 1854 proditor
1473 1816 1562 1841 cum
1586 1809 1692 1841 esset
1711 1808 1770 1841 at-

293 1873 370 1911 que
390 1860 601 1912 improbus,
632 1864 749 1902 animi
779 1871 909 1902 tamen
938 1864 975 1901 in
1005 1865 1193 1915 populum
1221 1864 1437 1902 fidelissimi
1467 1865 1634 1914 speciem
1658 1864 1769 1901 habi-

293 1928 435 1961 turum.
485 1924 608 1974 Cujus
629 1924 793 1963 consilia
812 1939 901 1962 cum
921 1927 1209 1975 perspexissent
1226 1926 1251 1962 ii
1272 1926 1338 1977 qui
1358 1926 1677 1976 tranquillitatem
1699 1938 1768 1976 pu-

292 1983 435 2021 blicam
467 1986 764 2035 oppugnabant,
804 1986 915 2023 avide
950 1998 1035 2022 eum
1070 1988 1325 2024 accersebant
1349 1987 1389 2024 in
1410 1993 1655 2037 suggestum,
1676 1988 1768 2025 hunc

293 2045 421 2083 solum
440 2046 478 2083 in
507 2046 663 2084 civitate
686 2053 836 2084 castum
869 2053 986 2097 atque
1008 2047 1272 2098 incorruptum
1306 2048 1592 2098 praedicantes:
1625 2049 1658 2087 is
1675 2063 1766 2088 vero

291 2121 527 2158 progressus
558 2108 597 2145 in
627 2109 797 2146 medium
819 2108 929 2146 initia
951 2109 1006 2146 eis
1036 2109 1342 2147 subministravit
1361 2109 1455 2147 belli
1485 2123 1531 2148 ac
1559 2112 1765 2150 tumultus.

293 2168 369 2206 Hic
388 2169 452 2207 ille
473 2175 546 2215 est,
569 2170 841 2215 AthenIenses,
873 2170 938 2222 qui
966 2171 1113 2222 primus
1141 2171 1312 2209 Serrium
1342 2184 1508 2219 murum,
1538 2172 1764 2220 Doriscum,

292 2229 509 2281 Ergiscam,
533 2232 789 2283 Murgiscam,
807 2232 942 2271 Ganos
964 2239 1003 2271 et
1023 2233 1219 2271 Ganidem
1240 2234 1402 2281 invenit,
1421 2234 1510 2272 loca
1528 2248 1693 2285 quorum
1712 2248 1763 2274 ne

288 2292 446 2330 nomina
464 2293 622 2342 quidem
643 2301 757 2332 antea
776 2307 1024 2333 noveramus.
1056 2295 1195 2346 quue
1223 2295 1381 2334 tandem
1407 2309 1466 2334 res
1491 2303 1645 2335 nostras
1673 2298 1761 2336 red-

289 2354 383 2404 egit,
405 2361 449 2391 ut
468 2354 499 2391 si
518 2355 676 2404 quidem
698 2356 900 2408 Philippus
930 2357 1084 2408 legatos
1113 2370 1193 2395 non
1213 2357 1395 2404 mitteret,
1419 2358 1615 2396 contemni
1647 2359 1696 2396 ab
1716 2371 1762 2396 eo

288 2414 487 2453 civitatem
507 2423 695 2463 nostram,
716 2418 775 2455 sin
795 2419 976 2465 mitteret,
999 2419 1276 2470 exploratores,
1296 2433 1375 2458 non
1401 2420 1564 2471 legatos,
1584 2420 1684 2458 mitti
1704 2421 1763 2458 di-

288 2484 420 2521 ceret3
453 2477 485 2516 si
504 2479 624 2517 vellet
635 2479 710 2529 >ille
737 2480 881 2518 civitati
902 2481 1016 2519 alicui
1038 2495 1162 2531 aequae
1182 2488 1221 2520 et
1240 2482 1278 2519 in
1299 2489 1476 2520 neutram
1503 2489 1651 2534 partem
1671 2496 1760 2533 pro-

285 2552 420 2590 pensae
440 2540 722 2579 controversias
744 2541 1022 2593 disceptandas
1042 2543 1279 2594 permittere,
1301 2545 1473 2595 negabat
1496 2545 1618 2582 ullum
1649 2545 1759 2583 nobis

285 2608 326 2639 et
345 2601 525 2653 Philippo
546 2616 700 2653 aequum
715 2604 888 2655 judicem
917 2605 1073 2656 reperiri
1092 2618 1222 2656 posse.
1253 2607 1386 2645 Dabat
1402 2607 1466 2644 ille
1487 2607 1757 2645 Halonesum:

285 2664 444 2701 vetabat
472 2664 534 2702 hic
556 2665 747 2717 accipere,
769 2668 800 2705 si
821 2667 939 2706 modo
959 2668 1124 2714 dederit,
1155 2669 1230 2706 nisi
1258 2669 1375 2708 etiam
1404 2676 1445 2707 et
1472 2669 1679 2717 dediderit,
1708 2671 1757 2709 de

287 2725 446 2776 syllabis
467 2726 616 2765 scilicet
635 2727 858 2767 altercatus.
892 2730 1110 2776 Postremo,
1130 2744 1219 2769 cum
1239 2731 1528 2770 Aristodemum
1551 2732 1758 2784 sociosque

283 2786 366 2837 ejus
387 2788 452 2838 qui
483 2787 727 2828 Thessaliam
747 2798 786 2829 et
806 2792 1053 2843 Magnesiam
1074 2799 1211 2831 contra
1228 2793 1336 2845 pacis
1364 2794 1515 2833 foedera
1534 2794 1757 2834 invaserant

282 2849 650 2901 coronagdonasset,
669 2866 806 2905 pacem
826 2854 960 2906 utique
989 2854 1155 2904 diremit,
1175 2855 1437 2896 calamitatem
1457 2849 1569 2896 nobis
1587 2856 1752 2897 bellurn-

280 2923 354 2960 que
377 2912 589 2953 suscitavit.
