1981 3356
583 220 872 260 ADVERSUS
908 218 1312 260 PHORMIONEM.
1603 224 1678 261 531

216 321 489 361 Phormionem
517 323 611 363 nihil
641 324 741 375 aequi
768 336 897 375 agere,
926 336 999 361 nec
1027 330 1206 361 mutuum
1234 323 1393 363 reddere
1423 335 1681 375 conquerens,

211 384 408 435 simulque
423 398 532 437 rogo,
554 387 719 424 sciretne
738 386 803 424 ubi
823 392 942 431 esset,
962 391 1005 423 ut
1024 384 1217 423 hominem
1238 398 1418 424 vocarem
1443 386 1481 423 in
1502 386 1583 438 jus.
1640 385 1681 423 Is

214 459 305 484 vero
325 448 435 497 sequi
460 461 520 486 me
540 448 665 498 jubet,
685 453 724 485 et
741 447 791 485 ad
812 448 993 485 tabernas
1016 445 1296 497 unguentarias
1316 459 1404 484 eum
1423 446 1682 498 deprehendi-

212 520 315 545 mus.
371 509 456 559 Ego
474 508 684 547 viatoribus
701 507 882 546 adductis
903 507 1007 546 diem
1034 508 1069 545 ei
1095 507 1195 545 dico.
1254 506 1311 544 Ibi
1331 507 1501 558 Lampis,
1518 508 1680 546 Atheni—

210 581 342 616 enses,
357 582 444 608 cum
460 569 618 608 adesset
636 583 697 607 me
717 576 955 614 arcessente,
976 580 1170 619 nusquam
1189 567 1316 604 dicere
1337 579 1455 607 ausus
1476 575 1550 614 est,
1570 582 1611 606 se
1631 570 1680 607 ab

212 629 287 668 isto
306 629 500 680 recepisse
519 642 670 675 aurum,
691 643 818 678 neque
845 629 951 678 quod
980 628 1128 665 factum
1157 628 1341 679 oportuit,
1373 629 1405 665 C
1420 628 1446 665 h
1462 642 1478 665 r
1490 642 1513 680 y
1526 629 1605 680 sip
1618 644 1642 680 p
1656 643 1678 668 e

211 690 429 734 insanis,
459 689 596 739 inquit,
632 690 718 739 qui
746 689 904 726 istum
933 688 1098 738 injus
1127 688 1320 726 voces?
1376 689 1512 728 Mihi
1543 691 1677 728 enim

209 766 235 790 a
247 766 270 790 u
283 765 300 790 r
312 766 336 789 u
350 765 388 789 m
424 765 443 788 r
455 764 475 789 e
489 752 515 789 d
528 752 554 789 d
567 752 579 789 i
594 752 620 790 d
632 752 644 789 i
656 759 684 790 t.
741 751 882 802 Neque
902 764 992 790 vero
1023 751 1178 802 Lampis
1207 759 1359 790 tantum
1378 753 1471 790 nihil
1490 760 1551 792 est
1570 754 1675 792 locu-

210 820 288 859 tus,
309 813 380 851 sed
399 827 470 851 nec
495 813 567 851 iste
597 813 681 865 ipse
713 813 918 865 quicquam
946 813 1074 851 dicere
1105 813 1240 860 voluit,
1261 814 1443 853 adstante
1479 815 1678 866 Lampid'e,

207 875 272 913 cui
304 888 409 913 nunc
440 888 482 913 se
510 875 724 914 reddidisse
751 888 886 913 aurum
915 874 1021 913 dicit.
1081 874 1206 925 Atqui
1235 887 1306 925 par
1326 882 1410 913 erat
1427 888 1516 913 eum
1536 876 1678 923 dicere,

210 937 486 985 Athenienses,
537 937 670 989 quid
722 951 796 976 me
841 949 993 976 arces
1010 937 1095 984 sis,
1127 938 1261 975 bone
1306 937 1411 975 vir?
1453 938 1674 976 reddidi

208 1012 390 1037 aurum
440 999 539 1037 isti
581 999 672 1050 qui
722 999 817 1038 ads
834 1005 928 1046 tat,
959 1005 999 1037 et
1027 998 1142 1037 simul
1177 998 1424 1047 confitentem
1452 1000 1493 1038 id
1521 999 1676 1051 Lampi-

208 1061 298 1098 dem
329 1061 535 1099 exhibere:
577 1074 683 1099 nunc
712 1067 848 1099 neuter
882 1074 1013 1100 eornm
1048 1060 1257 1112 quicquam
1284 1061 1383 1100 dixit
1412 1075 1461 1101 eo
1494 1063 1677 1114 temporis

208 1124 383 1163 articulo.
415 1124 467 1162 Et
479 1136 541 1162 me
553 1137 645 1163 vera
663 1124 792 1163 dicere
812 1124 867 1162 uti
886 1131 1054 1170 constet,
1076 1137 1173 1176 cape
1193 1125 1456 1164 testimonium
1471 1126 1674 1164 viatorum.

710 1274 1117 1314 TESTlMoNIUM.

205 1369 326 1420 Cape·
339 1375 379 1406 et
407 1369 711 1415 accusationem,
731 1381 847 1419 quam
866 1369 905 1406 in
925 1382 1015 1407 eum
1035 1381 1139 1406 anno
1160 1368 1356 1419 superiore
1376 1369 1550 1408 institui:
1583 1383 1672 1421 quae

204 1430 266 1468 vel
285 1431 322 1467 in
343 1430 473 1481 primis
496 1438 724 1481 argumento
743 1438 818 1478 est,
838 1443 1040 1482 nunquam
1059 1429 1203 1471 dixisse
1224 1429 1500 1470 Phormionem
1532 1444 1576 1470 se
1603 1444 1673 1470 au-

203 1503 287 1529 rum
310 1490 484 1543 Lampidi
503 1491 732 1530 reddidisse.
770 1522 776 1531 ,

777 1635 1106 1674 ACCUSATIO.

202 1728 318 1766 Hanc
338 1728 627 1767 accusationem
648 1741 722 1779 ego
749 1728 909 1774 institui,
932 1729 1206 1777 Athenienses,
1229 1731 1338 1769 nulla
1366 1733 1442 1770 alia
1468 1745 1509 1771 re
1535 1733 1669 1782 fretus,

200 1803 317 1840 quam
335 1790 477 1828 nuncio
498 1790 710 1842 Lampidis‚
730 1790 795 1840 qui
812 1804 939 1841 neque
959 1804 1108 1830 merces
1129 1806 1218 1831 eum
1238 1794 1487 1844 imposuisse,
1508 1808 1582 1834 nec
1602 1808 1670 1833 au-

199 1865 285 1889 rum
307 1864 533 1890 numerasse
552 1852 722 1890 diceret:
753 1864 826 1890 nec
847 1853 949 1890 enim
968 1860 1107 1904 putare
1127 1854 1277 1892 debetis
1299 1867 1359 1892 me
1379 1855 1433 1893 ita
1460 1858 1670 1894 attonitum

199 1926 288 1951 esse
306 1919 346 1951 et
361 1926 518 1963 prorsus
538 1914 734 1958 insanum,
755 1920 799 1951 ut
817 1914 947 1960 talem,
965 1915 1244 1962 Athenienses,
1265 1917 1555 1956 accusationem
1577 1919 1670 1957 scri-

198 1978 344 2022 berem,
365 1976 512 2015 fatente
531 1976 725 2028 Lampide
743 1990 784 2014 se
806 1990 942 2015 aurum
971 1980 1178 2030 recepisse,
1208 1993 1232 2017 a
1249 1993 1328 2030 quo
1348 1992 1476 2018 essem
1503 1993 1670 2033 coargu-

199 2038 338 2076 endus.
397 2037 501 2081 Illud
532 2038 664 2089 etiam,
686 2038 965 2085 Athenienses,
999 2041 1267 2079 considerate:
1297 2041 1395 2079 istos
1426 2041 1532 2093 ipsos
1565 2056 1668 2082 anno

199 2100 409 2151 superiore,
429 2113 519 2139 cum
539 2101 808 2152 exceptionem
827 2110 1085 2152 opponerent,
1114 2103 1151 2140 in
1179 2116 1227 2141 ea
1252 2102 1482 2154 exceptione
1501 2105 1668 2142 scribere

198 2174 276 2199 non
296 2162 415 2200 fuisse
434 2175 566 2211 auSOS,
587 2175 630 2202 se
650 2175 787 2202 aurum
810 2163 986 2215 Lampidi
1007 2163 1241 2203 reddidisse.
1299 2165 1438 2204 Recita
1464 2165 1557 2204 mihi
1582 2177 1667 2204 eam

199 2223 484 2274 exceptionem.

787 2374 1077 2414 EXCEPTIO.

197 2462 366 2513 Auditis,
386 2465 664 2516 Athenienses,
691 2482 884 2521 nusquam
916 2470 956 2508 in
985 2472 1211 2523 exceptione
1245 2473 1445 2524 scriptum,
1465 2472 1665 2511 Phormio-

195 2538 285 2564 nem
310 2540 447 2566 aurum
482 2529 657 2581 Lampidi
689 2531 930 2570 reddidisse:
961 2534 1189 2584 praesertim,
1221 2547 1311 2572 cum
1343 2534 1382 2571 id
1416 2547 1490 2584 ego
1524 2534 1666 2584 apertis

195 2587 322 2626 verbis
354 2589 394 2627 in
421 2591 672 2630 accusatione
701 2605 833 2643 quam·
857 2593 974 2632 modo
1002 2595 1164 2633 audistis
1192 2595 1448 2645 scripsissem,
1479 2606 1567 2632 eum
1594 2607 1665 2632 nec

195 2651 346 2688 merces
376 2650 416 2688 in
450 2664 590 2690 navem
619 2652 864 2704 imposuisse,
886 2667 959 2693 nec
980 2655 1198 2693 reddidisse
1219 2667 1369 2692 aurum.
1427 2654 1523 2696 Quis
1548 2655 1664 2705 igitur

196 2709 305 2746 vobis
321 2710 418 2749 alius
435 2714 548 2751 testis
563 2715 856 2764 exspectandus
875 2722 947 2760 est,
964 2727 1051 2751 cum
1072 2720 1222 2752 tantum
1243 2715 1504 2753 testimonium
1521 2717 1569 2753 ab
1584 2717 1664 2756 istis

196 2765 287 2817 ipsis
307 2768 512 2821 habeatis?

249 2830 286 2866 7.
309 2829 410 2868 Cum
431 2844 520 2870 vero
536 2844 656 2872 causa
668 2833 750 2885 jam
767 2835 998 2886 ajudicibus
1017 2837 1291 2887 cognoscenda
1309 2844 1427 2884 esset,
1447 2839 1661 2890 precaban-

196 2894 257 2926 tur
287 2902 358 2930 nos
383 2898 428 2931 ut
455 2893 505 2932 ad
535 2894 719 2934 arbitrum
739 2896 907 2948 aliquem
928 2898 1159 2938 veniremus.
1219 2899 1303 2937 Nos
1333 2899 1447 2950 igitur
1469 2913 1547 2940 rem
1573 2912 1659 2953 per-
