1915 3356
590 214 812 255 CONTRA
844 215 1136 255 CONONEM.
1486 214 1560 250 721

655 402 1012 441 TESTIMONIA.

113 524 115 526 ·
155 509 195 546 5.
226 509 293 546 Me
312 508 428 560 igitur
445 521 524 546 non
543 505 802 545 mediocribus
823 513 863 544 et
890 505 1037 544 levibus
1063 505 1190 558 plagis
1216 504 1399 555 acceptiS,
1430 503 1496 542 sed
1525 503 1563 540 in

102 575 317 607 extremum
349 569 554 607 discrimen
581 568 794 606 adductum
823 580 892 618 per
922 567 1082 606 istorum
1114 565 1389 605 contumeliam
1409 571 1449 602 et
1475 577 1566 615 pro-

102 631 332 678 tervitatem,
351 630 542 669 actionem
573 629 696 668 multo
723 642 839 681 quam
860 629 1116 668 conveniebat
1133 627 1344 667 instituisse
1368 625 1565 671 leviorem,

101 693 347 745 perspicuum
363 693 472 731 vobis
490 692 653 731 arbitror
673 705 759 731 esse
778 693 923 731 factum
941 705 951 730 :
981 699 1149 730 vestrum
1166 698 1295 730 autem
1311 689 1435 728 mirari
1451 700 1567 740 quos-

101 754 192 793 dam
212 754 403 803 existimo,
422 754 516 806 quid
535 755 691 794 tandem
713 754 811 793 illud
831 755 880 792 sit
899 753 1005 806 quod
1029 754 1165 798 Conon
1184 754 1235 792 ad
1253 752 1337 790 haec
1367 751 1497 789 dicere
1518 749 1569 787 sit

102 829 277 855 ausurus.
333 816 378 855 In
405 817 538 868 primis
558 817 676 868 igitur
701 816 828 855 dicam
857 816 967 855 vobis
987 830 1046 863 ea,
1064 830 1133 868 per
1152 829 1239 867 quae
1260 827 1348 853 eum
1369 813 1499 858 audio,
1525 823 1566 850 re

100 890 123 916 a
142 878 376 917 contumelia
394 885 434 917 et
451 879 494 917 iis
513 892 600 930 quae
621 880 727 918 facta
745 884 836 918 sunt
853 878 1037 926 abducta,
1052 891 1209 931 operam
1224 877 1406 915 daturum
1426 882 1469 913 ut
1482 886 1567 913 eam

97 939 137 978 in
150 940 284 992 jocum
301 941 518 992 ludumque
544 948 758 988 convertat,
779 947 818 981 et
843 941 986 980 multos
1017 955 1102 980 esse
1129 941 1167 979 in
1196 941 1291 978 urbe
1312 939 1566 977 honestorum

98 1001 266 1041 virorum
291 1003 405 1051 filios,
436 1004 502 1055 qui
531 1003 684 1042 ludibrii
713 1017 844 1050 causa,
875 1009 920 1041 ut
947 1003 1124 1042 homines
1153 1002 1440 1046 adolescentes,
1460 998 1567 1038 varia

102 1064 174 1103 sibi
193 1072 326 1104 mutuo
345 1067 579 1118 cognomina
596 1067 772 1114 fecerint,
793 1066 936 1118 quique
958 1066 1055 1106 alios
1074 1067 1231 1119 priapos
1251 1065 1347 1104 alios
1362 1063 1566 1102 helluones

99 1134 255 1175 vocent,
278 1141 441 1179 quorum
461 1129 637 1167 nonnulli
656 1129 920 1168 meretriculas
948 1129 1153 1174 adament;
1185 1142 1233 1167 ex
1252 1140 1384 1166 eorum
1407 1138 1567 1163 numero

97 1202 210 1227 suum
229 1202 380 1241 quoque
399 1191 520 1230 filium
540 1205 642 1238 esse,
659 1198 699 1229 et
717 1204 819 1243 saepe
848 1192 898 1230 ob
932 1198 1103 1230 scortum
1130 1198 1169 1229 et
1193 1190 1349 1228 dedisse
1381 1195 1420 1227 et
1453 1200 1566 1226 acce-

98 1251 203 1302 pisse
221 1251 378 1303 plagas;
408 1260 447 1291 et
475 1253 560 1292 haec
593 1267 681 1292 esse
707 1253 1027 1292 adolescentum:
1057 1267 1129 1291 nos
1148 1265 1238 1291 vero
1268 1252 1406 1290 fratres
1432 1262 1566 1288 omnes

100 1320 181 1352 tum
202 1314 375 1354 ebriosos
396 1322 436 1354 et
453 1323 664 1367 protervos,
685 1322 767 1354 tum
784 1329 959 1355 morosos
980 1322 1020 1354 et
1038 1317 1197 1354 acerbos
1217 1327 1301 1353 esse
1322 1313 1527 1351 dicturum.

152 1378 191 1416 6.
221 1377 306 1428 Ego
331 1392 438 1426 vero,
463 1369 640 1426 judiees,
665 1392 755 1417 curn
785 1386 949 1430 accepta
970 1379 1073 1416 mala
1101 1378 1271 1430 graviter
1289 1376 1424 1422 feram,
1445 1374 1566 1412 nihilo

97 1438 266 1490 oequiore
285 1440 414 1477 animo
432 1447 586 1490 paterer
612 1454 754 1491 neque,
774 1442 806 1479 si
826 1441 954 1478 dicere
973 1441 1106 1487 liceat,
1125 1441 1274 1478 minore
1295 1453 1356 1477 me
1381 1437 1567 1476 affectum

99 1515 188 1540 esse
207 1501 445 1539 contumelia
461 1507 652 1552 putarem,
666 1502 699 1539 si
713 1501 852 1547 Conon
870 1500 946 1539 ista
960 1514 1048 1539 vere
1060 1501 1100 1539 in
1116 1515 1189 1539 nos
1209 1501 1340 1539 dicere
1355 1498 1566 1544 videretur,

97 1576 221 1614 eaque
245 1569 376 1601 vestra
404 1562 622 1614 ignorantia
651 1569 768 1609 esset,
788 1570 832 1601 ut
850 1575 1169 1614 unumquemque
1189 1562 1319 1608 talem,
1349 1561 1474 1612 qualis
1501 1568 1568 1599 aut

96 1624 181 1676 ipse
209 1624 486 1676 praedicatione
517 1637 589 1662 sua
615 1630 682 1663 aut
712 1624 874 1663 aliorum
905 1625 1172 1663 criminatione
1199 1623 1481 1676 perhiberetur,
1500 1636 1566 1662 ex·

97 1685 340 1725 istimaretis:
385 1699 512 1738 neque
544 1685 626 1724 ulla
655 1686 841 1724 modestis
874 1686 1094 1725 hominibus
1135 1686 1373 1738 quotidianae
1399 1686 1487 1723 vitae
1527 1692 1567 1723 et

100 1748 316 1786 studiorum
336 1757 441 1787 esset
460 1748 623 1786 utilitas.
680 1748 820 1799 Neque
849 1750 950 1787 enim
970 1756 1107 1787 nostra
1123 1749 1184 1787 vel
1205 1749 1369 1787 ebrietas
1391 1747 1449 1786 vel
1479 1761 1566 1799 pro-

98 1810 256 1850 tervitas
274 1812 323 1850 ab
341 1810 421 1849 ullo
437 1811 657 1849 mortalium
678 1818 740 1849 est
758 1819 997 1863 conspecta:
1026 1824 1153 1862 neque
1173 1824 1246 1849 nos
1266 1823 1418 1859 morose
1439 1810 1566 1848 facere

96 1879 296 1923 putamus,
311 1873 343 1911 si
358 1873 482 1912 factas
498 1873 609 1912 nobis
629 1872 786 1925 injurias
799 1876 888 1922 jure
907 1873 1041 1911 ulcisci
1063 1873 1301 1912 studeamus.
1339 1872 1566 1924 Priaporum

97 1940 229 1974 autem
245 1941 285 1974 et
301 1935 529 1975 helluonum
555 1935 790 1987 cognomina
817 1935 929 1974 istius
949 1935 1037 1973 filiis
1063 1949 1142 1974 non
1172 1935 1416 1974 invidemus:
1448 1942 1567 1987 atque

97 2009 171 2047 ego
190 1996 286 2036 deos
304 2010 456 2049 precor,
475 2005 520 2036 ut
534 1997 573 2036 in
592 1998 766 2037 Cononis
786 1998 886 2037 filios
908 2005 948 2036 et
965 1998 1052 2036 haec
1072 2005 1112 2036 et
1129 1997 1244 2049 hujus
1265 1997 1415 2049 generis
1437 1997 1568 2036 omnia

97 2065 308 2098 vertantur.
365 2060 438 2098 Isti
464 2060 563 2099 enim
584 2067 676 2099 sunt
694 2061 760 2112 qui
788 2074 829 2099 se
850 2061 991 2114 Priapo
1011 2060 1175 2108 initient,
1196 2066 1235 2099 et
1259 2073 1307 2099 ea
1323 2066 1456 2112 agant,
1477 2073 1566 2111 quae

96 2133 146 2160 ne
166 2121 241 2159 dici
260 2121 418 2173 quidem
438 2122 520 2161 sine
539 2136 683 2174 magno
698 2123 846 2175 pudore
867 2129 1029 2175 queunt,
1050 2129 1203 2161 tantum
1230 2123 1341 2161 abest
1359 2129 1403 2161 ut
1420 2123 1468 2160 ab
1497 2122 1565 2160 ho-

100 2183 205 2221 mine
221 2184 399 2223 modesto
417 2183 499 2222 fieri
520 2184 702 2223 debeant.

153 2246 190 2282 7.
222 2245 302 2283 Sed
323 2245 415 2297 quid
440 2246 518 2284 ista
543 2246 594 2285 ad
622 2246 712 2286 me?
743 2247 829 2298 Ego
849 2261 940 2287 vero
971 2247 1151 2295 mirabor,
1173 2247 1204 2286 si
1235 2247 1316 2285 ulla
1347 2259 1465 2286 causa
1498 2256 1567 2287 aut

101 2307 303 2346 excusatio
323 2307 413 2346 talis
433 2308 664 2356 invenietur,
683 2315 727 2347 ut
746 2309 884 2361 aliquis
905 2317 944 2348 et
963 2310 1076 2349 sactae
1104 2308 1351 2349 contumeliae
1376 2316 1416 2348 et
1433 2310 1564 2362 pulsa-

97 2369 213 2409 tionis
233 2370 437 2410 convictus
455 2384 534 2410 non
554 2371 621 2410 det
639 2385 788 2424 poenas.
847 2372 972 2424 Leges
996 2372 1098 2411 enim
1128 2372 1247 2424 longe
1269 2379 1418 2418 contra,
1435 2386 1484 2411 ne
1503 2374 1565 2410 vel

97 2434 329 2473 necessariae
362 2447 494 2474 causae
521 2435 653 2487 plures
681 2435 908 2483 inciderent,
937 2435 1203 2487 providerunt,
1229 2435 1566 2474 veluti—necesse

98 2495 200 2534 enim
218 2495 346 2536 habeo
376 2503 417 2536 et
437 2496 525 2536 haec
549 2511 722 2550 quaerere
749 2505 789 2537 et
816 2498 1149 2537 sciscitari—sunt
1177 2497 1343 2537 convicii
1373 2497 1564 2536 actiones:

97 2570 165 2597 eas
179 2558 297 2611 igitur
311 2559 396 2598 dari
414 2567 620 2612 propterea
633 2560 781 2607 dicunt,
796 2567 840 2598 ut
860 2573 910 2599 ne
931 2560 1113 2599 conviciis
1131 2561 1316 2599 incensus
1333 2559 1431 2597 alius
1448 2558 1563 2597 alium

98 2620 300 2660 verberare
330 2620 521 2661 instituat.
579 2622 730 2661 Rursus
762 2621 998 2674 pulsationis
1024 2621 1199 2661 actiones
1220 2628 1335 2660 sunt:
1367 2634 1431 2659 eas
1452 2620 1565 2658 etiam

98 2681 214 2720 audio
242 2689 449 2752 propvea
481 2683 578 2730 dari,
613 2697 661 2722 ne
692 2683 913 2736 quisquam,
940 2683 971 2721 si
1005 2682 1056 2722 sit
1081 2683 1320 2728 imbecillior,
1340 2681 1470 2733 lapide
1500 2689 1567 2719 aut

101 2742 216 2781 simili
233 2743 363 2795 aliquo
382 2743 460 2784 telo
481 2757 522 2783 se
541 2744 743 2791 defendat,
765 2744 834 2783 sed
851 2744 1060 2783 vindictam
1075 2744 1207 2797 legum
1221 2749 1436 2795 exspectet.
1468 2743 1568 2780 Sunt

102 2810 141 2842 et
159 2804 328 2844 vulneris
347 2806 535 2853 actiones,
554 2819 603 2844 ne
631 2807 774 2858 quibus
793 2806 1004 2845 vulneratis
1023 2806 1152 2845 caedes
1172 2806 1280 2844 fiant.
1322 2803 1566 2852 Convieium,

101 2864 209 2916 quod
235 2867 437 2906 minimum
464 2876 538 2916 est,
558 2875 648 2907 ante
667 2876 906 2921 postremum
925 2875 964 2907 et
983 2868 1265 2906 atrocissimum
1293 2880 1341 2905 ea
1370 2865 1419 2904 de
1447 2879 1567 2904 causa

98 2926 296 2979 provisum
326 2935 388 2968 est
417 2928 567 2981 opinor,
585 2942 635 2968 ne
659 2930 790 2970 caedes
821 2930 941 2975 fieret,
970 2942 1067 2968 neve
1093 2928 1295 2980 paullatim
1324 2940 1347 2966 a
1381 2927 1566 2965 conviciis

99 2989 150 3027 acl
169 2990 342 3037 verbera,
373 3003 397 3029 a
429 2991 651 3031 verberibus
684 2992 734 3031 ad
766 2992 940 3039 vulnera,
959 3004 983 3030 a
1008 2991 1229 3030 vulneribus
1258 2991 1308 3030 ad
1328 2989 1457 3029 caedes
1479 3003 1566 3041 pro-

822 3060 845 3091 4
871 3068 892 3091 z
