<?xml version="1.0" encoding="UTF-8"?>
<!DOCTYPE html PUBLIC "-//W3C//DTD XHTML 1.0 Transitional//EN"
    "http://www.w3.org/TR/xhtml1/DTD/xhtml1-transitional.dtd">
<html xmlns="http://www.w3.org/1999/xhtml" xml:lang="en" lang="en">
 <head>
  <title>
</title>
<meta http-equiv="Content-Type" content="text/html;charset=utf-8" />
  <meta name='ocr-system' content='tesseract 3.04.00' />
  <meta name='ocr-capabilities' content='ocr_page ocr_carea ocr_par ocr_line ocrx_word'/>
</head>
<body>
  <div class='ocr_page' id='page_1' title='image "./oratoresatticie16dobs_0095.png"; bbox 0 0 1965 3356; ppageno 0'>
   <div class='ocr_carea' id='block_1_1' title="bbox 601 208 1620 250">
    <p class='ocr_par' dir='ltr' id='par_1_1' title="bbox 601 208 1620 250">
     <span class='ocr_line' id='line_1_1' title="bbox 601 208 1620 250; baseline -0.007 1"><span class='ocrx_word' id='word_1_1' title='bbox 601 213 676 250; x_wconf 91' lang='lat' dir='ltr'>DE</span> <span class='ocrx_word' id='word_1_2' title='bbox 708 213 850 250; x_wconf 91' lang='lat' dir='ltr'><strong>DOTE</strong></span> <span class='ocrx_word' id='word_1_3' title='bbox 882 211 1171 249; x_wconf 80' lang='lat' dir='ltr'>MATERNA.</span> <span class='ocrx_word' id='word_1_4' title='bbox 1307 212 1311 215; x_wconf 82' lang='lat'>&#39;</span> <span class='ocrx_word' id='word_1_5' title='bbox 1543 208 1620 245; x_wconf 88' lang='grc'>595</span> 
     </span>
    </p>
   </div>
   <div class='ocr_carea' id='block_1_2' title="bbox 161 313 1619 548">
    <p class='ocr_par' dir='ltr' id='par_1_2' title="bbox 161 313 1619 548">
     <span class='ocr_line' id='line_1_2' title="bbox 161 313 1618 367; baseline -0.005 -13"><span class='ocrx_word' id='word_1_6' title='bbox 161 316 311 354; x_wconf 83' lang='lat' dir='ltr'>fodinas</span> <span class='ocrx_word' id='word_1_7' title='bbox 330 316 487 367; x_wconf 84' lang='lat' dir='ltr'>quidem</span> <span class='ocrx_word' id='word_1_8' title='bbox 507 323 596 367; x_wconf 88' lang='lat' dir='ltr'>post</span> <span class='ocrx_word' id='word_1_9' title='bbox 614 316 734 367; x_wconf 84' lang='lat' dir='ltr'>patris</span> <span class='ocrx_word' id='word_1_10' title='bbox 754 316 900 353; x_wconf 88' lang='lat' dir='ltr'>obitum</span> <span class='ocrx_word' id='word_1_11' title='bbox 921 314 1084 365; x_wconf 88' lang='lat' dir='ltr'>partitus</span> <span class='ocrx_word' id='word_1_12' title='bbox 1108 325 1198 350; x_wconf 91' lang='lat' dir='ltr'>cum</span> <span class='ocrx_word' id='word_1_13' title='bbox 1217 313 1300 350; x_wconf 86' lang='lat' dir='ltr'>istis</span> <span class='ocrx_word' id='word_1_14' title='bbox 1323 325 1422 358; x_wconf 90' lang='lat' dir='ltr'>sum,</span> <span class='ocrx_word' id='word_1_15' title='bbox 1442 317 1618 349; x_wconf 89' lang='lat' dir='ltr'>mutuum</span> 
     </span>
     <span class='ocr_line' id='line_1_3' title="bbox 162 373 1619 428; baseline -0.003 -14"><span class='ocrx_word' id='word_1_16' title='bbox 162 383 289 415; x_wconf 87' lang='lat' dir='ltr'>autern</span> <span class='ocrx_word' id='word_1_17' title='bbox 324 390 397 428; x_wconf 84' lang='lat' dir='ltr'>ego</span> <span class='ocrx_word' id='word_1_18' title='bbox 428 377 587 415; x_wconf 86' lang='lat' dir='ltr'>reddere</span> <span class='ocrx_word' id='word_1_19' title='bbox 621 391 703 414; x_wconf 88' lang='lat' dir='ltr'>sum</span> <span class='ocrx_word' id='word_1_20' title='bbox 732 383 919 414; x_wconf 85' lang='lat' dir='ltr'>coactus:</span> <span class='ocrx_word' id='word_1_21' title='bbox 950 375 1042 412; x_wconf 88' lang='lat' dir='ltr'>alias</span> <span class='ocrx_word' id='word_1_22' title='bbox 1073 374 1185 411; x_wconf 87' lang='lat' dir='ltr'>etiam</span> <span class='ocrx_word' id='word_1_23' title='bbox 1213 373 1316 410; x_wconf 89' lang='lat' dir='ltr'>mille</span> <span class='ocrx_word' id='word_1_24' title='bbox 1345 373 1550 411; x_wconf 84' lang='lat' dir='ltr'>drachmas</span> <span class='ocrx_word' id='word_1_25' title='bbox 1581 373 1619 409; x_wconf 91' lang='lat' dir='ltr'>in</span> 
     </span>
     <span class='ocr_line' id='line_1_4' title="bbox 163 433 1619 489; baseline -0.005 -13"><span class='ocrx_word' id='word_1_26' title='bbox 163 437 279 476; x_wconf 79' lang='lat' dir='ltr'>funus</span> <span class='ocrx_word' id='word_1_27' title='bbox 299 439 418 489; x_wconf 89' lang='lat' dir='ltr'>patris</span> <span class='ocrx_word' id='word_1_28' title='bbox 439 451 462 475; x_wconf 84' lang='lat' dir='ltr'>a</span> <span class='ocrx_word' id='word_1_29' title='bbox 482 438 692 489; x_wconf 82' lang='lat' dir='ltr'>Lysistrato</span> <span class='ocrx_word' id='word_1_30' title='bbox 710 433 887 475; x_wconf 87' lang='lat' dir='ltr'>Thoricio</span> <span class='ocrx_word' id='word_1_31' title='bbox 907 443 1118 481; x_wconf 73' lang='lat' dir='ltr'>mutuatuS,</span> <span class='ocrx_word' id='word_1_32' title='bbox 1133 434 1309 485; x_wconf 82' lang='lat' dir='ltr'>privatim</span> <span class='ocrx_word' id='word_1_33' title='bbox 1331 435 1438 472; x_wconf 83' lang='lat' dir='ltr'>solvi.</span> <span class='ocrx_word' id='word_1_34' title='bbox 1495 434 1619 472; x_wconf 84' lang='lat' dir='ltr'>Etiam</span> 
     </span>
     <span class='ocr_line' id='line_1_5' title="bbox 161 490 1609 548; baseline -0.006 -10"><span class='ocrx_word' id='word_1_35' title='bbox 161 499 244 538; x_wconf 87' lang='lat' dir='ltr'>haec</span> <span class='ocrx_word' id='word_1_36' title='bbox 263 514 286 538; x_wconf 79' lang='lat' dir='ltr'>a</span> <span class='ocrx_word' id='word_1_37' title='bbox 304 514 364 539; x_wconf 90' lang='lat' dir='ltr'>me</span> <span class='ocrx_word' id='word_1_38' title='bbox 383 514 471 539; x_wconf 86' lang='lat' dir='ltr'>vere</span> <span class='ocrx_word' id='word_1_39' title='bbox 487 500 576 546; x_wconf 81' lang='lat' dir='ltr'>dici,</span> <span class='ocrx_word' id='word_1_40' title='bbox 597 513 643 537; x_wconf 84' lang='lat' dir='ltr'>ex</span> <span class='ocrx_word' id='word_1_41' title='bbox 658 500 766 538; x_wconf 90' lang='lat' dir='ltr'>hisce</span> <span class='ocrx_word' id='word_1_42' title='bbox 787 499 1014 538; x_wconf 80' lang='lat' dir='ltr'>testimoniis</span> <span class='ocrx_word' id='word_1_43' title='bbox 1037 495 1299 548; x_wconf 83' lang='lat' dir='ltr'>cognoscetis.</span> <span class='ocrx_word' id='word_1_44' title='bbox 1603 490 1609 501; x_wconf 93' lang='grc'><em>’</em></span> 
     </span>
    </p>
   </div>
   <div class='ocr_carea' id='block_1_3' title="bbox 697 645 1054 683">
    <p class='ocr_par' dir='ltr' id='par_1_3' title="bbox 697 645 1054 683">
     <span class='ocr_line' id='line_1_6' title="bbox 697 645 1054 683; baseline -0.003 0"><span class='ocrx_word' id='word_1_45' title='bbox 697 645 1054 683; x_wconf 76' lang='lat' dir='ltr'><strong>TESTIMONIA.</strong></span> 
     </span>
    </p>
   </div>
   <div class='ocr_carea' id='block_1_4' title="bbox 153 738 1626 3011">
    <p class='ocr_par' dir='ltr' id='par_1_4' title="bbox 153 738 1626 2763">
     <span class='ocr_line' id='line_1_7' title="bbox 216 738 1622 791; baseline 0 -15"><span class='ocrx_word' id='word_1_46' title='bbox 216 741 276 777; x_wconf 81' lang='lat'>12.</span> <span class='ocrx_word' id='word_1_47' title='bbox 308 738 406 777; x_wconf 88' lang='lat' dir='ltr'>Cum</span> <span class='ocrx_word' id='word_1_48' title='bbox 438 753 513 790; x_wconf 86' lang='lat' dir='ltr'>ego</span> <span class='ocrx_word' id='word_1_49' title='bbox 544 740 659 791; x_wconf 84' lang='lat' dir='ltr'>igitur</span> <span class='ocrx_word' id='word_1_50' title='bbox 691 741 787 778; x_wconf 85' lang='lat' dir='ltr'>adeo</span> <span class='ocrx_word' id='word_1_51' title='bbox 815 741 1018 778; x_wconf 81' lang='lat' dir='ltr'>manifeste</span> <span class='ocrx_word' id='word_1_52' title='bbox 1047 748 1156 787; x_wconf 79' lang='lat' dir='ltr'>tanto</span> <span class='ocrx_word' id='word_1_53' title='bbox 1177 740 1367 777; x_wconf 78' lang='lat' dir='ltr'>deteriore</span> <span class='ocrx_word' id='word_1_54' title='bbox 1399 738 1622 777; x_wconf 87' lang='lat' dir='ltr'>conditione</span> 
     </span>
     <span class='ocr_line' id='line_1_8' title="bbox 159 800 1623 853; baseline -0.002 -13"><span class='ocrx_word' id='word_1_55' title='bbox 159 801 245 848; x_wconf 82' lang='lat' dir='ltr'>sim,</span> <span class='ocrx_word' id='word_1_56' title='bbox 272 802 344 840; x_wconf 89' lang='lat' dir='ltr'>iste</span> <span class='ocrx_word' id='word_1_57' title='bbox 363 815 465 840; x_wconf 88' lang='lat' dir='ltr'>nunc</span> <span class='ocrx_word' id='word_1_58' title='bbox 486 802 706 853; x_wconf 85' lang='lat' dir='ltr'>quiritando</span> <span class='ocrx_word' id='word_1_59' title='bbox 725 810 764 840; x_wconf 89' lang='lat' dir='ltr'>et</span> <span class='ocrx_word' id='word_1_60' title='bbox 783 802 1024 853; x_wconf 76' lang='lat' dir='ltr'>indignando</span> <span class='ocrx_word' id='word_1_61' title='bbox 1050 815 1111 839; x_wconf 88' lang='lat' dir='ltr'>me</span> <span class='ocrx_word' id='word_1_62' title='bbox 1138 802 1256 852; x_wconf 83' lang='lat' dir='ltr'>patris</span> <span class='ocrx_word' id='word_1_63' title='bbox 1275 802 1364 839; x_wconf 89' lang='lat' dir='ltr'>dote</span> <span class='ocrx_word' id='word_1_64' title='bbox 1399 800 1623 838; x_wconf 76' lang='lat' dir='ltr'>fraudabit?</span> 
     </span>
     <span class='ocr_line' id='line_1_9' title="bbox 158 860 1621 917; baseline -0.001 -16"><span class='ocrx_word' id='word_1_65' title='bbox 158 862 238 902; x_wconf 89' lang='lat' dir='ltr'>Sed</span> <span class='ocrx_word' id='word_1_66' title='bbox 259 876 341 917; x_wconf 82' lang='lat' dir='ltr'>vos,</span> <span class='ocrx_word' id='word_1_67' title='bbox 361 877 385 902; x_wconf 93' lang='grc' dir='ltr'>ο</span> <span class='ocrx_word' id='word_1_68' title='bbox 403 864 578 910; x_wconf 84' lang='lat' dir='ltr'>Judices‚</span> <span class='ocrx_word' id='word_1_69' title='bbox 598 878 668 916; x_wconf 88' lang='lat' dir='ltr'>per</span> <span class='ocrx_word' id='word_1_70' title='bbox 687 865 781 903; x_wconf 84' lang='lat' dir='ltr'>deos</span> <span class='ocrx_word' id='word_1_71' title='bbox 797 877 877 909; x_wconf 90' lang='lat' dir='ltr'>oro,</span> <span class='ocrx_word' id='word_1_72' title='bbox 893 860 940 901; x_wconf 85' lang='lat' dir='ltr'>ne</span> <span class='ocrx_word' id='word_1_73' title='bbox 955 864 1064 902; x_wconf 87' lang='lat' dir='ltr'>istius</span> <span class='ocrx_word' id='word_1_74' title='bbox 1085 862 1345 914; x_wconf 89' lang='lat' dir='ltr'>percellamini</span> <span class='ocrx_word' id='word_1_75' title='bbox 1365 862 1621 900; x_wconf 86' lang='lat' dir='ltr'>clamoribus:</span> 
     </span>
     <span class='ocr_line' id='line_1_10' title="bbox 157 923 1624 976; baseline 0.001 -16"><span class='ocrx_word' id='word_1_76' title='bbox 157 923 357 975; x_wconf 88' lang='lat' dir='ltr'>multiplex</span> <span class='ocrx_word' id='word_1_77' title='bbox 378 926 494 971; x_wconf 91' lang='lat' dir='ltr'>enim,</span> <span class='ocrx_word' id='word_1_78' title='bbox 518 926 722 976; x_wconf 81' lang='lat' dir='ltr'>multiplex</span> <span class='ocrx_word' id='word_1_79' title='bbox 742 934 781 964; x_wconf 84' lang='lat' dir='ltr'>et</span> <span class='ocrx_word' id='word_1_80' title='bbox 803 926 929 963; x_wconf 80' lang='lat' dir='ltr'>audax</span> <span class='ocrx_word' id='word_1_81' title='bbox 954 925 1071 963; x_wconf 90' lang='lat' dir='ltr'>homo</span> <span class='ocrx_word' id='word_1_82' title='bbox 1097 932 1169 969; x_wconf 85' lang='lat' dir='ltr'>est,</span> <span class='ocrx_word' id='word_1_83' title='bbox 1190 925 1320 974; x_wconf 85' lang='lat' dir='ltr'>itaque</span> <span class='ocrx_word' id='word_1_84' title='bbox 1341 924 1553 969; x_wconf 84' lang='lat' dir='ltr'>maleficus,</span> <span class='ocrx_word' id='word_1_85' title='bbox 1581 931 1624 962; x_wconf 87' lang='lat' dir='ltr'>ut</span> 
     </span>
     <span class='ocr_line' id='line_1_11' title="bbox 158 987 1623 1039; baseline 0.001 -16"><span class='ocrx_word' id='word_1_86' title='bbox 158 999 247 1036; x_wconf 87' lang='lat' dir='ltr'>quae</span> <span class='ocrx_word' id='word_1_87' title='bbox 267 987 430 1024; x_wconf 86' lang='lat' dir='ltr'>testibus</span> <span class='ocrx_word' id='word_1_88' title='bbox 452 989 614 1038; x_wconf 82' lang='lat' dir='ltr'>probare</span> <span class='ocrx_word' id='word_1_89' title='bbox 634 1002 711 1026; x_wconf 83' lang='lat' dir='ltr'>non</span> <span class='ocrx_word' id='word_1_90' title='bbox 732 996 876 1039; x_wconf 88' lang='lat' dir='ltr'>potest,</span> <span class='ocrx_word' id='word_1_91' title='bbox 901 1001 948 1026; x_wconf 86' lang='lat' dir='ltr'>ea</span> <span class='ocrx_word' id='word_1_92' title='bbox 966 1002 1035 1025; x_wconf 87' lang='lat' dir='ltr'>vos</span> <span class='ocrx_word' id='word_1_93' title='bbox 1057 989 1151 1026; x_wconf 88' lang='lat' dir='ltr'>scire</span> <span class='ocrx_word' id='word_1_94' title='bbox 1171 988 1217 1025; x_wconf 86' lang='lat' dir='ltr'>sit</span> <span class='ocrx_word' id='word_1_95' title='bbox 1233 988 1424 1032; x_wconf 88' lang='lat' dir='ltr'>dicturus,</span> <span class='ocrx_word' id='word_1_96' title='bbox 1444 987 1623 1032; x_wconf 85' lang='lat' dir='ltr'>Judices,</span> 
     </span>
     <span class='ocr_line' id='line_1_12' title="bbox 159 1049 1622 1101; baseline 0.001 -16"><span class='ocrx_word' id='word_1_97' title='bbox 159 1049 266 1098; x_wconf 92' lang='lat' dir='ltr'>quod</span> <span class='ocrx_word' id='word_1_98' title='bbox 286 1062 419 1088; x_wconf 84' lang='lat' dir='ltr'>omnes</span> <span class='ocrx_word' id='word_1_99' title='bbox 440 1050 589 1088; x_wconf 85' lang='lat' dir='ltr'>faciunt</span> <span class='ocrx_word' id='word_1_100' title='bbox 608 1051 671 1101; x_wconf 87' lang='lat' dir='ltr'>qui</span> <span class='ocrx_word' id='word_1_101' title='bbox 691 1051 785 1088; x_wconf 85' lang='lat' dir='ltr'>nihil</span> <span class='ocrx_word' id='word_1_102' title='bbox 807 1051 893 1089; x_wconf 86' lang='lat' dir='ltr'>sani</span> <span class='ocrx_word' id='word_1_103' title='bbox 914 1051 1059 1088; x_wconf 84' lang='lat' dir='ltr'>dicunt.</span> <span class='ocrx_word' id='word_1_104' title='bbox 1118 1050 1199 1087; x_wconf 87' lang='lat' dir='ltr'>Vos</span> <span class='ocrx_word' id='word_1_105' title='bbox 1228 1050 1356 1100; x_wconf 80' lang='lat' dir='ltr'>igitur,</span> <span class='ocrx_word' id='word_1_106' title='bbox 1376 1050 1407 1087; x_wconf 85' lang='lat' dir='ltr'>si</span> <span class='ocrx_word' id='word_1_107' title='bbox 1432 1049 1523 1099; x_wconf 88' lang='lat' dir='ltr'>quid</span> <span class='ocrx_word' id='word_1_108' title='bbox 1544 1049 1622 1087; x_wconf 88' lang='lat' dir='ltr'>tale</span> 
     </span>
     <span class='ocr_line' id='line_1_13' title="bbox 158 1110 1625 1164; baseline 0.001 -17"><span class='ocrx_word' id='word_1_109' title='bbox 158 1110 452 1158; x_wconf 83' lang='lat' dir='ltr'>machinabitur,</span> <span class='ocrx_word' id='word_1_110' title='bbox 482 1126 530 1150; x_wconf 93' lang='lat' dir='ltr'>ne</span> <span class='ocrx_word' id='word_1_111' title='bbox 555 1113 766 1164; x_wconf 86' lang='lat' dir='ltr'>permittite</span> <span class='ocrx_word' id='word_1_112' title='bbox 786 1113 834 1160; x_wconf 90' lang='lat' dir='ltr'>ei,</span> <span class='ocrx_word' id='word_1_113' title='bbox 859 1112 928 1150; x_wconf 87' lang='lat' dir='ltr'>sed</span> <span class='ocrx_word' id='word_1_114' title='bbox 961 1112 1152 1150; x_wconf 85' lang='lat' dir='ltr'>resistite:</span> <span class='ocrx_word' id='word_1_115' title='bbox 1183 1119 1235 1156; x_wconf 89' lang='lat' dir='ltr'>et,</span> <span class='ocrx_word' id='word_1_116' title='bbox 1257 1111 1362 1162; x_wconf 92' lang='lat' dir='ltr'>quod</span> <span class='ocrx_word' id='word_1_117' title='bbox 1383 1111 1526 1162; x_wconf 84' lang='lat' dir='ltr'>singuli</span> <span class='ocrx_word' id='word_1_118' title='bbox 1546 1124 1625 1149; x_wconf 91' lang='lat' dir='ltr'>non</span> 
     </span>
     <span class='ocr_line' id='line_1_14' title="bbox 157 1171 1625 1229; baseline 0.001 -21"><span class='ocrx_word' id='word_1_119' title='bbox 157 1171 355 1217; x_wconf 86' lang='lat' dir='ltr'>noveritis,</span> <span class='ocrx_word' id='word_1_120' title='bbox 376 1185 450 1211; x_wconf 87' lang='lat' dir='ltr'>nec</span> <span class='ocrx_word' id='word_1_121' title='bbox 461 1173 639 1229; x_wconf 46' lang='lat' dir='ltr'>,vicinum</span> <span class='ocrx_word' id='word_1_122' title='bbox 661 1174 816 1224; x_wconf 87' lang='lat' dir='ltr'>quidem</span> <span class='ocrx_word' id='word_1_123' title='bbox 843 1187 959 1211; x_wconf 87' lang='lat' dir='ltr'>nosse</span> <span class='ocrx_word' id='word_1_124' title='bbox 989 1180 1139 1224; x_wconf 86' lang='lat' dir='ltr'>putate,</span> <span class='ocrx_word' id='word_1_125' title='bbox 1161 1173 1230 1210; x_wconf 90' lang='lat' dir='ltr'>sed</span> <span class='ocrx_word' id='word_1_126' title='bbox 1263 1173 1457 1224; x_wconf 89' lang='lat' dir='ltr'>postulate</span> <span class='ocrx_word' id='word_1_127' title='bbox 1486 1180 1528 1211; x_wconf 90' lang='lat' dir='ltr'>ut</span> <span class='ocrx_word' id='word_1_128' title='bbox 1547 1173 1625 1210; x_wconf 92' lang='lat' dir='ltr'>evi-</span> 
     </span>
     <span class='ocr_line' id='line_1_15' title="bbox 157 1231 1626 1285; baseline 0.001 -15"><span class='ocrx_word' id='word_1_129' title='bbox 157 1231 294 1270; x_wconf 83' lang='lat' dir='ltr'>denter</span> <span class='ocrx_word' id='word_1_130' title='bbox 322 1233 404 1284; x_wconf 88' lang='lat' dir='ltr'>ipse</span> <span class='ocrx_word' id='word_1_131' title='bbox 425 1234 608 1272; x_wconf 89' lang='lat' dir='ltr'>ostendat</span> <span class='ocrx_word' id='word_1_132' title='bbox 635 1248 681 1272; x_wconf 85' lang='lat' dir='ltr'>ea</span> <span class='ocrx_word' id='word_1_133' title='bbox 711 1248 799 1285; x_wconf 86' lang='lat' dir='ltr'>quae</span> <span class='ocrx_word' id='word_1_134' title='bbox 825 1235 1000 1272; x_wconf 84' lang='lat' dir='ltr'>dicturus</span> <span class='ocrx_word' id='word_1_135' title='bbox 1028 1241 1099 1278; x_wconf 89' lang='lat' dir='ltr'>est,</span> <span class='ocrx_word' id='word_1_136' title='bbox 1134 1247 1261 1284; x_wconf 86' lang='lat' dir='ltr'>neque</span> <span class='ocrx_word' id='word_1_137' title='bbox 1294 1234 1460 1272; x_wconf 83' lang='lat' dir='ltr'>dicendo</span> <span class='ocrx_word' id='word_1_138' title='bbox 1480 1247 1549 1272; x_wconf 88' lang='lat' dir='ltr'>vos</span> <span class='ocrx_word' id='word_1_139' title='bbox 1580 1247 1626 1272; x_wconf 89' lang='lat' dir='ltr'>ea</span> 
     </span>
     <span class='ocr_line' id='line_1_16' title="bbox 155 1292 1626 1347; baseline 0.001 -16"><span class='ocrx_word' id='word_1_140' title='bbox 155 1292 269 1340; x_wconf 83' lang='lat' dir='ltr'>scire,</span> <span class='ocrx_word' id='word_1_141' title='bbox 286 1294 339 1333; x_wconf 89' lang='lat' dir='ltr'>de</span> <span class='ocrx_word' id='word_1_142' title='bbox 358 1295 497 1345; x_wconf 91' lang='lat' dir='ltr'>quibus</span> <span class='ocrx_word' id='word_1_143' title='bbox 517 1295 601 1346; x_wconf 86' lang='lat' dir='ltr'>ipse</span> <span class='ocrx_word' id='word_1_144' title='bbox 620 1296 714 1333; x_wconf 91' lang='lat' dir='ltr'>nihil</span> <span class='ocrx_word' id='word_1_145' title='bbox 734 1297 834 1346; x_wconf 80' lang='lat' dir='ltr'>aequi</span> <span class='ocrx_word' id='word_1_146' title='bbox 853 1295 980 1334; x_wconf 86' lang='lat' dir='ltr'>dicere</span> <span class='ocrx_word' id='word_1_147' title='bbox 1009 1295 1164 1347; x_wconf 88' lang='lat' dir='ltr'>poterit,</span> <span class='ocrx_word' id='word_1_148' title='bbox 1186 1308 1311 1333; x_wconf 89' lang='lat' dir='ltr'>rerum</span> <span class='ocrx_word' id='word_1_149' title='bbox 1331 1295 1531 1333; x_wconf 88' lang='lat' dir='ltr'>veritatem</span> <span class='ocrx_word' id='word_1_150' title='bbox 1558 1294 1626 1332; x_wconf 84' lang='lat' dir='ltr'>de-</span> 
     </span>
     <span class='ocr_line' id='line_1_17' title="bbox 155 1355 1625 1408; baseline 0.001 -16"><span class='ocrx_word' id='word_1_151' title='bbox 155 1355 292 1406; x_wconf 82' lang='lat' dir='ltr'>fugiat.</span> <span class='ocrx_word' id='word_1_152' title='bbox 332 1356 506 1402; x_wconf 59' lang='lat' dir='ltr'>-Namjet</span> <span class='ocrx_word' id='word_1_153' title='bbox 524 1370 612 1408; x_wconf 84' lang='lat' dir='ltr'>ego,</span> <span class='ocrx_word' id='word_1_154' title='bbox 631 1357 809 1403; x_wconf 81' lang='lat' dir='ltr'>Judices,</span> <span class='ocrx_word' id='word_1_155' title='bbox 837 1371 926 1396; x_wconf 88' lang='lat' dir='ltr'>cum</span> <span class='ocrx_word' id='word_1_156' title='bbox 957 1371 1026 1395; x_wconf 80' lang='lat' dir='ltr'>vos</span> <span class='ocrx_word' id='word_1_157' title='bbox 1057 1370 1190 1394; x_wconf 87' lang='lat' dir='ltr'>omnes</span> <span class='ocrx_word' id='word_1_158' title='bbox 1221 1356 1352 1394; x_wconf 89' lang='lat' dir='ltr'>sciatis</span> <span class='ocrx_word' id='word_1_159' title='bbox 1373 1356 1625 1407; x_wconf 88' lang='lat' dir='ltr'>quemadmo-</span> 
     </span>
     <span class='ocr_line' id='line_1_18' title="bbox 157 1415 1623 1470; baseline 0.001 -16"><span class='ocrx_word' id='word_1_160' title='bbox 157 1415 251 1454; x_wconf 90' lang='lat' dir='ltr'>dum</span> <span class='ocrx_word' id='word_1_161' title='bbox 269 1424 380 1468; x_wconf 85' lang='lat' dir='ltr'>pater</span> <span class='ocrx_word' id='word_1_162' title='bbox 408 1422 517 1456; x_wconf 84' lang='lat' dir='ltr'>inens</span> <span class='ocrx_word' id='word_1_163' title='bbox 539 1425 700 1456; x_wconf 84' lang='lat' dir='ltr'>coactus</span> <span class='ocrx_word' id='word_1_164' title='bbox 720 1420 816 1457; x_wconf 86' lang='lat' dir='ltr'>istos</span> <span class='ocrx_word' id='word_1_165' title='bbox 845 1419 1054 1470; x_wconf 81' lang='lat' dir='ltr'>adoptarit,</span> <span class='ocrx_word' id='word_1_166' title='bbox 1075 1419 1326 1456; x_wconf 89' lang='lat' dir='ltr'>nihilominus</span> <span class='ocrx_word' id='word_1_167' title='bbox 1353 1419 1437 1469; x_wconf 87' lang='lat' dir='ltr'>jure</span> <span class='ocrx_word' id='word_1_168' title='bbox 1460 1431 1548 1456; x_wconf 88' lang='lat' dir='ltr'>cum</span> <span class='ocrx_word' id='word_1_169' title='bbox 1569 1418 1623 1455; x_wconf 89' lang='lat' dir='ltr'>eis</span> 
     </span>
     <span class='ocr_line' id='line_1_19' title="bbox 157 1480 1626 1534; baseline 0.001 -18"><span class='ocrx_word' id='word_1_170' title='bbox 157 1491 247 1530; x_wconf 80' lang='lat' dir='ltr'>agn,</span> <span class='ocrx_word' id='word_1_171' title='bbox 267 1486 308 1518; x_wconf 87' lang='lat' dir='ltr'>et</span> <span class='ocrx_word' id='word_1_172' title='bbox 327 1487 450 1518; x_wconf 88' lang='lat' dir='ltr'>testes</span> <span class='ocrx_word' id='word_1_173' title='bbox 467 1480 680 1534; x_wconf 84' lang='lat' dir='ltr'>rationibus</span> <span class='ocrx_word' id='word_1_174' title='bbox 697 1481 907 1534; x_wconf 73' lang='lat' dir='ltr'>reddendis</span> <span class='ocrx_word' id='word_1_175' title='bbox 928 1480 1118 1519; x_wconf 85' lang='lat' dir='ltr'>obnoxios</span> <span class='ocrx_word' id='word_1_176' title='bbox 1138 1480 1327 1532; x_wconf 87' lang='lat' dir='ltr'>produco.</span> <span class='ocrx_word' id='word_1_177' title='bbox 1377 1480 1516 1531; x_wconf 86' lang='lat' dir='ltr'>Neque</span> <span class='ocrx_word' id='word_1_178' title='bbox 1534 1492 1626 1518; x_wconf 88' lang='lat' dir='ltr'>vero</span> 
     </span>
     <span class='ocr_line' id='line_1_20' title="bbox 156 1541 1625 1593; baseline 0 -15"><span class='ocrx_word' id='word_1_179' title='bbox 156 1552 227 1591; x_wconf 86' lang='lat' dir='ltr'>par</span> <span class='ocrx_word' id='word_1_180' title='bbox 253 1541 365 1579; x_wconf 90' lang='lat' dir='ltr'>nobis</span> <span class='ocrx_word' id='word_1_181' title='bbox 385 1548 448 1579; x_wconf 88' lang='lat' dir='ltr'>est</span> <span class='ocrx_word' id='word_1_182' title='bbox 467 1541 689 1580; x_wconf 87' lang='lat' dir='ltr'>discrimen.</span> <span class='ocrx_word' id='word_1_183' title='bbox 755 1542 834 1580; x_wconf 90' lang='lat' dir='ltr'>Sed</span> <span class='ocrx_word' id='word_1_184' title='bbox 860 1542 953 1579; x_wconf 92' lang='lat' dir='ltr'>mihi</span> <span class='ocrx_word' id='word_1_185' title='bbox 980 1542 1152 1593; x_wconf 89' lang='lat' dir='ltr'>quidem,</span> <span class='ocrx_word' id='word_1_186' title='bbox 1183 1542 1215 1579; x_wconf 91' lang='lat' dir='ltr'>si</span> <span class='ocrx_word' id='word_1_187' title='bbox 1233 1554 1303 1579; x_wconf 90' lang='lat' dir='ltr'>vos</span> <span class='ocrx_word' id='word_1_188' title='bbox 1333 1555 1437 1579; x_wconf 89' lang='lat' dir='ltr'>nunc</span> <span class='ocrx_word' id='word_1_189' title='bbox 1466 1542 1513 1579; x_wconf 90' lang='lat' dir='ltr'>ab</span> <span class='ocrx_word' id='word_1_190' title='bbox 1541 1541 1625 1578; x_wconf 90' lang='lat' dir='ltr'>istis</span> 
     </span>
     <span class='ocr_line' id='line_1_21' title="bbox 158 1601 1625 1655; baseline 0.001 -16"><span class='ocrx_word' id='word_1_191' title='bbox 158 1601 419 1654; x_wconf 79' lang='lat' dir='ltr'>decipiemini,</span> <span class='ocrx_word' id='word_1_192' title='bbox 434 1604 600 1655; x_wconf 87' lang='lat' dir='ltr'>posthac</span> <span class='ocrx_word' id='word_1_193' title='bbox 615 1618 693 1642; x_wconf 90' lang='lat' dir='ltr'>non</span> <span class='ocrx_word' id='word_1_194' title='bbox 708 1605 838 1643; x_wconf 90' lang='lat' dir='ltr'>licebit</span> <span class='ocrx_word' id='word_1_195' title='bbox 857 1618 972 1655; x_wconf 81' lang='lat' dir='ltr'>agere</span> <span class='ocrx_word' id='word_1_196' title='bbox 993 1605 1042 1642; x_wconf 91' lang='lat' dir='ltr'>de</span> <span class='ocrx_word' id='word_1_197' title='bbox 1058 1605 1149 1642; x_wconf 87' lang='lat' dir='ltr'>dote</span> <span class='ocrx_word' id='word_1_198' title='bbox 1166 1618 1175 1642; x_wconf 89' lang='lat'>:</span> <span class='ocrx_word' id='word_1_199' title='bbox 1206 1605 1291 1642; x_wconf 89' lang='lat' dir='ltr'>istis</span> <span class='ocrx_word' id='word_1_200' title='bbox 1313 1618 1417 1648; x_wconf 81' lang='lat' dir='ltr'>vero,</span> <span class='ocrx_word' id='word_1_201' title='bbox 1443 1605 1474 1641; x_wconf 92' lang='lat' dir='ltr'>si</span> <span class='ocrx_word' id='word_1_202' title='bbox 1490 1603 1625 1641; x_wconf 88' lang='lat' dir='ltr'>dicunt</span> 
     </span>
     <span class='ocr_line' id='line_1_22' title="bbox 155 1666 1625 1714; baseline 0 -12"><span class='ocrx_word' id='word_1_203' title='bbox 155 1677 219 1702; x_wconf 84' lang='lat' dir='ltr'>me</span> <span class='ocrx_word' id='word_1_204' title='bbox 247 1666 377 1703; x_wconf 89' lang='lat' dir='ltr'>arbitri</span> <span class='ocrx_word' id='word_1_205' title='bbox 401 1667 596 1704; x_wconf 87' lang='lat' dir='ltr'>sententia</span> <span class='ocrx_word' id='word_1_206' title='bbox 620 1667 762 1714; x_wconf 84' lang='lat' dir='ltr'>injuste</span> <span class='ocrx_word' id='word_1_207' title='bbox 790 1680 874 1704; x_wconf 90' lang='lat' dir='ltr'>esse</span> <span class='ocrx_word' id='word_1_208' title='bbox 905 1666 1138 1713; x_wconf 84' lang='lat' dir='ltr'>absolutum,</span> <span class='ocrx_word' id='word_1_209' title='bbox 1159 1673 1199 1704; x_wconf 89' lang='lat' dir='ltr'>et</span> <span class='ocrx_word' id='word_1_210' title='bbox 1229 1673 1312 1704; x_wconf 89' lang='lat' dir='ltr'>tum</span> <span class='ocrx_word' id='word_1_211' title='bbox 1342 1666 1451 1704; x_wconf 87' lang='lat' dir='ltr'>licuit</span> <span class='ocrx_word' id='word_1_212' title='bbox 1479 1666 1530 1703; x_wconf 90' lang='lat' dir='ltr'>ad</span> <span class='ocrx_word' id='word_1_213' title='bbox 1556 1678 1625 1702; x_wconf 87' lang='lat' dir='ltr'>vos</span> 
     </span>
     <span class='ocr_line' id='line_1_23' title="bbox 155 1726 1625 1778; baseline -0.001 -14"><span class='ocrx_word' id='word_1_214' title='bbox 155 1726 365 1778; x_wconf 87' lang='lat' dir='ltr'>appellare,</span> <span class='ocrx_word' id='word_1_215' title='bbox 397 1735 438 1766; x_wconf 90' lang='lat' dir='ltr'>et</span> <span class='ocrx_word' id='word_1_216' title='bbox 465 1741 569 1766; x_wconf 91' lang='lat' dir='ltr'>nunc</span> <span class='ocrx_word' id='word_1_217' title='bbox 603 1728 733 1766; x_wconf 90' lang='lat' dir='ltr'>denuo</span> <span class='ocrx_word' id='word_1_218' title='bbox 763 1728 906 1775; x_wconf 90' lang='lat' dir='ltr'>licebit,</span> <span class='ocrx_word' id='word_1_219' title='bbox 928 1729 959 1766; x_wconf 90' lang='lat' dir='ltr'>si</span> <span class='ocrx_word' id='word_1_220' title='bbox 989 1729 1195 1774; x_wconf 88' lang='lat' dir='ltr'>voluerint,</span> <span class='ocrx_word' id='word_1_221' title='bbox 1210 1729 1276 1778; x_wconf 89' lang='lat' dir='ltr'>jus</span> <span class='ocrx_word' id='word_1_222' title='bbox 1305 1728 1360 1765; x_wconf 89' lang='lat' dir='ltr'>eis</span> <span class='ocrx_word' id='word_1_223' title='bbox 1381 1741 1403 1765; x_wconf 89' lang='lat' dir='ltr'>a</span> <span class='ocrx_word' id='word_1_224' title='bbox 1422 1740 1483 1764; x_wconf 89' lang='lat' dir='ltr'>me</span> <span class='ocrx_word' id='word_1_225' title='bbox 1513 1740 1625 1764; x_wconf 87' lang='lat' dir='ltr'>suum</span> 
     </span>
     <span class='ocr_line' id='line_1_24' title="bbox 157 1787 1626 1842; baseline 0.001 -18"><span class='ocrx_word' id='word_1_226' title='bbox 157 1787 261 1838; x_wconf 88' lang='lat' dir='ltr'>apud</span> <span class='ocrx_word' id='word_1_227' title='bbox 276 1800 345 1825; x_wconf 88' lang='lat' dir='ltr'>vos</span> <span class='ocrx_word' id='word_1_228' title='bbox 366 1787 540 1842; x_wconf 81' lang='lat' dir='ltr'>adipisci.</span> <span class='ocrx_word' id='word_1_229' title='bbox 598 1789 695 1840; x_wconf 85' lang='lat' dir='ltr'>Ego,</span> <span class='ocrx_word' id='word_1_230' title='bbox 715 1789 746 1828; x_wconf 90' lang='lat' dir='ltr'>si</span> <span class='ocrx_word' id='word_1_231' title='bbox 766 1803 826 1827; x_wconf 87' lang='lat' dir='ltr'>me</span> <span class='ocrx_word' id='word_1_232' title='bbox 847 1803 929 1834; x_wconf 86' lang='lat' dir='ltr'>vos,</span> <span class='ocrx_word' id='word_1_233' title='bbox 953 1790 1059 1840; x_wconf 93' lang='lat' dir='ltr'>quod</span> <span class='ocrx_word' id='word_1_234' title='bbox 1088 1790 1202 1835; x_wconf 85' lang='lat' dir='ltr'>absit,</span> <span class='ocrx_word' id='word_1_235' title='bbox 1223 1790 1424 1835; x_wconf 81' lang='lat' dir='ltr'>deseretis,</span> <span class='ocrx_word' id='word_1_236' title='bbox 1452 1802 1531 1826; x_wconf 89' lang='lat' dir='ltr'>non</span> <span class='ocrx_word' id='word_1_237' title='bbox 1557 1788 1626 1826; x_wconf 85' lang='lat' dir='ltr'>ha-</span> 
     </span>
     <span class='ocr_line' id='line_1_25' title="bbox 154 1848 1624 1901; baseline 0 -15"><span class='ocrx_word' id='word_1_238' title='bbox 154 1848 255 1886; x_wconf 87' lang='lat' dir='ltr'>bebo</span> <span class='ocrx_word' id='word_1_239' title='bbox 276 1849 381 1887; x_wconf 92' lang='lat' dir='ltr'>unde</span> <span class='ocrx_word' id='word_1_240' title='bbox 402 1850 490 1887; x_wconf 86' lang='lat' dir='ltr'>flliae</span> <span class='ocrx_word' id='word_1_241' title='bbox 511 1850 641 1887; x_wconf 90' lang='lat' dir='ltr'>dotem</span> <span class='ocrx_word' id='word_1_242' title='bbox 670 1863 936 1896; x_wconf 84' lang='lat' dir='ltr'>annumerem,</span> <span class='ocrx_word' id='word_1_243' title='bbox 953 1850 1064 1901; x_wconf 87' lang='lat' dir='ltr'>cujus</span> <span class='ocrx_word' id='word_1_244' title='bbox 1086 1863 1173 1887; x_wconf 88' lang='lat' dir='ltr'>cum</span> <span class='ocrx_word' id='word_1_245' title='bbox 1194 1857 1334 1887; x_wconf 87' lang='lat' dir='ltr'>natura</span> <span class='ocrx_word' id='word_1_246' title='bbox 1355 1849 1427 1887; x_wconf 91' lang='lat' dir='ltr'>sim</span> <span class='ocrx_word' id='word_1_247' title='bbox 1446 1856 1571 1900; x_wconf 87' lang='lat' dir='ltr'>pater,</span> <span class='ocrx_word' id='word_1_248' title='bbox 1593 1850 1624 1887; x_wconf 87' lang='lat' dir='ltr'>si</span> 
     </span>
     <span class='ocr_line' id='line_1_26' title="bbox 154 1910 1625 1962; baseline 0 -14"><span class='ocrx_word' id='word_1_249' title='bbox 154 1916 341 1948; x_wconf 84' lang='lat' dir='ltr'>staturam</span> <span class='ocrx_word' id='word_1_250' title='bbox 359 1911 442 1962; x_wconf 85' lang='lat' dir='ltr'>ejus</span> <span class='ocrx_word' id='word_1_251' title='bbox 463 1911 640 1958; x_wconf 83' lang='lat' dir='ltr'>videatis,</span> <span class='ocrx_word' id='word_1_252' title='bbox 662 1925 740 1950; x_wconf 89' lang='lat' dir='ltr'>non</span> <span class='ocrx_word' id='word_1_253' title='bbox 759 1913 876 1949; x_wconf 88' lang='lat' dir='ltr'>filiam</span> <span class='ocrx_word' id='word_1_254' title='bbox 901 1914 987 1949; x_wconf 83' lang='lat' dir='ltr'>esse</span> <span class='ocrx_word' id='word_1_255' title='bbox 1007 1925 1149 1957; x_wconf 89' lang='lat' dir='ltr'>meam,</span> <span class='ocrx_word' id='word_1_256' title='bbox 1173 1911 1244 1949; x_wconf 91' lang='lat' dir='ltr'>sed</span> <span class='ocrx_word' id='word_1_257' title='bbox 1275 1924 1446 1949; x_wconf 88' lang='lat' dir='ltr'>sororem</span> <span class='ocrx_word' id='word_1_258' title='bbox 1467 1910 1625 1948; x_wconf 89' lang='lat' dir='ltr'>arbitre-</span> 
     </span>
     <span class='ocr_line' id='line_1_27' title="bbox 154 1971 1626 2021; baseline -0.001 -12"><span class='ocrx_word' id='word_1_259' title='bbox 154 1972 270 2010; x_wconf 88' lang='lat' dir='ltr'>mini:</span> <span class='ocrx_word' id='word_1_260' title='bbox 297 1972 374 2018; x_wconf 86' lang='lat' dir='ltr'>isti,</span> <span class='ocrx_word' id='word_1_261' title='bbox 404 1973 435 2010; x_wconf 88' lang='lat' dir='ltr'>si</span> <span class='ocrx_word' id='word_1_262' title='bbox 467 1986 527 2010; x_wconf 91' lang='lat' dir='ltr'>me</span> <span class='ocrx_word' id='word_1_263' title='bbox 549 1973 743 2021; x_wconf 89' lang='lat' dir='ltr'>juveritis,</span> <span class='ocrx_word' id='word_1_264' title='bbox 763 1973 855 2010; x_wconf 90' lang='lat' dir='ltr'>nihil</span> <span class='ocrx_word' id='word_1_265' title='bbox 879 1973 928 2010; x_wconf 91' lang='lat' dir='ltr'>de</span> <span class='ocrx_word' id='word_1_266' title='bbox 948 1986 1018 2010; x_wconf 90' lang='lat' dir='ltr'>suo</span> <span class='ocrx_word' id='word_1_267' title='bbox 1048 1973 1213 2016; x_wconf 88' lang='lat' dir='ltr'>solvent,</span> <span class='ocrx_word' id='word_1_268' title='bbox 1235 1972 1304 2009; x_wconf 91' lang='lat' dir='ltr'>sed</span> <span class='ocrx_word' id='word_1_269' title='bbox 1325 1972 1372 2009; x_wconf 90' lang='lat' dir='ltr'>de</span> <span class='ocrx_word' id='word_1_270' title='bbox 1393 1984 1482 2009; x_wconf 87' lang='lat' dir='ltr'>mea</span> <span class='ocrx_word' id='word_1_271' title='bbox 1510 1971 1626 2008; x_wconf 89' lang='lat' dir='ltr'>domo</span> 
     </span>
     <span class='ocr_line' id='line_1_28' title="bbox 153 2033 1626 2085; baseline -0.002 -13"><span class='ocrx_word' id='word_1_272' title='bbox 153 2047 284 2072; x_wconf 91' lang='lat' dir='ltr'>meum</span> <span class='ocrx_word' id='word_1_273' title='bbox 303 2034 397 2071; x_wconf 90' lang='lat' dir='ltr'>mihi</span> <span class='ocrx_word' id='word_1_274' title='bbox 416 2034 593 2081; x_wconf 84' lang='lat' dir='ltr'>reddent,</span> <span class='ocrx_word' id='word_1_275' title='bbox 613 2048 728 2085; x_wconf 88' lang='lat' dir='ltr'>quam</span> <span class='ocrx_word' id='word_1_276' title='bbox 750 2048 838 2072; x_wconf 88' lang='lat' dir='ltr'>cum</span> <span class='ocrx_word' id='word_1_277' title='bbox 858 2033 1135 2072; x_wconf 82' lang='lat' dir='ltr'>secreverimus</span> <span class='ocrx_word' id='word_1_278' title='bbox 1151 2033 1406 2071; x_wconf 86' lang='lat' dir='ltr'>communiter</span> <span class='ocrx_word' id='word_1_279' title='bbox 1420 2046 1555 2070; x_wconf 89' lang='lat' dir='ltr'>omnes</span> <span class='ocrx_word' id='word_1_280' title='bbox 1576 2033 1626 2070; x_wconf 93' lang='lat' dir='ltr'>ad</span> 
     </span>
     <span class='ocr_line' id='line_1_29' title="bbox 155 2094 1625 2146; baseline -0.003 -12"><span class='ocrx_word' id='word_1_281' title='bbox 155 2095 257 2134; x_wconf 90' lang='lat' dir='ltr'>dotis</span> <span class='ocrx_word' id='word_1_282' title='bbox 289 2096 537 2145; x_wconf 82' lang='lat' dir='ltr'>solutionem,</span> <span class='ocrx_word' id='word_1_283' title='bbox 559 2096 621 2134; x_wconf 89' lang='lat' dir='ltr'>isti</span> <span class='ocrx_word' id='word_1_284' title='bbox 647 2096 823 2134; x_wconf 84' lang='lat' dir='ltr'>habitare</span> <span class='ocrx_word' id='word_1_285' title='bbox 855 2096 893 2133; x_wconf 91' lang='lat' dir='ltr'>in</span> <span class='ocrx_word' id='word_1_286' title='bbox 928 2109 974 2134; x_wconf 89' lang='lat' dir='ltr'>ea</span> <span class='ocrx_word' id='word_1_287' title='bbox 1007 2096 1078 2133; x_wconf 89' lang='lat' dir='ltr'>soli</span> <span class='ocrx_word' id='word_1_288' title='bbox 1109 2101 1290 2146; x_wconf 85' lang='lat' dir='ltr'>pergunt.</span> <span class='ocrx_word' id='word_1_289' title='bbox 1348 2094 1488 2145; x_wconf 90' lang='lat' dir='ltr'>Neque</span> <span class='ocrx_word' id='word_1_290' title='bbox 1524 2094 1625 2131; x_wconf 87' lang='lat' dir='ltr'>enim</span> 
     </span>
     <span class='ocr_line' id='line_1_30' title="bbox 155 2156 1624 2201; baseline -0.001 -7"><span class='ocrx_word' id='word_1_291' title='bbox 155 2157 248 2194; x_wconf 86' lang='lat' dir='ltr'>mihi</span> <span class='ocrx_word' id='word_1_292' title='bbox 268 2159 516 2196; x_wconf 86' lang='lat' dir='ltr'>commodum</span> <span class='ocrx_word' id='word_1_293' title='bbox 536 2166 596 2196; x_wconf 87' lang='lat' dir='ltr'>est</span> <span class='ocrx_word' id='word_1_294' title='bbox 613 2159 730 2196; x_wconf 85' lang='lat' dir='ltr'>filiam</span> <span class='ocrx_word' id='word_1_295' title='bbox 750 2159 911 2196; x_wconf 86' lang='lat' dir='ltr'>habenti</span> <span class='ocrx_word' id='word_1_296' title='bbox 942 2158 1109 2195; x_wconf 89' lang='lat' dir='ltr'>nubilem</span> <span class='ocrx_word' id='word_1_297' title='bbox 1144 2171 1231 2195; x_wconf 89' lang='lat' dir='ltr'>cum</span> <span class='ocrx_word' id='word_1_298' title='bbox 1265 2157 1405 2194; x_wconf 88' lang='lat' dir='ltr'>talibus</span> <span class='ocrx_word' id='word_1_299' title='bbox 1437 2156 1624 2201; x_wconf 84' lang='lat' dir='ltr'>habitare,</span> 
     </span>
     <span class='ocr_line' id='line_1_31' title="bbox 155 2217 1624 2271; baseline -0.002 -15"><span class='ocrx_word' id='word_1_300' title='bbox 155 2219 220 2270; x_wconf 92' lang='lat' dir='ltr'>qui</span> <span class='ocrx_word' id='word_1_301' title='bbox 241 2233 318 2258; x_wconf 89' lang='lat' dir='ltr'>non</span> <span class='ocrx_word' id='word_1_302' title='bbox 338 2220 412 2271; x_wconf 88' lang='lat' dir='ltr'>ipsi</span> <span class='ocrx_word' id='word_1_303' title='bbox 433 2220 550 2257; x_wconf 89' lang='lat' dir='ltr'>modo</span> <span class='ocrx_word' id='word_1_304' title='bbox 568 2219 764 2258; x_wconf 86' lang='lat' dir='ltr'>luxuriose</span> <span class='ocrx_word' id='word_1_305' title='bbox 783 2220 932 2265; x_wconf 88' lang='lat' dir='ltr'>vivunt,</span> <span class='ocrx_word' id='word_1_306' title='bbox 961 2227 1020 2257; x_wconf 90' lang='lat' dir='ltr'>set</span> <span class='ocrx_word' id='word_1_307' title='bbox 1047 2227 1085 2256; x_wconf 90' lang='lat' dir='ltr'>et</span> <span class='ocrx_word' id='word_1_308' title='bbox 1112 2219 1169 2255; x_wconf 89' lang='lat' dir='ltr'>sui</span> <span class='ocrx_word' id='word_1_309' title='bbox 1192 2218 1336 2256; x_wconf 85' lang='lat' dir='ltr'>similes</span> <span class='ocrx_word' id='word_1_310' title='bbox 1358 2217 1454 2255; x_wconf 90' lang='lat' dir='ltr'>alios</span> <span class='ocrx_word' id='word_1_311' title='bbox 1482 2217 1624 2254; x_wconf 87' lang='lat' dir='ltr'>multos</span> 
     </span>
     <span class='ocr_line' id='line_1_32' title="bbox 154 2279 1625 2331; baseline -0.003 -13"><span class='ocrx_word' id='word_1_312' title='bbox 154 2281 193 2318; x_wconf 90' lang='lat' dir='ltr'>in</span> <span class='ocrx_word' id='word_1_313' title='bbox 213 2281 320 2319; x_wconf 88' lang='lat' dir='ltr'>aedes</span> <span class='ocrx_word' id='word_1_314' title='bbox 340 2280 748 2331; x_wconf 71' lang='lat' dir='ltr'>int1·0ducunt„neque</span> <span class='ocrx_word' id='word_1_315' title='bbox 770 2281 901 2325; x_wconf 87' lang='lat' dir='ltr'>etiam,</span> <span class='ocrx_word' id='word_1_316' title='bbox 922 2281 976 2318; x_wconf 84' lang='lat' dir='ltr'>ita</span> <span class='ocrx_word' id='word_1_317' title='bbox 995 2293 1055 2317; x_wconf 87' lang='lat' dir='ltr'>rne</span> <span class='ocrx_word' id='word_1_318' title='bbox 1078 2288 1182 2317; x_wconf 88' lang='lat' dir='ltr'>amet</span> <span class='ocrx_word' id='word_1_319' title='bbox 1201 2279 1371 2330; x_wconf 87' lang='lat' dir='ltr'>Jupiter,</span> <span class='ocrx_word' id='word_1_320' title='bbox 1390 2286 1516 2316; x_wconf 84' lang='lat' dir='ltr'>tutum</span> <span class='ocrx_word' id='word_1_321' title='bbox 1537 2291 1625 2315; x_wconf 89' lang='lat' dir='ltr'>esse</span> 
     </span>
     <span class='ocr_line' id='line_1_33' title="bbox 155 2339 1625 2393; baseline -0.003 -13"><span class='ocrx_word' id='word_1_322' title='bbox 155 2341 246 2380; x_wconf 89' lang='lat' dir='ltr'>mihi</span> <span class='ocrx_word' id='word_1_323' title='bbox 278 2349 374 2393; x_wconf 90' lang='lat' dir='ltr'>puto</span> <span class='ocrx_word' id='word_1_324' title='bbox 395 2355 600 2380; x_wconf 89' lang='lat' dir='ltr'>commune</span> <span class='ocrx_word' id='word_1_325' title='bbox 627 2355 715 2380; x_wconf 89' lang='lat' dir='ltr'>cum</span> <span class='ocrx_word' id='word_1_326' title='bbox 744 2341 966 2379; x_wconf 88' lang='lat' dir='ltr'>hominibus</span> <span class='ocrx_word' id='word_1_327' title='bbox 998 2339 1214 2378; x_wconf 82' lang='lat' dir='ltr'>istiusmodi</span> <span class='ocrx_word' id='word_1_328' title='bbox 1243 2339 1504 2377; x_wconf 83' lang='lat' dir='ltr'>domicilium:</span> <span class='ocrx_word' id='word_1_329' title='bbox 1536 2352 1625 2376; x_wconf 80' lang='lat' dir='ltr'>nam</span> 
     </span>
     <span class='ocr_line' id='line_1_34' title="bbox 154 2402 1624 2455; baseline -0.003 -13"><span class='ocrx_word' id='word_1_330' title='bbox 154 2403 221 2454; x_wconf 92' lang='lat' dir='ltr'>qui</span> <span class='ocrx_word' id='word_1_331' title='bbox 239 2404 336 2442; x_wconf 87' lang='lat' dir='ltr'>adeo</span> <span class='ocrx_word' id='word_1_332' title='bbox 356 2404 486 2455; x_wconf 83' lang='lat' dir='ltr'>palam</span> <span class='ocrx_word' id='word_1_333' title='bbox 513 2404 605 2441; x_wconf 88' lang='lat' dir='ltr'>mihi</span> <span class='ocrx_word' id='word_1_334' title='bbox 625 2417 694 2455; x_wconf 86' lang='lat' dir='ltr'>per</span> <span class='ocrx_word' id='word_1_335' title='bbox 713 2404 873 2441; x_wconf 86' lang='lat' dir='ltr'>insidias</span> <span class='ocrx_word' id='word_1_336' title='bbox 901 2402 1117 2453; x_wconf 88' lang='lat' dir='ltr'>periculum</span> <span class='ocrx_word' id='word_1_337' title='bbox 1139 2402 1177 2438; x_wconf 90' lang='lat' dir='ltr'>in</span> <span class='ocrx_word' id='word_1_338' title='bbox 1203 2403 1408 2452; x_wconf 77' lang='lat' dir='ltr'>Areopago</span> <span class='ocrx_word' id='word_1_339' title='bbox 1430 2408 1624 2445; x_wconf 82' lang='lat' dir='ltr'>crearunt,</span> 
     </span>
     <span class='ocr_line' id='line_1_35' title="bbox 155 2462 1625 2517; baseline -0.003 -13"><span class='ocrx_word' id='word_1_340' title='bbox 155 2478 233 2517; x_wconf 91' lang='lat' dir='ltr'>quo</span> <span class='ocrx_word' id='word_1_341' title='bbox 251 2466 315 2504; x_wconf 90' lang='lat' dir='ltr'>isti</span> <span class='ocrx_word' id='word_1_342' title='bbox 335 2466 444 2504; x_wconf 89' lang='lat' dir='ltr'>vobis</span> <span class='ocrx_word' id='word_1_343' title='bbox 461 2472 529 2503; x_wconf 92' lang='lat' dir='ltr'>aut</span> <span class='ocrx_word' id='word_1_344' title='bbox 545 2465 733 2503; x_wconf 78' lang='lat' dir='ltr'>veneficio</span> <span class='ocrx_word' id='word_1_345' title='bbox 754 2471 821 2503; x_wconf 89' lang='lat' dir='ltr'>aut</span> <span class='ocrx_word' id='word_1_346' title='bbox 840 2465 914 2502; x_wconf 87' lang='lat' dir='ltr'>alio</span> <span class='ocrx_word' id='word_1_347' title='bbox 935 2465 1110 2516; x_wconf 83' lang='lat' dir='ltr'>ejusdem</span> <span class='ocrx_word' id='word_1_348' title='bbox 1133 2463 1285 2514; x_wconf 87' lang='lat' dir='ltr'>generis</span> <span class='ocrx_word' id='word_1_349' title='bbox 1307 2463 1477 2500; x_wconf 87' lang='lat' dir='ltr'>facinore</span> <span class='ocrx_word' id='word_1_350' title='bbox 1507 2462 1625 2500; x_wconf 83' lang='lat' dir='ltr'>absti-</span> 
     </span>
     <span class='ocr_line' id='line_1_36' title="bbox 155 2523 1626 2577; baseline -0.004 -12"><span class='ocrx_word' id='word_1_351' title='bbox 155 2540 246 2566; x_wconf 83' lang='lat' dir='ltr'>nere</span> <span class='ocrx_word' id='word_1_352' title='bbox 265 2527 364 2566; x_wconf 86' lang='lat' dir='ltr'>velle</span> <span class='ocrx_word' id='word_1_353' title='bbox 383 2526 617 2566; x_wconf 76' lang='lat' dir='ltr'>videantur?</span> <span class='ocrx_word' id='word_1_354' title='bbox 649 2527 726 2570; x_wconf 85' lang='lat' dir='ltr'>Qui</span> <span class='ocrx_word' id='word_1_355' title='bbox 745 2533 885 2577; x_wconf 83' lang='lat' dir='ltr'>praeter</span> <span class='ocrx_word' id='word_1_356' title='bbox 906 2534 1192 2564; x_wconf 77' lang='lat' dir='ltr'>caetera—-nam</span> <span class='ocrx_word' id='word_1_357' title='bbox 1215 2531 1254 2562; x_wconf 91' lang='lat' dir='ltr'>et</span> <span class='ocrx_word' id='word_1_358' title='bbox 1272 2525 1349 2562; x_wconf 88' lang='lat' dir='ltr'>hoc</span> <span class='ocrx_word' id='word_1_359' title='bbox 1371 2524 1486 2562; x_wconf 88' lang='lat' dir='ltr'>modo</span> <span class='ocrx_word' id='word_1_360' title='bbox 1518 2523 1626 2560; x_wconf 76' lang='lat' dir='ltr'>venit</span> 
     </span>
     <span class='ocr_line' id='line_1_37' title="bbox 154 2584 1624 2640; baseline -0.004 -14"><span class='ocrx_word' id='word_1_361' title='bbox 154 2589 192 2626; x_wconf 94' lang='lat' dir='ltr'>in</span> <span class='ocrx_word' id='word_1_362' title='bbox 213 2589 571 2627; x_wconf 89' lang='lat' dir='ltr'>memoriam—tam</span> <span class='ocrx_word' id='word_1_363' title='bbox 587 2588 728 2640; x_wconf 83' lang='lat' dir='ltr'>insigni</span> <span class='ocrx_word' id='word_1_364' title='bbox 744 2601 831 2626; x_wconf 89' lang='lat' dir='ltr'>esse</span> <span class='ocrx_word' id='word_1_365' title='bbox 846 2595 1045 2639; x_wconf 85' lang='lat' dir='ltr'>coeperunt</span> <span class='ocrx_word' id='word_1_366' title='bbox 1061 2586 1313 2638; x_wconf 84' lang='lat' dir='ltr'>impudentia,</span> <span class='ocrx_word' id='word_1_367' title='bbox 1336 2593 1377 2623; x_wconf 91' lang='lat' dir='ltr'>ut</span> <span class='ocrx_word' id='word_1_368' title='bbox 1400 2593 1439 2623; x_wconf 87' lang='lat' dir='ltr'>et</span> <span class='ocrx_word' id='word_1_369' title='bbox 1455 2584 1624 2621; x_wconf 85' lang='lat' dir='ltr'>Critonis</span> 
     </span>
     <span class='ocr_line' id='line_1_38' title="bbox 155 2645 1622 2703; baseline -0.005 -14"><span class='ocrx_word' id='word_1_370' title='bbox 155 2651 418 2689; x_wconf 70' lang='lat' dir='ltr'>testimonium</span> <span class='ocrx_word' id='word_1_371' title='bbox 449 2651 663 2703; x_wconf 88' lang='lat' dir='ltr'>injecerint,</span> <span class='ocrx_word' id='word_1_372' title='bbox 684 2664 770 2688; x_wconf 88' lang='lat' dir='ltr'>eum</span> <span class='ocrx_word' id='word_1_373' title='bbox 800 2650 952 2687; x_wconf 86' lang='lat' dir='ltr'>tertiam</span> <span class='ocrx_word' id='word_1_374' title='bbox 983 2649 1125 2686; x_wconf 82' lang='lat' dir='ltr'>aedium</span> <span class='ocrx_word' id='word_1_375' title='bbox 1158 2655 1305 2698; x_wconf 87' lang='lat' dir='ltr'>partem</span> <span class='ocrx_word' id='word_1_376' title='bbox 1326 2660 1350 2685; x_wconf 88' lang='lat' dir='ltr'>a</span> <span class='ocrx_word' id='word_1_377' title='bbox 1374 2660 1434 2684; x_wconf 87' lang='lat' dir='ltr'>me</span> <span class='ocrx_word' id='word_1_378' title='bbox 1460 2645 1622 2683; x_wconf 83' lang='lat' dir='ltr'>emissc:</span> 
     </span>
     <span class='ocr_line' id='line_1_39' title="bbox 157 2711 922 2763; baseline -0.005 -12"><span class='ocrx_word' id='word_1_379' title='bbox 157 2713 262 2763; x_wconf 90' lang='lat' dir='ltr'>quod</span> <span class='ocrx_word' id='word_1_380' title='bbox 280 2726 367 2751; x_wconf 90' lang='lat' dir='ltr'>esse</span> <span class='ocrx_word' id='word_1_381' title='bbox 387 2713 526 2751; x_wconf 88' lang='lat' dir='ltr'>falsum</span> <span class='ocrx_word' id='word_1_382' title='bbox 547 2713 660 2751; x_wconf 88' lang='lat' dir='ltr'>facile</span> <span class='ocrx_word' id='word_1_383' title='bbox 682 2711 922 2762; x_wconf 83' lang='lat' dir='ltr'>intelligetis.</span> 
     </span>
    </p>

    <p class='ocr_par' dir='ltr' id='par_1_5' title="bbox 153 2767 1624 3011">
     <span class='ocr_line' id='line_1_40' title="bbox 214 2767 1623 2823; baseline -0.006 -11"><span class='ocrx_word' id='word_1_384' title='bbox 214 2776 276 2813; x_wconf 88' lang='lat'>13.</span> <span class='ocrx_word' id='word_1_385' title='bbox 307 2774 477 2812; x_wconf 89' lang='lat' dir='ltr'>Primum</span> <span class='ocrx_word' id='word_1_386' title='bbox 506 2775 607 2812; x_wconf 89' lang='lat' dir='ltr'>enim</span> <span class='ocrx_word' id='word_1_387' title='bbox 635 2787 714 2812; x_wconf 88' lang='lat' dir='ltr'>non</span> <span class='ocrx_word' id='word_1_388' title='bbox 747 2773 802 2810; x_wconf 82' lang='lat' dir='ltr'>ita</span> <span class='ocrx_word' id='word_1_389' title='bbox 821 2771 1021 2823; x_wconf 78' lang='lat' dir='ltr'>frugaliter</span> <span class='ocrx_word' id='word_1_390' title='bbox 1042 2770 1133 2808; x_wconf 89' lang='lat' dir='ltr'>vivit</span> <span class='ocrx_word' id='word_1_391' title='bbox 1154 2769 1276 2814; x_wconf 80' lang='lat' dir='ltr'>Crito,</span> <span class='ocrx_word' id='word_1_392' title='bbox 1296 2777 1339 2806; x_wconf 87' lang='lat' dir='ltr'>ut</span> <span class='ocrx_word' id='word_1_393' title='bbox 1359 2768 1406 2805; x_wconf 77' lang='lat' dir='ltr'>ab</span> <span class='ocrx_word' id='word_1_394' title='bbox 1427 2767 1501 2805; x_wconf 81' lang='lat' dir='ltr'>alio</span> <span class='ocrx_word' id='word_1_395' title='bbox 1521 2767 1623 2804; x_wconf 75' lang='lat' dir='ltr'>aedes</span> 
     </span>
     <span class='ocr_line' id='line_1_41' title="bbox 159 2829 1624 2887; baseline -0.003 -15"><span class='ocrx_word' id='word_1_396' title='bbox 159 2831 276 2880; x_wconf 88' lang='lat' dir='ltr'>emat,</span> <span class='ocrx_word' id='word_1_397' title='bbox 291 2835 360 2874; x_wconf 88' lang='lat' dir='ltr'>sed</span> <span class='ocrx_word' id='word_1_398' title='bbox 379 2837 433 2874; x_wconf 87' lang='lat' dir='ltr'>ita</span> <span class='ocrx_word' id='word_1_399' title='bbox 452 2842 678 2887; x_wconf 86' lang='lat' dir='ltr'>sumptuose</span> <span class='ocrx_word' id='word_1_400' title='bbox 711 2843 750 2873; x_wconf 92' lang='lat' dir='ltr'>et</span> <span class='ocrx_word' id='word_1_401' title='bbox 778 2834 987 2878; x_wconf 84' lang='lat' dir='ltr'>luxuriose,</span> <span class='ocrx_word' id='word_1_402' title='bbox 1008 2840 1052 2870; x_wconf 89' lang='lat' dir='ltr'>ut</span> <span class='ocrx_word' id='word_1_403' title='bbox 1080 2840 1218 2883; x_wconf 80' lang='lat' dir='ltr'>praeter</span> <span class='ocrx_word' id='word_1_404' title='bbox 1250 2843 1320 2868; x_wconf 87' lang='lat' dir='ltr'>sua</span> <span class='ocrx_word' id='word_1_405' title='bbox 1347 2830 1461 2867; x_wconf 80' lang='lat' dir='ltr'>etiam</span> <span class='ocrx_word' id='word_1_406' title='bbox 1497 2829 1624 2867; x_wconf 82' lang='lat' dir='ltr'>aliena</span> 
     </span>
     <span class='ocr_line' id='line_1_42' title="bbox 157 2894 1622 2939; baseline -0.003 -4"><span class='ocrx_word' id='word_1_407' title='bbox 157 2905 389 2937; x_wconf 86' lang='lat' dir='ltr'>consumat:</span> <span class='ocrx_word' id='word_1_408' title='bbox 418 2900 558 2938; x_wconf 88' lang='lat' dir='ltr'>deinde</span> <span class='ocrx_word' id='word_1_409' title='bbox 587 2912 664 2938; x_wconf 86' lang='lat' dir='ltr'>non</span> <span class='ocrx_word' id='word_1_410' title='bbox 696 2898 756 2936; x_wconf 75' lang='lat' dir='ltr'>isti</span> <span class='ocrx_word' id='word_1_411' title='bbox 785 2911 888 2936; x_wconf 89' lang='lat' dir='ltr'>nunc</span> <span class='ocrx_word' id='word_1_412' title='bbox 911 2896 1174 2935; x_wconf 87' lang='lat' dir='ltr'>testimonium</span> <span class='ocrx_word' id='word_1_413' title='bbox 1217 2894 1326 2939; x_wconf 87' lang='lat' dir='ltr'>dicit,</span> <span class='ocrx_word' id='word_1_414' title='bbox 1358 2894 1427 2932; x_wconf 87' lang='lat' dir='ltr'>sed</span> <span class='ocrx_word' id='word_1_415' title='bbox 1462 2894 1551 2931; x_wconf 77' lang='lat' dir='ltr'>mihi</span> <span class='ocrx_word' id='word_1_416' title='bbox 1587 2894 1622 2930; x_wconf 85' lang='lat' dir='ltr'>in</span> 
     </span>
     <span class='ocr_line' id='line_1_43' title="bbox 153 2957 1623 3011; baseline -0.003 -13"><span class='ocrx_word' id='word_1_417' title='bbox 153 2960 300 3011; x_wconf 88' lang='lat' dir='ltr'>judicio</span> <span class='ocrx_word' id='word_1_418' title='bbox 332 2959 570 3000; x_wconf 88' lang='lat' dir='ltr'>adversatur.</span> <span class='ocrx_word' id='word_1_419' title='bbox 628 2961 726 3004; x_wconf 82' lang='lat' dir='ltr'>Quis</span> <span class='ocrx_word' id='word_1_420' title='bbox 758 2960 860 2998; x_wconf 80' lang='lat' dir='ltr'>enim</span> <span class='ocrx_word' id='word_1_421' title='bbox 898 2966 1069 2997; x_wconf 83' lang='lat' dir='ltr'>vestrum</span> <span class='ocrx_word' id='word_1_422' title='bbox 1098 2957 1261 3008; x_wconf 82' lang='lat' dir='ltr'>ignorat,</span> <span class='ocrx_word' id='word_1_423' title='bbox 1286 2963 1404 2994; x_wconf 81' lang='lat' dir='ltr'>testes</span> <span class='ocrx_word' id='word_1_424' title='bbox 1435 2968 1519 2994; x_wconf 77' lang='lat' dir='ltr'>esse</span> <span class='ocrx_word' id='word_1_425' title='bbox 1542 2968 1623 2994; x_wconf 83' lang='lat' dir='ltr'>eos.</span> 
     </span>
    </p>
   </div>
  </div>
 </body>
</html>
