1998 3306
378 208 453 246 568
735 206 1030 246 ADVERSUS
1063 207 1475 247 PANTAENETUM.

377 323 505 361 neque
526 310 721 362 Evergum
741 318 786 350 ut
815 311 974 364 injurios
996 311 1162 350 detulit:
1192 310 1264 350 sed
1293 311 1331 350 in
1354 310 1504 363 judicio
1523 309 1617 349 talia
1644 323 1733 349 cum
1752 323 1842 362 pro-

376 372 582 424 posuisset,
619 372 771 411 duobus
801 373 957 412 talentis
995 374 1210 412 mulctavit.
1279 374 1372 412 Erat
1407 372 1586 411 nimirum
1624 372 1844 424 praescienti

377 434 536 481 crimen,
574 434 684 486 cujus
724 443 985 485 accusaretur,
1013 437 1175 475 veritate
1214 443 1254 474 et
1283 436 1466 486 aequitate
1504 443 1665 473 ostensa
1693 434 1845 486 legibus

377 496 490 535 facile
511 497 682 536 absolvi:
704 498 774 536 sed
794 498 831 535 in
852 498 1004 537 actione
1021 499 1228 550 metallica,
1250 506 1289 537 et
1312 498 1349 535 in
1370 498 1415 536 iis
1434 498 1548 536 rebus
1569 497 1618 535 de
1637 497 1777 548 quibus
1797 510 1845 534 ne

377 565 627 598 accusaretur
646 559 739 598 nihil
759 561 970 607 metuebat,
990 560 1146 599 difficile
1168 567 1251 598 erat
1270 559 1505 599 calumniam
1526 572 1546 597 e
1565 558 1732 610 vestigio
1754 571 1846 610 pro-

375 621 544 673 pulsare.
600 621 808 660 Iracundia
827 629 957 660 autem
971 622 1147 672 judicum
1175 623 1223 660 ab
1244 622 1317 660 isto
1338 622 1608 673 deceptorum,
1623 633 1702 672 qua
1725 620 1775 658 de
1805 633 1846 658 re
1887 645 1892 656 i

377 682 563 734 suffragia
589 683 664 721 illis
694 684 853 723 serenda
883 692 1006 731 erant,
1034 685 1115 736 ejus
1146 685 1253 722 illum
1276 683 1563 722 condemnavit.
1622 681 1697 726 Qui
1730 681 1847 732 igitur

374 744 461 783 illos
482 745 638 796 decepit
653 745 823 798 judices,
846 759 987 785 eumne
1004 747 1272 785 dubitaturum
1293 760 1362 784 vos
1383 745 1562 797 decipere
1582 743 1756 796 putatis?
1780 750 1848 782 aut

375 819 494 845 causa
526 808 665 846 fretum
696 810 914 860 ingressum
942 823 1042 857 esse,
1072 823 1117 848 ac
1148 822 1226 847 non
1258 809 1479 860 eloquentia
1499 815 1539 847 et
1567 821 1647 846 suae
1667 806 1848 847 factionis

374 869 553 915 testibuS,
588 871 737 922 impuro
769 879 808 910 et
842 872 1083 910 exsecrando
1114 871 1252 910 Procle
1283 885 1428 922 magno
1463 870 1544 918 illo,
1576 876 1615 909 et
1654 869 1846 908 Stratocle

373 931 546 969 omnium
576 931 775 971 hominum
809 941 848 972 et
874 934 1125 972 disertissimo
1154 941 1193 972 et
1223 934 1520 985 improbissimo,
1541 941 1581 971 et
1608 932 1849 984 impudentia

375 1006 447 1031 sua
465 994 532 1044 qui
552 994 645 1031 nihil
666 1003 873 1033 cunctetur
892 1002 961 1032 aut
986 997 1190 1033 erubescat
1212 996 1364 1046 plorare
1392 1008 1439 1033 ac
1459 994 1684 1033 lamentari?
1723 993 1845 1044 Atqui

373 1061 525 1093 tantum
546 1056 659 1093 abest
679 1065 723 1093 ut
742 1056 794 1094 sis
816 1057 945 1107 aliqua
967 1057 1232 1094 misericordia
1260 1058 1417 1106 dignus,
1435 1064 1479 1094 ut
1502 1062 1660 1107 propter
1687 1055 1847 1093 fraudes

373 1123 413 1155 et
431 1117 608 1155 facinora
628 1117 679 1155 sis
699 1117 870 1155 omnium
904 1117 1103 1155 hominurn
1128 1115 1413 1154 odiosissimus:
1444 1116 1509 1167 qui
1537 1116 1661 1154 minas
1690 1122 1847 1155 centum

371 1185 411 1217 et
439 1175 611 1231 quinque
642 1191 732 1217 cum
761 1179 935 1225 deberes,
968 1192 1114 1230 easque
1143 1177 1303 1216 reddere
1333 1191 1412 1217 non
1444 1191 1595 1230 posses,
1616 1191 1683 1217 eos
1711 1178 1775 1229 qui
1808 1187 1846 1216 te

365 1240 554 1291 juverunt
576 1248 615 1279 et
642 1241 682 1278 in
715 1254 836 1280 causa
865 1242 1023 1279 fuerunt
1052 1247 1095 1279 ut
1122 1241 1239 1279 fidem
1266 1254 1440 1280 servares
1481 1241 1526 1279 iis
1554 1241 1620 1292 qui
1648 1247 1777 1280 tecum
1798 1241 1846 1279 ab

372 1302 482 1341 initio
517 1310 805 1350 contraxerant,
838 1309 1097 1355 praeterquam
1129 1302 1236 1354 quod
1265 1303 1303 1341 in
1338 1303 1422 1354 ipso
1461 1309 1666 1342 contractu
1707 1303 1845 1350 violas,

371 1366 487 1403 etiarn
505 1364 720 1416 ignominia
736 1363 873 1404 notare
895 1366 1043 1404 studes.
1090 1365 1265 1403 Caeteros
1287 1365 1444 1417 quidem
1461 1365 1653 1404 debitores
1672 1363 1846 1403 videmus

370 1426 537 1465 fortunis
556 1425 721 1464 cedere:
752 1426 787 1465 ei
805 1440 897 1466 vero
922 1427 988 1478 qui
1017 1426 1225 1478 pecuniam
1243 1426 1313 1465 tibi
1333 1427 1511 1474 credidit,
1533 1427 1610 1465 hoc
1631 1426 1786 1473 accidit,
1807 1433 1847 1465 et

373 1487 439 1538 qui
458 1488 649 1526 talentum
668 1488 874 1535 mutuavit,
890 1488 1044 1527 duobus
1065 1502 1132 1540 per
1151 1489 1387 1527 calumniam
1407 1496 1466 1528 est
1487 1489 1708 1528 mulctatus.
1758 1489 1844 1540 Ego

371 1561 476 1596 vero,
495 1549 562 1601 qui
582 1550 842 1602 quadraginta
861 1551 1032 1603 quinque
1060 1552 1185 1589 minas
1211 1552 1397 1597 mutuavi,
1418 1551 1455 1589 in
1481 1546 1556 1590 hoc
1576 1550 1727 1603 judicio
1747 1551 1844 1589 duo—

371 1624 454 1648 rum
472 1612 663 1650 talentum
685 1612 856 1664 periculo
878 1625 1038 1651 causam
1056 1613 1143 1651 dico
1158 1626 1168 1653 ι
1190 1619 1242 1659 et,
1258 1613 1309 1651 ad
1325 1627 1413 1665 quae
1431 1626 1628 1664 nunquam
1648 1613 1736 1665 plus
1751 1627 1843 1652 cen-

372 1680 454 1711 tum
474 1674 586 1712 minis
608 1674 774 1712 mutuari
804 1674 976 1726 potuisti,
995 1688 1084 1726 quae
1103 1675 1226 1713 tribus
1253 1675 1420 1728 talentis,
1433 1675 1614 1714 universa
1634 1675 1843 1714 vendidisti

371 1741 410 1772 et
430 1735 487 1773 bis
507 1735 615 1774 mille
636 1735 847 1787 drachmis,
863 1736 901 1774 in
921 1737 966 1775 iis
988 1744 1155 1788 quatuor
1173 1737 1364 1776 talentum
1389 1737 1539 1776 scilicet
1558 1737 1698 1788 injuria
1727 1751 1767 1776 es
1787 1737 1844 1776 af-

368 1795 497 1834 fectus
517 1810 539 1834 a
558 1797 741 1848 quodam,
759 1810 896 1848 eoque,
918 1798 950 1836 si
974 1798 1048 1837 diis
1068 1799 1212 1850 placet,
1234 1811 1346 1837 servo
1367 1811 1466 1836 me0.
1525 1799 1622 1843 Quis
1650 1811 1742 1836 vero
1763 1798 1842 1836 suis

368 1858 485 1896 rebus
519 1859 614 1896 civis
644 1872 754 1897 servo
780 1859 970 1898 cederet?
999 1860 1136 1910 quisve
1171 1860 1320 1899 diceret
1349 1873 1480 1898 earum
1508 1873 1647 1906 rerum,
1677 1873 1841 1911 quarum

370 1918 452 1970 ipse
487 1920 687 1958 damnavit
717 1921 928 1972 Evergum,
950 1921 1066 1959 etiam
1098 1921 1286 1960 famulum
1312 1934 1439 1959 meum
1467 1921 1658 1960 rationem
1679 1921 1842 1960 reddere

369 1980 580 2031 oportere?
623 1981 702 2020 Sed
729 1981 789 2020 his
809 1981 975 2028 omissis,
996 1982 1066 2020 iste
1097 1983 1178 2034 ipse
1208 1982 1352 2021 talibus
1379 1982 1605 2021 criminibus
1633 1996 1722 2021 eum
1746 1983 1843 2022 libe-

369 2041 467 2079 ravit
486 2043 678 2080 omnibus.
737 2042 878 2095 Neque
899 2044 999 2082 enim
1021 2043 1060 2082 id
1081 2057 1185 2082 nune
1206 2044 1417 2083 dicendum
1437 2051 1533 2090 erat,
1552 2057 1678 2095 neque
1698 2044 1737 2082 in
1752 2059 1841 2097 pro-

367 2105 571 2143 vocatione
598 2104 846 2143 scribendum
878 2105 916 2142 in
950 2118 1028 2156 qua
1053 2106 1310 2157 quaestionem
1337 2106 1481 2144 habere
1505 2106 1710 2144 studebat:
1759 2108 1841 2154 sed,

370 2166 422 2204 illi
454 2167 602 2206 dictato
630 2167 792 2219 judicio,
813 2181 873 2206 me
904 2168 1102 2207 dominum
1130 2168 1312 2220 persequi
1335 2168 1606 2207 conveniebat.
1665 2168 1783 2207 Nune
1803 2176 1844 2208 et

368 2229 461 2266 mihi
480 2229 587 2268 litem
607 2230 785 2277 intendit,
805 2237 843 2268 et
870 2230 977 2269 illum
1009 2237 1196 2275 accusat;
1227 2244 1315 2282 quae
1334 2230 1490 2281 legibus
1509 2230 1716 2269 interdicta
1734 2238 1838 2268 sunt.

369 2291 466 2334 Quis
487 2291 591 2329 enim
611 2305 781 2342 unquam
808 2293 959 2331 actione
980 2298 1116 2331 contra
1136 2291 1337 2330 dominum
1355 2292 1545 2340 instituta,
1568 2305 1735 2339 servum,
1754 2299 1839 2330 tan-

366 2366 485 2404 quam
501 2353 671 2402 suijuris
690 2354 901 2401 hominem,
924 2367 1034 2393 reum
1055 2354 1206 2404 egerit?

427 2416 487 2453 10.
518 2415 636 2459 Quod
666 2415 697 2453 si
730 2416 816 2467 quis
851 2429 939 2455 eum
975 2416 1236 2468 interrogarit,
1255 2430 1343 2467 quae
1371 2417 1439 2455 tibi
1471 2429 1590 2455 causa
1619 2423 1678 2454 est
1704 2422 1839 2454 contra

369 2476 630 2515 Nicobulum?
679 2477 870 2523 Oderunt,
909 2478 1050 2530 inquit,
1090 2478 1365 2526 Athenienses,
1405 2479 1676 2516 foeneratores:
1719 2477 1837 2516 Nico-

365 2538 482 2577 bulus
499 2546 628 2577 autem
656 2539 868 2578 invidiosus
889 2547 962 2586 est,
983 2547 1023 2578 et
1042 2540 1218 2578 celeriter
1238 2540 1424 2585 ambulat,
1446 2546 1486 2578 et
1502 2552 1687 2591 magnum
1708 2546 1836 2587 sonat,

367 2609 407 2639 et
425 2600 609 2640 baculum
631 2602 748 2653 gerit;
782 2615 828 2640 ea
847 2615 952 2649 vero,
972 2602 1111 2653 inquit,
1142 2616 1165 2641 a
1197 2616 1259 2641 me
1279 2609 1371 2641 sunt
1390 2602 1533 2640 omnia.
1590 2602 1689 2639 Haec
1709 2601 1840 2640 dicere

366 2677 445 2702 non
471 2662 677 2709 erubescit,
697 2677 823 2714 neque
855 2677 922 2702 eos
949 2664 1015 2715 qui
1041 2664 1206 2702 audiunt
1233 2664 1451 2716 intelligere
1477 2669 1602 2715 putat,
1624 2662 1837 2701 calumnia-

365 2725 460 2763 toris
481 2738 570 2764 esse
590 2725 703 2764 istam
724 2725 1016 2777 cogitationem,
1037 2739 1116 2764 non
1135 2727 1220 2778 ejus
1241 2726 1303 2764 cui
1331 2726 1436 2763 facta
1465 2725 1515 2763 sit
1541 2724 1692 2776 injuria.
1751 2725 1836 2777 Ego

367 2800 457 2826 vero
475 2788 657 2839 injurium
683 2787 748 2838 qui
771 2793 923 2825 mutuet
943 2794 1039 2840 puto
1059 2801 1144 2826 esse
1165 2788 1382 2826 neminem:
1410 2793 1449 2824 et
1481 2792 1613 2825 tamen
1642 2786 1835 2837 quosdam

363 2850 501 2889 merito
519 2850 627 2889 vobis
648 2850 792 2888 invisos
812 2862 910 2896 esse,
933 2850 999 2901 qui
1031 2856 1153 2888 artem
1179 2863 1227 2888 ex
1253 2862 1300 2887 ea
1326 2862 1365 2887 re
1392 2849 1582 2894 fecerunt,
1603 2848 1709 2900 apud
1735 2861 1834 2899 quos

362 2925 434 2951 nec
450 2913 574 2951 veniae
593 2925 667 2951 nec
686 2912 754 2950 ulli
779 2912 831 2950 rei
863 2911 974 2950 locus
1003 2918 1075 2957 est,
1096 2911 1161 2963 qui
1182 2910 1332 2949 animos
1354 2910 1394 2948 in
1413 2909 1488 2948 hoc
1507 2923 1628 2947 unurn
1660 2909 1832 2947 intentos

362 2974 525 3021 habent,
546 2983 588 3013 ut
618 2975 706 3026 plus
735 2974 930 3026 accipiant
956 2986 1074 3025 quarn
1100 2972 1302 3012 dederunt.
1361 2972 1462 3010 Cum
1491 2970 1593 3010 enim
1617 2984 1721 3023 saepe
1747 2983 1832 3008 mu-
