1981 3356
664 213 773 251 PRO
808 213 1156 250 PHORMlONE.
1566 216 1638 251 557

180 314 354 367 quamvis
375 321 417 353 tu
438 315 494 353 vir
513 328 634 362 esses,
650 315 754 353 hunc
775 328 850 353 non
875 321 912 353 te
933 315 1103 353 semissis
1118 321 1285 353 tutorem
1301 315 1447 361 fecerit,
1463 328 1642 354 uxorem-

179 389 255 427 que
275 376 309 414 ei
325 376 590 428 desponderit,
610 382 650 414 et
667 376 860 414 viventem
881 388 970 413 eum
988 375 1200 415 honorarit.
1249 376 1356 423 Jure,
1374 377 1641 416 Athenienses.

181 438 283 476 Nam
301 438 436 489 reliqui
462 438 653 485 mensarii,
673 437 767 474 nihil
787 438 835 475 de
854 437 1049 475 locatione
1069 436 1302 488 pendentes,
1324 438 1394 475 sed
1413 439 1487 489 ipsi
1506 439 1542 476 in
1564 453 1646 477 rem

179 513 290 538 suam
309 506 696 550 quaerentes,»mnes
718 499 938 551 perierunt:
967 498 1031 537 hic
1054 511 1156 545 vero,
1177 498 1228 537 de
1253 499 1448 537 locatione
1468 500 1645 550 pendens

177 560 270 599 bina
294 562 450 599 ‘talenta
482 567 524 598 et
555 559 825 611 quadragenas
859 560 998 606 minas,
1034 555 1210 598 mensam
1242 560 1351 598 vobis
1386 562 1644 600 conservavit.

180 626 356 670 Quorum
375 624 440 662 ille
459 623 737 662 beneficiorum
753 635 899 661 memor
914 629 955 661 et
973 628 1110 673 gratus
1123 621 1214 665 fuit;
1236 628 1278 659 tu
1294 620 1442 659 nullam
1457 621 1645 659 rationem

179 686 312 732 habes,
335 685 405 723 sed
438 692 576 723 contra
595 690 872 722 testamentum
903 690 943 722 et
969 683 1256 721 exsecrationes
1277 683 1315 720 in
1337 681 1473 720 eodem
1496 695 1518 720 a
1538 689 1646 734 patre

179 747 399 798 inscriptas,
427 746 620 797 exagitas,
643 745 865 791 insectaris,
890 745 1148 786 calumniaris..
1208 745 1242 782 Ο
1274 746 1331 783 vir
1359 746 1520 796 optime,
1548 747 1579 785 si
1609 753 1646 785 te

178 815 307 851 tamen
323 810 388 848 ⁴ita
409 808 598 847 nominari
613 808 672 848 fas
688 815 762 856 est,
781 822 861 847 non
883 809 1036 848 desines
1057 821 1184 860 neque
1204 808 1414 860 intelliges,
1431 809 1646 849 bonitatem

177 882 322 921 magna
337 871 504 922 pecunia
523 884 610 910 esse
629 871 847 923 potiorem?
877 871 980 919 Tibi,
1000 884 1091 909 vera
1111 871 1143 909 si
1163 871 1277 918 dicis,
1297 877 1356 909 tot
1377 878 1549 922 acceptae
1578 885 1646 924 pe-

177 932 302 971 cuniae
322 934 520 984 perierunt
537 946 686 981 omnes,
706 940 750 972 ut
769 933 845 972 ais:
865 939 905 972 at
925 933 956 971 si
975 933 1174 972 modestus
1195 932 1349 979 fuisses,
1367 946 1566 985 nunquam
1582 947 1647 973 eas

178 994 500 1046 consumpsisses.

236 1057 298 1095 19.
327 1058 413 1109 Ego
432 1070 538 1109 vern,
558 1070 600 1096 re
621 1058 669 1096 ab
690 1057 795 1096 omni
821 1063 928 1109 parte
948 1056 1208 1104 considerata,
1232 1056 1384 1095 medius
1405 1056 1534 1104 fidius,
1553 1056 1649 1095 nihil

177 1117 304 1164 video,
325 1132 397 1157 cur
409 1119 565 1171 judices
585 1132 609 1157 a
625 1126 664 1158 te
683 1119 911 1171 persuaderi
930 1119 1002 1157 sibi
1023 1120 1151 1158 sinant
1177 1124 1222 1156 ut
1250 1117 1353 1157 hunc
1373 1118 1648 1158 condemnent.

178 1179 284 1221 Quid
303 1179 425 1218 enim?
451 1180 514 1217 An
529 1179 635 1231 quod
652 1180 874 1218 recentibus
894 1179 1025 1218 adhuc
1039 1179 1188 1230 injuriis
1205 1179 1393 1218 accusas?
1414 1180 1467 1217 At
1482 1181 1594 1218 annis
1613 1188 1651 1219 et

176 1241 414 1291 temporibus
435 1241 635 1292 praeteritis
657 1241 883 1279 criminaris.
941 1242 1022 1287 An,
1041 1241 1148 1292 quod
1179 1241 1384 1294 interjecto
1414 1249 1588 1292 tempore
1606 1243 1650 1280 in

177 1301 255 1341 otio
275 1309 314 1341 te
326 1302 583 1342 continuisti?
640 1301 720 1340 Sed
747 1303 831 1352 quis
851 1302 1006 1352 ignorat
1031 1316 1147 1353 quam
1168 1302 1366 1354 inquietus
1389 1310 1429 1339 et
1446 1303 1651 1341 turbulen-

177 1369 241 1402 tus
274 1371 462 1416 perpetuo
492 1364 627 1411 fueris,
657 1376 739 1401 non
778 1363 939 1414 privatis
969 1363 1088 1401 modo
1125 1364 1288 1401 crimina
1323 1362 1565 1401 intendendo
1591 1364 1652 1403 his

176 1425 284 1465 haud
303 1428 465 1474 minora,
484 1426 556 1466 sed
576 1432 616 1465 et
632 1425 790 1476 publice
809 1425 1003 1476 quosdam
1024 1425 1304 1464 calumniando
1331 1432 1370 1463 et
1400 1425 1439 1462 in
1456 1425 1652 1476 judicium

177 1488 440 1530 adducendo?
481 1488 624 1526 Nonne
643 1487 938 1532 Timomachum
961 1487 1205 1526 accusabas?
1254 1487 1397 1525 Nonne
1419 1487 1654 1539 Callippum,

177 1562 269 1588 eum
297 1549 362 1602 qui
394 1564 500 1589 nunc
520 1557 580 1589 est
603 1551 642 1589 in
663 1549 826 1589 Sicilia?
867 1550 960 1589 Non
983 1563 1118 1589 rursus
1153 1548 1400 1588 Menonem?
1428 1562 1507 1587 non
1528 1550 1652 1588 Auto-

178 1611 311 1650 clem?
340 1625 419 1650 non
449 1611 725 1650 Timotheum?
755 1625 833 1650 non
862 1612 959 1651 alios
985 1611 1158 1650 multos?
1203 1611 1425 1658 Enimvero,
1446 1625 1534 1663 quae
1553 1613 1651 1652 ratio

177 1673 252 1712 fuit
281 1681 326 1712 ut
354 1680 397 1713 tu
428 1674 494 1726 qui
515 1673 778 1726 Apollodorus
807 1687 930 1721 esses,
959 1674 1118 1725 publica
1150 1674 1306 1720 delicta,
1338 1687 1502 1725 quorum
1532 1683 1653 1727 quota

178 1735 306 1786 portio
321 1735 372 1775 ad
393 1743 431 1775 te
447 1735 650 1784 attinebat,
663 1736 801 1774 ulcisci
820 1736 926 1787 prius
942 1736 1077 1780 velles,
1097 1749 1213 1787 quam
1229 1735 1399 1786 privatas
1419 1735 1590 1787 injurias,
1605 1737 1654 1776 de

180 1798 322 1848 quibus
355 1811 461 1836 nunc
481 1798 662 1849 quereris,
684 1798 878 1849 persequi,
901 1797 1128 1849 praesertim,
1157 1798 1189 1835 si
1219 1797 1289 1835 tibi
1323 1797 1561 1836 credendum
1589 1800 1652 1847 sit,

179 1865 322 1898 tantas.
379 1859 486 1902 Quid
505 1858 622 1911 igitur
640 1860 726 1898 illos
746 1861 970 1907 accusabas,
989 1859 1095 1898 hunc
1116 1859 1354 1897 omittebas?
1400 1860 1520 1899 Nulla
1542 1861 1652 1899 nimi-

178 1934 263 1971 rum
282 1921 351 1960 tibi
373 1921 494 1960 fiebat
523 1922 674 1974 injuria,
704 1922 775 1961 sed
805 1935 911 1960 nunc
943 1921 1267 1960 calumniatorem
1299 1921 1398 1973 agis.
1459 1922 1653 1973 Equidem

179 1984 358 2031 arbitror,
377 1985 653 2032 Athenienses,
674 1985 846 2024 omnium
866 1985 1032 2023 maxime
1050 1983 1101 2023 ad
1121 1997 1202 2022 rem
1222 1984 1364 2035 facere,
1381 1990 1425 2022 ut
1444 1984 1581 2023 harum
1598 1999 1654 2024 re-

177 2058 264 2084 rum
281 2052 401 2085 testes
421 2046 678 2085 adducantur.
737 2046 838 2084 Eum
852 2046 956 2085 enirn
974 2046 1041 2098 qui
1061 2053 1250 2097 perpetuo
1266 2046 1539 2092 calumniatur,
1560 2047 1654 2099 quid

179 2119 282 2146 nunc
300 2108 430 2147 facere
450 2109 751 2147 existimandum
771 2108 861 2149 est?
892 2110 1028 2161 Atque
1047 2108 1145 2147 illud
1166 2108 1283 2146 etiam
1304 2121 1378 2160 ego
1399 2121 1508 2156 sane,
1529 2109 1653 2148 Athe-

178 2170 346 2217 nienses,
376 2171 570 2216 existimo,
591 2184 681 2222 quae
705 2171 850 2210 indicia
870 2178 961 2209 sunt
985 2183 1137 2209 morum
1159 2170 1403 2209 Phormionis
1432 2178 1471 2208 et
1490 2171 1653 2222 justitiae

178 2231 263 2283 ejus
283 2238 324 2270 et
340 2232 604 2279 humanitatis,
623 2246 670 2271 ea
690 2233 806 2272 etiam
825 2247 846 2271 e
867 2247 908 2272 re
935 2246 1019 2272 esse
1037 2240 1081 2270 ut
1100 2232 1211 2271 vobis
1232 2239 1491 2284 exponantur.
1549 2233 1654 2271 Nam

138 2327 144 2333 .
179 2294 246 2346 qui
265 2301 370 2334 esset
389 2294 428 2334 in
448 2307 581 2333 omnes
598 2294 767 2346 iniquus,
793 2295 983 2341 fortassis,
1003 2302 1048 2333 ut
1075 2294 1140 2332 isti
1158 2295 1276 2333 etiam
1295 2294 1472 2344 injuriam
1492 2295 1653 2342 faceret,

178 2356 262 2395 fieri
280 2357 495 2408 potuisset:
529 2358 594 2408 qui
614 2370 706 2396 vero
729 2358 874 2396 nemini
902 2358 1020 2396 ullam
1042 2357 1220 2409 injuriam
1238 2359 1343 2405 fecit,
1364 2358 1401 2395 in
1428 2359 1573 2397 multos
1594 2360 1653 2398 ul-

180 2426 239 2458 tro
268 2421 460 2460 beneficia
489 2420 668 2468 eontulit,
691 2420 722 2459 is
751 2434 828 2472 qua
861 2421 1021 2460 tandem
1052 2421 1246 2472 probabili
1279 2421 1429 2459 ratione
1460 2422 1651 2473 impulsus

179 2481 297 2523 istum
324 2483 449 2522 solum
480 2496 529 2522 ex
558 2483 736 2527 omnibus
756 2482 945 2522 violaret?
988 2483 1060 2522 His
1089 2482 1205 2535 igitur
1238 2483 1468 2523 testimoniis
1498 2483 1655 2528 auditis,

179 2545 383 2597 utriusque
403 2546 600 2598 ingenium
621 2545 884 2597 cognoscetis.

733 2657 1095 2696 TESTIMONIA.

188 2752 300 2791 Nosti
318 2754 433 2792 etiam
455 2754 522 2792 illa
540 2753 577 2791 in
599 2753 882 2805 Apollodorum
904 2753 952 2791 de
973 2752 1249 2804 improbitate?

739 2889 1096 2927 TESTIMONIA.

191 2981 254 3018 An
274 2994 365 3019 vero
386 2982 457 3021 iste
478 2983 567 3022 huic
587 2984 719 3022 similis
735 2983 1067 3023 *sit-considerate,
1129 2984 1276 3022 Recita.
