1915 3356
210 439 610 480 ARGUMENTUM
641 437 897 477 ACTIONIS
927 437 1157 476 CONTRA
1189 437 1457 480 DIONYSO-

533 500 736 539 DORUM
769 499 902 537 DATI
933 499 1138 538 DAMNI.

153 604 292 636 DAmus
307 609 338 635 et
355 604 534 645 Pamphilus
553 603 770 645 Dionysodoro
787 609 925 635 mutuant
942 610 987 635 ter
1011 606 1092 635 mille
1109 605 1277 638 drachmas,
1295 605 1375 635 utin
1393 605 1564 646 AEgyptum

109 659 248 698 naviget,
263 658 450 698 atque-inde
475 669 580 688 rursus
607 658 755 695 Athenas,
781 658 901 697 pignori
925 665 1052 698 accepta
1077 670 1173 689 nave:
1200 659 1393 698 perscribunt
1420 661 1509 690 etiam
1534 660 1565 691 in

108 710 250 749 pactione
266 719 372 739 usuras
388 719 462 748 quas
477 709 615 744 deberet,
632 710 766 740 Athenas
783 720 908 739 reverso
930 711 1154 749 Dionysodoro,
1172 710 1372 749 recipiendas.
1413 711 1566 749 Dionyso-

106 760 203 790 dorus
215 759 336 790 rediens
350 770 388 789 ex
406 760 556 799 AEgypto,
574 760 717 790 Rhodum
735 761 864 800 appulsa
887 771 975 796 nave,
992 761 1055 790 illic
1079 772 1197 802 merces
1212 762 1369 800 exposuit,
1393 768 1570 801 propterca,

106 816 141 841 ut
155 811 223 850 ipse
239 811 360 851 quidem
378 811 431 846 ait,
447 812 528 851 quod
546 811 632 841 navis
648 818 735 851 rupta
750 817 781 841 et
798 812 896 851 putris
913 818 1007 842 esset:
1036 818 1068 842 ut
1081 819 1179 842 autern
1195 812 1320 846 Darius,
1334 813 1414 850 quud
1432 813 1569 843 audisset

103 861 236 892 laxatam
261 861 393 892 Athenis
417 871 575 892 annonam.
623 863 740 892 Navem
763 863 841 892 enim
866 873 935 893 esse
961 863 1119 902 integrant,
1138 868 1167 892 et
1184 863 1284 893 adhuc
1309 864 1399 893 etiam
1423 864 1567 904 navigare

104 913 158 945 ait.
202 914 380 945 creditores
396 915 490 953 igitur
509 920 655 945 accusant
682 915 924 954 Dionysodorum
943 916 1065 946 vioiaiae
1083 917 1248 956 paulianis,
1263 917 1345 955 quod
1371 917 1494 956 pignus,
1511 919 1568 948 hoo

105 970 154 996 est
170 976 290 1003 navem,
307 977 364 996 non
382 966 479 1006 palam
502 967 695 997 exhibuerit:
720 974 751 997 et
767 968 806 997 ab
822 978 858 998 eo
874 973 1017 1008 repetunt
1033 968 1203 1008 promissas
1219 979 1326 999 usuras
1340 970 1486 1009 integras.
1532 970 1566 1000 Is

105 1029 180 1051 vero
192 1023 315 1051 recusat
329 1013 435 1051 ornnes
450 1019 592 1050 reddere.

465 1291 1202 1348 DEMOSTHENIS

311 1394 646 1486 CONTRA
693 1434 1343 1485 DIONYSODORUM

508 1560 666 1604 DATI
697 1538 918 1604 DA'MNI
950 1560 1163 1605 Ac'rro.

161 1678 198 1715 1.
229 1677 387 1716 Socxus
417 1690 493 1728 ego
513 1690 614 1725 sum,
631 1677 809 1724 Judices,
824 1685 863 1716 et
880 1679 1077 1729 particeps
1092 1684 1228 1716 mutuo
1248 1678 1351 1717 datae
1370 1679 1569 1730 pecuniae:

104 1739 287 1777 usuvenit
306 1747 436 1777 autem
464 1739 592 1785 nobis,
621 1739 686 1790 qui
711 1752 779 1791 per
805 1753 908 1778 mare
943 1740 1129 1791 negotiari
1163 1740 1403 1779 decrevimus
1434 1750 1472 1780 ct
1497 1755 1565 1781 no-

101 1808 222 1840 stram
243 1800 445 1852 pecuniam
476 1801 559 1839 aliis
581 1801 790 1846 credimus,
816 1809 859 1839 ut
883 1802 979 1839 illud
1005 1811 1111 1840 certo
1142 1802 1323 1848 sciamus,
1352 1803 1567 1843 debitorem

105 1862 146 1900 in
165 1863 279 1902 rebus
294 1863 474 1901 omnibus
493 1876 579 1901 esse
598 1863 757 1901 meliore
782 1876 898 1915 quam
920 1877 989 1902 nos
1009 1865 1245 1902 conditione.
1304 1865 1341 1902 Is
1362 1866 1479 1911 enim,
1500 1879 1566 1905 ac-

101 1931 217 1977 cepta
248 1925 414 1977 pecunia
447 1924 655 1963 manifesta
688 1934 727 1963 et
759 1933 881 1971 certa,
912 1926 950 1963 in
984 1926 1172 1964 tabellula
1197 1926 1349 1964 duobus
1380 1928 1566 1967 tei-unciis

101 1995 232 2039 empta
251 1995 290 2026 et
307 1987 483 2026 libellulo
509 1987 721 2026 admodum
743 1988 886 2039 exiguo
915 1988 1199 2027 consessionem
1226 1988 1406 2039 relinquit
1427 2003 1504 2041 qua
1523 2003 1565 2029 se

99 2063 189 2101 quae
210 2063 323 2101 aequa
342 2049 421 2088 sint
438 2050 631 2089 facturum
654 2057 841 2089 testatur:
871 2064 941 2089 nos
972 2058 1102 2090 autem
1135 2064 1214 2089 non
1240 2051 1467 2102 pollicemur
1496 2052 1564 2091 da·

97 2118 222 2158 turm,
240 2112 311 2151 sed
329 2111 520 2151 mutuanti
551 2112 680 2151 statim
709 2112 847 2151 damus
866 2113 1086 2164 pecuniam.
1144 2114 1233 2157 Qua
1265 2113 1380 2163 igitur
1410 2127 1494 2152 eam
1526 2128 1565 2154 re

97 2172 199 2220 freti,
226 2187 304 2226 quo
335 2174 472 2213 confisi
503 2175 678 2226 pignore,
708 2174 952 2213 amittimus?
998 2175 1130 2220 Vobis,
1151 2175 1327 2222 Judices,
1345 2184 1385 2213 et
1411 2176 1563 2227 legibus

98 2237 249 2284 vestris,
267 2250 355 2288 quae
367 2237 522 2288 jubent,
550 2250 638 2288 quae
658 2236 757 2276 alter
784 2238 894 2276 alteri
915 2237 1017 2276 ultro
1039 2237 1267 2290 promiserit,
1292 2250 1338 2275 ea
1356 2244 1440 2276 rata
1458 2251 1560 2277 esse.

101 2299 298 2340 Caeterum
318 2298 410 2336 mihi
435 2312 563 2351 neque
594 2299 739 2350 legum,
758 2312 884 2351 neque
913 2299 1148 2352 syngraphae
1178 2298 1291 2337 ullius
1313 2298 1393 2338 ulla
1410 2300 1564 2339 videtur

100 2375 187 2402 esse
220 2360 381 2407 utilitas,
399 2361 475 2400 nisi
509 2361 543 2400 is
571 2361 636 2412 qui
659 2361 866 2413 pecuniam
900 2362 1043 2414 accipit
1065 2361 1121 2400 vir
1147 2362 1307 2400 omnino
1337 2363 1387 2400 sit
1420 2363 1560 2409 bonus,

100 2423 244 2476 quique
263 2430 332 2462 aut
348 2435 417 2462 vos
437 2430 597 2469 metuat,
618 2433 685 2462 aut
703 2437 791 2462 eum
812 2425 969 2476 quicum
995 2424 1188 2464 contraxit
1206 2431 1397 2463 vereatur.
1456 2425 1564 2470 Quo-

99 2498 185 2525 rum
206 2492 386 2525 neutrum
404 2493 465 2524 est
483 2486 522 2524 in
544 2485 820 2539 Dionysodoro
836 2501 846 2525 :
877 2487 943 2539 qui
962 2500 1009 2526 eo
1027 2488 1135 2526 venit
1153 2487 1344 2532 audaciae,
1364 2495 1420 2535 ut,
1441 2501 1528 2526 cum
1543 2502 1566 2528 a

100 2549 211 2588 nobis
231 2548 281 2587 ad
299 2561 440 2587 navem
458 2555 517 2587 ter
535 2548 641 2588 mille
670 2549 877 2588 drachmas
898 2563 945 2588 ea
973 2550 1195 2588 conditione
1224 2551 1274 2588 sit
1291 2557 1504 2596 mutuatus,
1523 2559 1568 2589 ut

101 2623 239 2650 navem
259 2611 440 2650 Athenas
466 2610 681 2659 reduceret,
701 2624 867 2663 cumque
895 2612 1101 2664 superioris
1121 2612 1211 2650 anni
1241 2619 1374 2650 aestate
1394 2620 1565 2651 nostrum

101 2672 211 2712 nobis
239 2672 482 2712 reddendum
504 2673 655 2721 fuisset,
675 2688 813 2713 navem
841 2675 1024 2713 Rhodum
1053 2675 1244 2727 appulerit
1266 2682 1382 2725 atque.
1402 2675 1478 2712 illic
1498 2688 1563 2713 ex—

99 2742 280 2774 oneratas
299 2749 450 2775 merces
470 2743 608 2774 contra
625 2743 665 2775 et
684 2736 837 2775 tabulas
857 2737 1076 2775 vendiderit
1095 2745 1134 2775 et
1151 2739 1259 2788 leges
1280 2743 1442 2780 vestras,
1460 2736 1566 2774 Rho-

99 2796 228 2850 doque
252 2811 383 2836 rursus
419 2798 458 2836 in
494 2799 708 2850 AEgyptum
741 2799 889 2837 miserit
921 2812 1060 2837 navem
1095 2806 1212 2850 atque
1249 2798 1338 2836 inde
1369 2798 1566 2843 Rhodum,

102 2858 212 2897 nobis
229 2872 320 2898 vero
339 2860 406 2912 qui
426 2860 592 2899 Athenis
613 2861 648 2899 ei
666 2861 870 2913 pecuniam
891 2861 1127 2900 credidimus
1147 2875 1196 2899 nc
1216 2874 1320 2899 nunc
1335 2860 1486 2911 quidem
1507 2861 1567 2899 vel

104 2918 304 2972 pecuniam
321 2922 462 2961 reddat
480 2922 541 2962 vel
559 2922 701 2976 pignus
721 2923 914 2970 exhibeat,
931 2923 1000 2962 sed
1021 2922 1195 2975 quamvis
1211 2936 1353 2961 annum
1369 2924 1450 2975 jam
1473 2923 1568 2960 altc-

104 2993 186 3020 rum
206 2989 338 3023 nostro
357 2983 503 3035 fruens,
522 2991 603 3024 tum
632 2993 809 3025 mutuum
840 2993 921 3025 tum
950 2991 1141 3036 quaestum
1173 2994 1255 3024 tum
1287 2999 1424 3025 navem
1457 2987 1565 3024 nobis
