1948 3306
323 155 373 191 70
849 155 1267 195 ARGUMENTUM.

322 257 513 288 immoratus,
547 258 581 286 ln
598 258 689 296 culpa
706 258 835 287 sortasse
853 264 945 298 ponet
961 259 1072 297 aliquis
1098 258 1274 294 exordium,
1290 263 1323 288 ut
1339 258 1488 297 tragicum
1512 264 1541 288 et
1559 263 1676 288 vastum
1703 260 1734 286 et
1750 255 1786 285 ad

322 308 548 346 perorationem
562 309 690 347 propius
703 310 862 339 accedens

366 360 470 388 Status
485 358 630 388 orationis
643 364 689 389 est
702 360 862 398 negotialis
880 360 996 399 scripto
1010 365 1164 397 constans,
1178 365 1210 390 ut
1223 365 1253 390 et
1264 359 1412 390 orationis
1425 370 1480 399 pro
1494 370 1624 389 corona:
1643 359 1786 400 [nempe]

322 409 425 448 capita
439 409 553 449 [status
567 410 747 450 negotialis]
767 411 808 440 uti
825 416 855 440 et
867 411 940 446 illic,
956 411 1123 450 legitimum
1141 422 1185 441 sc.
1202 412 1281 451 quod
1299 411 1329 440 in
1345 415 1407 441 tres
1419 411 1518 450 leges,
1534 415 1565 439 et
1576 412 1691 449 justum
1708 410 1787 449 quod

321 461 352 490 in
369 466 497 500 quatuor
512 465 650 500 tempora
668 463 829 493 dividitur.
855 464 1046 493 Observabis
1062 468 1163 494 autem
1180 469 1213 493 ut
1229 463 1327 493 instar
1349 462 1554 502 perorationis
1571 462 1610 492 sit
1625 471 1756 492 exorsus
1772 471 1789 491 a

320 512 489 550 rejectione
504 513 736 549 advocatorum,
753 514 1008 552 quemadmodum
1026 519 1056 544 et
1075 515 1313 544 Demosthenes.
1340 513 1473 552 Quidam
1489 513 1642 546 dixerunt,
1662 523 1720 542 non
1738 512 1790 541 ha-

321 563 395 592 bere
418 564 680 594 confirmationem
703 564 878 600 exordium,
902 564 1003 604 itaque
1028 575 1065 594 ne
1090 565 1319 595 conclusionem
1343 566 1467 604 quidem
1493 575 1561 595 esse
1585 564 1790 604 quaerendam.

322 614 438 644 Verum
455 615 683 645 confirmatione
697 625 754 644 non
772 620 876 644 caretz
895 625 962 654 quae
980 621 1040 651 est,
1057 627 1094 645 ne
1111 626 1145 645 ea
1159 627 1226 655 quae
1249 627 1338 656 aequa
1354 621 1385 646 et
1400 616 1514 646 usitata
1537 615 1651 645 suntin
1665 615 1792 645 civitate

322 665 404 695 fiant.
437 667 516 696 Nam
534 667 559 696 si
577 667 655 696 ratio
670 666 892 706 propositionis
910 667 1171 697 confirmationem
1195 668 1299 704 efficit,
1315 668 1394 698 ratio
1419 673 1519 697 autem
1537 671 1586 697 est
1601 667 1790 706 quorundam
1826 669 1831 680 ¹

320 717 555 756 deprecationes
569 729 605 747 ne
620 729 652 747 ea
667 728 734 757 quzc
748 728 834 756 aequa
847 723 916 747 sunt
927 723 957 747 et
970 718 1080 747 usitata
1093 717 1122 748 in
1136 718 1262 749 civitate
1276 719 1357 755 fiant,
1369 720 1458 749 adest
1473 718 1578 757 utique
1591 716 1793 748 confirmatio.

322 770 406 808 Quin
424 774 454 799 et
472 769 703 799 conclusionem
719 769 823 805 habet,
843 780 861 799 e
873 780 892 809 g
902 779 920 799 ο
945 780 963 799 v
977 780 993 799 e
1004 780 1018 799 r
1030 780 1048 799 ο
1072 771 1107 800 fr
1118 781 1135 800 e
1146 774 1157 800 t
1169 781 1186 800 u
1200 781 1213 800 s
1241 771 1288 800 ad
1301 781 1315 800 s
1327 781 1343 800 u
1355 781 1396 806 m,
1417 780 1513 809 usque
1526 770 1565 799 ad
1582 769 1672 804 illud,
1699 779 1719 808 p
1730 768 1738 798 Ι
1750 779 1768 799 u
1779 779 1794 799 s

324 821 429 861 apud
456 830 528 849 vos
557 830 665 859 quam
693 821 810 859 leges
831 826 960 860 atque
981 823 1075 860 jura
1101 822 1345 852 valiturum.

368 871 446 900 Post
459 870 587 906 accidit,
603 876 634 900 ut
647 872 746 910 patria
763 872 931 902 excederet
943 877 1034 912 atque
1052 873 1080 902 in
1092 873 1238 903 exsilium
1256 873 1314 903 iret
1328 874 1368 902 ob
1385 871 1612 902 accusationem
1629 872 1747 902 decreti
1763 871 1793 901 in

323 922 470 951 bonorem
489 922 709 953 Demosthenis
725 923 810 958 sacti,
825 924 911 963 quasi
926 924 957 953 id
983 930 1066 954 esset
1086 925 1208 963 legibus
1225 924 1465 959 contrarium,et
1477 923 1544 962 ipse
1561 923 1705 953 mulctam
1728 934 1794 953 eam

323 973 383 1003 sibi
404 973 570 1004 indixisset
594 973 651 1003 nisi
675 975 716 1004 ita
733 985 802 1004 esse
819 976 1010 1011 ostenderet,
1032 976 1196 1015 victusque
1214 977 1359 1006 mulctam
1384 975 1505 1005 solvere
1529 985 1586 1004 nec
1611 978 1719 1014 posset
1739 985 1795 1006 nec

324 1026 429 1061 vellet,
442 1035 530 1065 quam
545 1024 614 1065 ipse
628 1030 734 1056 contra
748 1037 816 1056 sese
839 1027 1031 1063 decreverat,
1047 1028 1128 1066 quod
1145 1033 1173 1058 et
1191 1027 1290 1068 ipsum
1312 1027 1343 1057 in
1360 1026 1496 1056 oratione
1513 1035 1569 1066 pro
1591 1026 1712 1056 Corona
1723 1036 1796 1066 cog-

323 1078 475 1108 novimus.
500 1078 619 1107 Relicta
643 1077 738 1117 igitur
761 1078 861 1118 patria
878 1079 913 1108 ad
933 1078 1140 1108 Alexandrum
1159 1080 1348 1109 adscendere
1367 1077 1478 1114 voluit,
1494 1077 1560 1113 sed,
1583 1076 1708 1117 cognito
1732 1078 1798 1116 ejus

325 1129 409 1159 obitu
427 1139 705 1168 successorumque
721 1130 917 1166 tumultibus,
931 1131 1075 1161 Rhodum
1094 1130 1253 1169 navigavit
1268 1130 1374 1169 ibique
1392 1127 1583 1159 Rhodiacam
1600 1128 1735 1158 scholam
1750 1129 1797 1158 in-

326 1181 440 1216 stituit,
457 1181 560 1220 itaque
578 1186 610 1210 et
626 1181 839 1211 adolescentes
858 1181 972 1211 erudiit
987 1187 1018 1211 et
1035 1182 1139 1212 adulta
1158 1187 1249 1212 aetate
1265 1181 1340 1213 viris
1357 1180 1524 1211 orationem
1543 1178 1796 1219 Ctesiphonteam

327 1237 434 1262 contra
451 1233 689 1262 Demosthenem
706 1233 839 1262 habitam
856 1233 1017 1263 recitavit:
1043 1234 1082 1264 de
1099 1244 1158 1273 qua
1176 1245 1243 1264 cum
1262 1233 1291 1263 in
1309 1243 1417 1275 magna
1433 1235 1515 1262 esset
1531 1232 1612 1271 apud
1630 1243 1684 1262 eos
1699 1231 1796 1261 admi-

326 1284 457 1319 ratione,
473 1289 692 1324 rogareturque
709 1295 770 1324 quo
789 1290 878 1325 pacto
895 1285 924 1314 in
941 1290 1002 1315 tam
1020 1287 1099 1315 bona
1123 1296 1217 1316 causa
1236 1285 1335 1316 victus
1360 1290 1454 1322 esset,
1476 1285 1648 1326 respoudit,
1673 1284 1726 1314 mi
1742 1294 1796 1313 ra-

327 1347 356 1365 m
373 1335 429 1364 ini
458 1341 495 1365 ut
521 1336 659 1366 victus
681 1337 766 1372 sim,
791 1348 835 1366 eo
864 1338 971 1376 quod
1007 1338 1125 1367 illam
1158 1338 1342 1367 bestiam
1368 1348 1446 1367 non
1477 1348 1494 1367 a
1511 1336 1698 1366 udistis?
1734 1336 1798 1366 Be-

328 1386 417 1416 stiam
439 1387 517 1416 enim
535 1387 620 1416 illum
640 1389 768 1417 vocabat
785 1389 824 1417 ob
841 1388 1040 1418 acerbitatem
1061 1388 1177 1428 ingenii
1199 1393 1228 1418 et
1246 1388 1470 1418 crudelitatem.
1500 1387 1669 1417 Perhibent
1692 1386 1797 1422 etiam,

328 1448 396 1467 eum
411 1438 492 1480 inter
504 1438 677 1468 docendum
695 1439 759 1469 illic
775 1439 1016 1469 declamationes
1033 1444 1064 1469 et
1076 1439 1163 1469 fictas
1177 1439 1406 1469 controversias
1422 1439 1622 1479 excogitasse
1641 1438 1785 1479 primum.

861 1740 1258 1795 AESCHINIS

1040 1901 1081 1925 IN

718 2018 1419 2070 CTESIPHONTEM

902 2198 912 2208 .
932 2161 1199 2204 ORATIO.

395 2284 429 2321 l.
460 2281 678 2326 QUANTus
700 2279 813 2318 isthic
836 2285 1047 2331 apparatus
1067 2280 1128 2326 sit,
1148 2279 1424 2328 Athenienses,
1451 2286 1674 2332 quantaque
1701 2281 1805 2319 acies

338 2345 536 2389 instructa,
557 2343 698 2393 quibus
724 2342 892 2393 denique
911 2341 949 2379 in
975 2341 1058 2380 foro
1086 2342 1267 2392 precibus
1295 2341 1373 2379 sint
1396 2342 1458 2380 usi
1485 2342 1659 2393 quidam,
1684 2355 1731 2379 ne
1761 2356 1807 2380 ea

335 2420 424 2458 quae
443 2413 482 2444 et
501 2418 614 2456 aequa
633 2412 673 2443 et
690 2404 835 2442 usitata
853 2411 956 2451 sunt,
977 2404 1015 2441 in
1030 2404 1184 2442 civitate
1205 2404 1314 2450 fiant,
1334 2402 1485 2443 videtis.
1518 2403 1605 2455 Ego
1625 2417 1715 2442 vero
1735 2402 1807 2441 diis

338 2469 502 2520 primum
514 2467 808 2513 immortalibus,
828 2466 970 2504 deinde
985 2466 1135 2516 legibus
1150 2480 1197 2505 ac
1211 2467 1335 2512 vobis,
1354 2466 1472 2505 fretus
1489 2466 1641 2512 adsum,
1657 2465 1807 2503 nullum

339 2531 564 2569 existimans
591 2535 818 2581 apparatum
850 2528 937 2580 plus
969 2528 1074 2579 apud
1093 2541 1162 2566 vos
1189 2541 1306 2579 quam
1331 2529 1439 2579 leges
1467 2534 1584 2580 atque
1596 2528 1689 2579 jura
1713 2528 1808 2566 vali-

340 2600 482 2631 turum.

395 2656 433 2692 2.
464 2653 618 2692 Vellem
642 2652 813 2705 quidem,
840 2651 1118 2698 Athenienses,
1156 2658 1195 2690 et
1233 2651 1536 2703 quingentorum
1570 2657 1728 2689 senatus
1770 2657 1810 2689 et

339 2716 548 2755 conciones
568 2715 737 2767 publicae
766 2728 789 2753 a
808 2714 1002 2766 praefectis
1032 2714 1111 2752 suis
1138 2720 1243 2752 recte
1270 2713 1644 2760 administrarentur,
1669 2712 1808 2751 vellem

340 2779 464 2830 leges,
481 2792 578 2830 quas
593 2778 714 2817 Solon
729 2779 779 2817 de
793 2784 988 2816 oratorum
1003 2777 1210 2829 disciplina
1221 2776 1322 2823 tulit,
1336 2776 1524 2821 valerent,
1540 2782 1583 2814 ut
1598 2775 1632 2814 ei
1644 2776 1809 2827 primurn

342 2841 408 2892 qui
427 2855 478 2879 ex
498 2842 647 2890 civibus
666 2848 771 2880 esset
789 2847 902 2879 aetate
924 2840 1156 2892 provectior,
1178 2839 1278 2878 sicut
1305 2839 1413 2890 leges
1427 2838 1583 2890 jubent,
1601 2838 1641 2875 in
1664 2851 1808 2889 sugge-

343 2910 447 2941 stum
466 2903 659 2956 pudenter
678 2903 948 2949 adscendenfi,
972 2903 1053 2941 sine
1076 2901 1234 2954 strepitu
1256 2914 1300 2940 ac
1319 2900 1486 2939 tumultu
1508 2913 1556 2939 ex
1584 2913 1656 2938 usu
1682 2912 1807 2938 rerum
