1948 3306
324 168 375 205 54
649 164 722 203 DE
753 163 901 203 MALE
931 164 1105 204 GESTA
1140 163 1467 205 LEGATIONE.

325 274 452 307 nutem
482 268 684 316 talentum,
705 282 792 307 cum
821 270 931 308 multi
963 284 1010 308 ea
1039 269 1259 307 calamitate
1292 270 1506 308 conflictati
1535 275 1680 316 essent,
1714 282 1790 320 quo

326 343 426 367 unus
445 330 512 373 vir,
532 343 604 368 nec
625 330 655 368 is
675 331 885 369 admodum
906 332 1090 382 locuples,
1112 331 1247 368 redimi
1267 331 1472 382 potuisset.

382 393 445 428 32.
478 391 531 429 Ut
549 399 679 429 autem
707 392 745 429 in
767 393 1047 430 Macedoniam
1076 392 1267 438 venimus,
1288 405 1333 429 ac
1364 393 1564 443 congressi
1584 405 1734 437 sumus,
1756 398 1796 429 et

326 453 547 504 Philippum
578 467 625 490 ex
653 454 818 492 Thracia
838 467 1032 492 reversum
1059 454 1396 505 deprehendimus,
1426 455 1628 492 recitatum
1649 460 1707 491 est
1726 453 1796 490 de-

327 522 488 562 cretum,
517 529 566 553 ex
589 529 664 567 quo
693 517 811 567 legati
839 517 946 553 missi
975 528 1141 562 eramus,
1170 522 1209 553 et
1238 529 1325 566 quae
1354 515 1391 552 in
1412 514 1606 553 mandatis
1636 526 1797 564 accepe-

328 590 457 614 ramus
490 577 538 615 de
554 577 809 628 jurejurando
831 577 1039 626 exigendo,
1061 577 1386 614 enumeravimus.
1437 577 1538 614 Cum
1560 582 1690 614 autem
1717 587 1797 612 ma-

325 640 514 677 ximarum
534 652 660 677 rerum
677 639 913 676 mentionem
929 639 1085 676 fecisset
1100 652 1229 685 nemo,
1249 639 1317 676 sed
1334 639 1382 677 de
1399 640 1513 676 rebus
1530 637 1799 676 minutioribus
1830 678 1835 688 ι

327 701 502 752 egissent
528 714 677 745 omncs,
699 701 914 738 orationem
944 713 1018 750 ego
1038 700 1171 746 habui,
1197 713 1313 749 quarn
1333 713 1496 738 necesse
1517 709 1576 738 est
1601 699 1706 750 apud
1731 712 1799 736 vos

327 764 481 814 exponi.
514 762 701 799 Obtestor
721 768 851 799 autem
871 775 954 807 vos,
977 761 1254 806 Athenienses,
1281 762 1615 810 quemadmodum
1643 773 1800 798 accusa-

328 826 471 863 tionem
489 822 705 867 audivistis,
721 829 764 859 ut
779 823 860 872 ipse
876 827 1081 859 accusator
1100 822 1218 858 verba
1233 822 1361 858 facere
1381 821 1515 867 voluit,
1536 822 1588 859 ita
1604 823 1720 860 etiam
1742 835 1800 859 re-

328 887 476 936 liquum
507 884 745 922 defensi0nis
776 883 942 920 audiatis
973 883 1121 928 ordine,
1152 882 1368 933 eademque
1397 883 1612 922 attentione
1645 897 1801 935 operam

329 947 422 985 mihi
453 946 566 992 detis,
598 959 675 996 qua
701 945 902 996 superiora
930 944 1144 982 audivistis.
1194 944 1289 981 Dixi
1319 944 1435 991 enim,
1461 951 1506 982 ut
1531 945 1647 982 modo
1678 946 1804 996 posui,

331 1009 609 1054 Athenienses,
628 1007 664 1044 in
682 1013 876 1045 conventu
895 1007 1130 1057 legatorum,
1149 1018 1216 1043 eos
1231 1005 1323 1043 mihi
1344 1006 1445 1044 visos
1466 1019 1553 1044 esse
1569 1007 1804 1058 praecipuum

331 1071 463 1123 populi
489 1070 642 1121 jussum
675 1070 831 1107 omnino
863 1069 1056 1120 ignorare.
1114 1067 1217 1105 Nam
1243 1068 1521 1119 jusjurandum
1558 1068 1728 1120 exigere,
1767 1075 1806 1107 et

330 1133 471 1172 ceteris
491 1132 540 1169 de
560 1133 675 1169 rebus
696 1144 825 1182 agere,
847 1138 886 1168 et
906 1130 955 1168 de
975 1130 1137 1181 captivis
1157 1130 1300 1181 eloqui,
1321 1130 1472 1168 etiamsi
1500 1131 1696 1168 ministros
1716 1132 1806 1169 urbs

333 1194 514 1240 misisset,
534 1192 624 1230 data
653 1192 708 1230 eis
740 1194 985 1236 auctoritate,
1012 1198 1143 1229 tamen
1168 1191 1253 1229 illos
1279 1191 1403 1230 videri
1429 1192 1522 1230 mihi
1542 1205 1622 1230 rem
1653 1206 1806 1231 omnem

333 1257 454 1294 fuisse
475 1255 724 1293 confecturos
742 1267 750 1291 :
782 1267 945 1292 summae
962 1260 1092 1291 autem
1113 1267 1239 1291 rerum
1261 1260 1366 1291 recte
1383 1254 1599 1300 consulere,
1615 1262 1807 1305 quatenus

333 1332 390 1357 eae
410 1318 460 1356 ad
481 1330 551 1354 nos
573 1323 640 1354 aut
660 1315 883 1367 Philippum
903 1316 1126 1362 attinerent,
1147 1315 1186 1353 id
1210 1328 1301 1353 vero
1320 1315 1569 1353 cordatorum
1590 1316 1808 1367 legatorum

335 1392 477 1418 munus
498 1392 599 1416 esse.
636 1377 735 1414 Dico
764 1385 910 1422 autem,
933 1377 1103 1427 inquam,
1136 1377 1184 1414 de
1204 1377 1464 1428 expeditione,
1484 1390 1600 1427 quam
1625 1378 1664 1415 in
1691 1378 1810 1430 Pylas

334 1441 514 1493 apparari
532 1439 697 1483 videtis;
729 1446 845 1489 atque
867 1439 1074 1476 ostendam
1101 1438 1211 1476 vobis
1231 1451 1374 1489 magna
1394 1439 1520 1490 signa,
1546 1440 1650 1478 unde
1661 1440 1811 1479 ·intelli-

336 1504 452 1555 gatis,
469 1515 530 1540 me
550 1514 596 1539 ea
610 1501 659 1539 de
683 1514 722 1539 re
738 1513 816 1538 non
833 1501 932 1538 male
950 1500 1188 1551 conjectare.
1223 1500 1325 1538 Nam
1343 1507 1383 1539 et
1402 1501 1677 1540 Thebanorum
1692 1502 1811 1553 legati

336 1566 494 1611 adsunt,
515 1570 554 1602 et
575 1562 960 1601 Lacedaemoniorum
983 1562 1211 1608 adventant,
1241 1568 1281 1600 et
1300 1575 1370 1601 nos
1391 1576 1441 1601 ex
1464 1562 1675 1614 plebiscito
1695 1564 1813 1602 adve-

336 1628 477 1672 nimus,
497 1627 535 1663 in
557 1639 633 1676 quo
662 1625 848 1676 scriptum
879 1631 952 1671 est,
983 1625 1120 1676 Legati
1148 1630 1279 1663 autem
1300 1625 1487 1676 quicquid
1509 1632 1699 1677 praeterea
1722 1627 1814 1664 boni

335 1696 516 1743 possunt,
543 1694 704 1740 agunto.
756 1688 905 1726 Omnes
930 1701 1042 1740 porro
1064 1687 1195 1726 Graeci
1216 1687 1512 1740 exspectatione
1532 1694 1696 1727 eventu's
1725 1696 1816 1726 sunt

337 1751 531 1803 suspensi.
580 1750 698 1794 Quod
719 1750 750 1787 si
773 1750 943 1801 populus
965 1763 1006 1788 se
1025 1750 1168 1788 decere
1187 1751 1419 1797 censuisset,
1447 1749 1567 1788 libere
1593 1750 1632 1788 in
1658 1750 1814 1788 decreto

336 1813 598 1867 promulgare,
619 1818 661 1849 ut
688 1811 892 1863 Philippus
913 1812 1184 1850 Thebanorum
1204 1812 1452 1850 insolentiam
1473 1819 1755 1862 compesceret,
1777 1819 1816 1850 et

338 1875 515 1914 Boeotias
535 1874 710 1912 civitates
729 1873 979 1920 instauraret,
999 1874 1082 1910 haec
1103 1874 1218 1912 etiam
1240 1873 1280 1910 in
1301 1874 1460 1912 decreto
1479 1873 1678 1924 petiisset:
1709 1887 1817 1911 nunc

338 1939 378 1976 id
394 1937 467 1976 sibi
483 1936 650 1986 reliquit,
664 1942 707 1973 ut
720 1948 798 1973 rem
815 1936 864 1973 ad
881 1936 1071 1973 incertum
1082 1941 1265 1973 eventum
1280 1935 1422 1974 referre
1440 1935 1576 1987 possit,
1590 1935 1620 1973 si
1638 1949 1716 1973 non
1730 1950 1816 1987 per-

341 1999 516 2045 suaserit,
543 2005 678 2035 nostro
698 2004 829 2034 autem
856 1997 1030 2048 periculo
1057 2010 1136 2034 rem
1168 1997 1448 2047 explorandam
1477 1998 1642 2036 censuit.
1693 1997 1820 2036 Decet

340 2063 458 2114 igitur
473 2056 559 2105 eos,
580 2059 646 2110 qui
668 2071 778 2096 suam
799 2058 1032 2096 industriam
1054 2057 1282 2108 reipublicae
1302 2059 1506 2109 probatam
1535 2059 1711 2110 cupiunt,
1739 2072 1819 2097 non

341 2138 475 2164 eorum
503 2124 722 2174 legatorum
743 2134 936 2172 occupare
955 2120 1099 2166 locum,
1119 2133 1216 2170 quos
1247 2120 1549 2158 Atheniensibus
1573 2127 1706 2159 nostro
1732 2121 1819 2159 loco

343 2188 497 2226 mittere
516 2184 706 2228 licuisset,
726 2195 796 2220 nos
826 2182 931 2233 ipsos
954 2187 1084 2219 autem
1105 2181 1225 2218 vitare
1244 2180 1500 2219 offensionem
1531 2181 1817 2220 Thebanorum.

345 2250 523 2294 Quorum
543 2259 642 2284 unus
664 2244 960 2296 Epaminondas
990 2244 1212 2294 imperator,
1236 2256 1314 2281 non
1341 2243 1567 2295 perterritus
1591 2244 1821 2283 auctoritate

346 2309 658 2352 Atheniensium,
691 2306 795 2358 apud
824 2306 1033 2344 Thebanos
1063 2305 1174 2351 dixit,
1207 2305 1461 2344 Atheniensis
1491 2307 1590 2345 arcis
1621 2306 1823 2358 propylaea

347 2370 618 2412 transferenda
637 2381 721 2407 esse
742 2367 792 2406 ad
814 2366 1002 2405 Cadmeae
1023 2373 1309 2405 ornamentum.

405 2437 469 2473 33.
500 2433 598 2471 Haec
618 2444 679 2468 me
707 2429 876 2475 dicente,
906 2429 1078 2466 maxima
1100 2442 1197 2467 voce
1227 2430 1422 2468 exclamat
1451 2430 1752 2477 Demosthenes,
1780 2438 1824 2468 ut

351 2497 480 2536 sciunt
515 2506 651 2532 omnes
685 2490 874 2541 collegae:
904 2503 994 2528 nam
1025 2496 1166 2541 praeter
1200 2497 1331 2529 cetera
1364 2492 1480 2537 mala,
1514 2492 1631 2530 etiam
1665 2492 1824 2530 Boeotiis

351 2559 470 2597 favet.
515 2556 617 2593 Haec
646 2559 751 2592 certe
772 2551 930 2603 quidem
951 2553 999 2590 ab
1027 2551 1101 2589 isto
1122 2551 1407 2591 afferebantur:
1435 2553 1553 2591 homo
1578 2554 1652 2591 iste
1679 2560 1740 2591 est
1761 2560 1824 2591 tu-

353 2621 500 2659 multus
519 2625 559 2656 et
587 2616 761 2656 audaciae
786 2614 934 2665 plenus.
986 2614 1072 2665 Ego
1104 2628 1196 2653 vero
1223 2628 1286 2653 me
1321 2616 1446 2654 fateor
1466 2628 1555 2653 esse
1583 2615 1755 2663 mollem,
1788 2622 1828 2654 et

352 2680 541 2735 pericula,
556 2680 673 2718 etiam
692 2677 784 2715 dum
802 2676 920 2727 longe
940 2678 1095 2724 absunt,
1116 2677 1403 2727 pertimescere.
1462 2678 1606 2715 Verum
1629 2677 1754 2724 edico,
1776 2691 1826 2716 ne

355 2757 426 2782 nos
446 2744 559 2781 urbes
574 2742 671 2779 inter
692 2753 733 2778 se
753 2738 1065 2777 committamus:
1096 2745 1212 2789 atque
1232 2738 1271 2776 id
1292 2753 1312 2777 e
1332 2752 1372 2777 re
1401 2745 1534 2777 nostra
1554 2753 1639 2778 esse
1656 2746 1764 2791 put0,
1780 2754 1828 2779 ne

357 2806 452 2857 quid
471 2817 541 2842 nos
553 2803 673 2854 legati
687 2809 832 2841 temere
848 2814 1085 2840 moveamus.
1117 2801 1381 2840 Proficiscitur
1396 2801 1599 2854 Philippus
1614 2802 1662 2840 ad
1685 2802 1828 2855 Pylas?

359 2869 448 2919 Ego
460 2880 522 2905 me
537 2864 751 2904 abscondo.
782 2863 908 2901 Nemo
928 2877 990 2901 me
1008 2869 1164 2915 propter
1183 2876 1290 2901 arma
1309 2863 1480 2914 Philippi
1501 2863 1537 2900 in
1547 2863 1736 2914 judicium
1759 2865 1828 2903 ad-

361 2930 492 2977 ducet,
509 2928 575 2968 sed
597 2928 627 2967 si
640 2926 731 2978 quid
755 2925 906 2973 dixero,
923 2926 1027 2976 quod
1049 2939 1122 2964 non
1139 2931 1303 2977 oportet,
1320 2931 1387 2965 aut
1408 2925 1439 2964 si
1460 2925 1553 2977 quid
1573 2937 1701 2977 egero,
1723 2926 1828 2977 quod
