1981 3356
394 381 800 420 ARGUMENTUM
844 378 1210 418 EXCEPTIONJS
1246 376 1538 416 ,ADVERSUS

733 443 1198 482 ZENOTHEMIDEM.

276 540 475 571 Murunus
499 551 516 570 a
542 541 682 570 Demoue
698 539 843 579 quodam,
861 538 1080 569 Demosthenis
1096 543 1239 578 cognato,
1255 541 1410 567 mercator
1432 535 1556 575 qnidam
1583 533 1703 564 nomine

230 590 357 626 Protus,
373 591 546 630 pecuniam,
563 601 599 620 ea
615 591 798 621 frumentum
823 590 897 620 emit
913 589 1095 629 Syi·acnsis;
1121 590 1204 628 quod
1220 589 1358 618 Athenas
1375 588 1462 618 vexit
1478 587 1508 616 in
1525 587 1595 616 navi
1613 588 1660 625 cuj
1668 597 1702 615 us

229 641 374 672 dominus
391 642 449 672 fuit
474 643 695 682 Hegestratus.
742 643 950 680 Hegestratus
973 648 1074 694 eptem
1090 648 1121 671 et
1137 640 1346 675 Zenothemis,
1363 640 1512 669 adversus
1529 648 1619 677 quem
1637 638 1702 667 haec

229 694 377 734 exceptio
392 695 549 728 scribitur,
562 706 675 735 genere
693 694 917 731 Massilienses,
940 694 1105 734 Syracusis
1120 694 1181 723 tale
1195 692 1316 723 facinus
1329 691 1428 721 moliti
1443 696 1525 725 sunt,
1543 695 1576 720 ut
1589 690 1703 720 Orator

228 746 351 776 asserit.
397 747 532 778 Mutuati
546 751 617 777 sunt
634 746 812 786 pecuniemj
835 756 926 786 quam
943 745 1014 775 navi
1030 755 1089 776 non
1109 745 1337 786 imposuerunt,
1353 743 1406 772 sed
1429 742 1507 772 elam
1533 741 1702 772 Massiliam

230 797 391 835 miserunt,
407 808 445 828 eo
459 798 589 830 consilio
605 802 639 828 ut
653 798 824 829 creditores
840 797 1072 828 defraudarem.
1118 798 1195 826 Cum
1219 795 1299 826 enim
1324 796 1353 825 in
1370 799 1528 824 contractu
1554 792 1702 832 scriptum

227 854 323 895 esset,
344 849 370 879 si
385 850 460 890 quid
477 850 547 880 navi
574 849 752 886 accidisset,
767 860 825 879 uon
850 849 1048 889 repetendam
1075 859 1143 879 esse
1165 848 1203 878 ab
1228 848 1276 878 his
1302 847 1476 887 pecuniam,
1501 846 1539 875 de
1553 845 1703 875 ¹submer-

224 893 327 938 genda
341 896 414 931 navi
437 901 657 931 deliberarunt.
708 902 816 931 Noctu
843 900 938 940 igitur
962 900 994 930 in
1025 899 1221 939 navigatione
1246 896 1410 928 descendit
1436 897 1644 935 Hegestratus
1671 900 1703 924 et

229 951 346 991 navigii
363 953 592 983 fundamentum
609 954 766 993 perforat:
781 953 992 992 deprehensus
1005 956 1036 982 et
1052 952 1126 981 dum
1143 955 1284 981 vectores
1300 949 1378 989 sugit
1394 949 1424 978 in
1441 959 1525 978 mure
1542 948 1702 987 delapsus,

225 1002 327 1033 statim
348 1003 440 1042 perit.
485 1004 685 1041 Zenothemis
709 1004 824 1040 secius,
851 1009 884 1034 ut
908 1008 1011 1034 orator
1031 1004 1085 1040 ait,
1107 1001 1299 1042 Hegestrati,
1321 1001 1375 1031 vix
1395 1001 1530 1030 Athenas
1551 999 1700 1039 perducta

227 1065 306 1085 nave
332 1054 493 1091 incolumi,
511 1055 752 1086 controversiam
769 1056 807 1085 de
835 1056 988 1085 frumento
1014 1059 1130 1090 movet,
1145 1054 1297 1083 affirmans
1313 1052 1496 1082 frumentum
1521 1049 1701 1089 Hegestrati

227 1116 309 1142 0⁵⁵0,
324 1106 409 1135 illum
427 1116 500 1136 vero
517 1117 531 1136 a
549 1118 582 1137 se
599 1107 759 1146 pecuniam
776 1117 845 1136 esse
863 1111 1044 1136 mutuatum.
1075 1106 1154 1135 Cum
1170 1115 1246 1135 vero
1264 1108 1394 1142 uterque
1414 1112 1486 1131 cum
1517 1111 1554 1130 eo
1575 1106 1700 1129 conten-

225 1156 313 1185 deret
330 1161 361 1186 et
376 1157 491 1186 Protus
506 1161 537 1186 et
554 1156 687 1189 Demon.
702 1155 824 1195 utrique
841 1157 1054 1186 mercatoriam
1082 1155 1165 1185 diem
1192 1155 1286 1184 dixit.
1331 1155 1473 1192 Cumque
1499 1153 1622 1181 l’rotnm
1647 1152 1701 1180 ab·

225 1211 342 1237 sentem
371 1207 545 1237 damnasset
569 1207 735 1244 volentem,
761 1212 792 1237 nt
820 1207 863 1237 ait
881 1208 1117 1243 Demosthenes,
1143 1211 1175 1236 et
1202 1217 1271 1236 curu
1289 1203 1466 1235 adversari-o
1483 1203 1701 1237 colludentemj

224 1258 315 1289 etiam
333 1259 500 1289 Demonem
526 1259 664 1289 secundo
688 1259 756 1290 loco
780 1259 810 1289 in
829 1258 985 1299 judicium
1002 1259 1139 1289 adducit.
1185 1258 1219 1288 Is
1246 1267 1324 1287 vero
1347 1255 1535 1294 exceptione
1564 1258 1652 1283 utens
1672 1254 1700 1283 ei

223 1309 373 1339 actionem
390 1310 557 1340 convenire
581 1315 685 1350 negat,
709 1311 778 1350 lege
802 1310 902 1340 nitens
925 1320 994 1350 quae
1017 1310 1240 1341 mercatoribus
1260 1308 1412 1338 actionem
1440 1308 1493 1336 det
1514 1306 1552 1335 de
1580 1310 1700 1335 contra-

223 1362 325 1392 ctibus
341 1361 394 1401 qui
411 1362 459 1391 vel
476 1362 614 1392 Athenas
628 1362 751 1392 aliunde
769 1362 816 1392 vel
838 1362 966 1392 Athenis
981 1361 1041 1392 alin
1059 1361 1240 1392 referantur.
1272 1356 1487 1388 Zenothemidi
1506 1367 1578 1386 vero
1593 1366 1698 1385 secum

222 1413 385 1452 quicquam
409 1423 478 1442 esse
494 1413 674 1444 commercii
690 1418 791 1452 negat.
838 1414 884 1443 Ac
899 1414 939 1443 de
956 1413 1142 1453 exceptione
1158 1411 1283 1450 quidem
1301 1410 1421 1450 agitur:
1452 1408 1550 1437 oratio
1569 1417 1641 1437 vero
1659 1407 1701 1436 ita

223 1466 364 1496 instituta
379 1469 438 1501 est,
454 1471 597 1506 tauquam
614 1467 827 1498 controversia
848 1471 933 1497 recta
952 1467 982 1496 in
1005 1467 1102 1496 sorum
1121 1466 1254 1495 deducta
1279 1465 1343 1501 sit;
1368 1462 1542 1502 explicatur
1566 1461 1645 1491 enim
1670 1461 1698 1490 in

219 1527 271 1553 ea,
292 1516 523 1546 Zenothemidis
547 1528 607 1547 non
626 1528 695 1547 esse
712 1518 912 1552 frumentum,
936 1517 991 1547 sed
1017 1516 1117 1552 Proti,
1135 1516 1183 1546 cui
1202 1517 1322 1545 Demon
1340 1512 1499 1555 pecuniam
1518 1511 1698 1541 crediderit.

225 1570 293 1599 Non
309 1567 389 1598 enim
412 1568 512 1598 videri
531 1567 597 1598 vult
622 1568 689 1598 solo
708 1570 803 1599 verbo
826 1568 904 1608 legis
922 1568 990 1604 niti,
1007 1574 1149 1607 tanquam
1167 1566 1305 1606 aequitati
1329 1575 1431 1595 causae
1455 1563 1615 1594 diffidens:
1642 1565 1697 1593 sed

224 1619 372 1656 ostendit,
396 1629 429 1649 se
454 1619 544 1649 etiam
567 1627 681 1650 rectum
708 1620 864 1659 judicium
889 1630 949 1649 non
967 1620 1199 1658 pertimescere,
1215 1618 1268 1647 sed
1291 1629 1329 1648 ex
1357 1626 1589 1656 supervacaneo
1606 1627 1698 1646 exce-

223 1671 329 1711 ptione
346 1680 435 1711 quam
450 1670 503 1700 lex
521 1670 670 1710 largiatur
683 1671 739 1702 uti.

707 1822 866 1829 *-

594 1958 1330 2017 DEMOSTHENIS

787 2084 1135 2135 EXCEPTIO

489 2202 833 2252 ADVERSUS
876 2199 1432 2244 ZENOTHEMIDEM.

283 2315 317 2351 l.
339 2312 657 2356 POSTEAQUAM,
680 2310 857 2356 Judices,
889 2309 1117 2361 exceptione
1149 2322 1234 2347 sum
1266 2321 1360 2346 usus
1389 2308 1437 2346 de
1465 2320 1542 2345 non
1565 2307 1696 2346 danda

225 2376 445 2415 adversario
465 2374 629 2417 actione,
660 2372 767 2424 leges
788 2372 954 2424 primum
976 2371 1194 2423 explicabo,
1217 2370 1432 2409 secundum
1459 2383 1557 2421 quas
1581 2382 1695 2408 exce-

223 2437 393 2489 ptionem
425 2436 613 2489 opposui(
664 2435 787 2486 Leges
817 2434 970 2485 jubent,
1004 2433 1184 2479 Jufflces,
1218 2433 1392 2471 actiones
1423 2432 1506 2470 dari
1537 2432 1697 2469 navicu—

223 2500 327 2538 lariis
359 2490 398 2538 et
430 2497 710 2537 mercatoribus
740 2497 778 2534 in
810 2497 855 2534 iis
882 2495 1146 2533 contractibus
1167 2495 1231 2545 qni
1252 2493 1312 2532 vel
1334 2493 1510 2531 Athenas
1538 2492 1694 2530 aliunde

223 2562 283 2601 vel
297 2562 460 2600 Athenis
482 2561 558 2599 alio
574 2560 804 2605 referantur,
827 2559 874 2597 de
904 2558 1044 2608 quibus
1065 2564 1222 2595 exstent
1239 2557 1407 2595 tabulae:
1430 2556 1532 2607 quod
1557 2557 1587 2594 si
1609 2555 1695 2606 quis

223 2630 364 2675 praeter
383 2623 468 2661 haec
487 2623 593 2662 litem
613 2621 804 2666 intendat,
825 2633 903 2658 non
920 2619 1091 2657 dandam
1107 2620 1141 2657 ei
1162 2631 1247 2657 esse
1267 2618 1473 2656 actionem.
1504 2616 1695 2655 Zenothe-

225 2686 319 2723 midi
339 2692 465 2723 autem
487 2684 582 2722 nihil
600 2682 721 2721 fuisse
743 2695 895 2721 mecum
917 2681 1077 2732 negotii,
1099 2681 1225 2719 nullas
1253 2680 1399 2727 literas,
1419 2680 1501 2731 ipse
1521 2679 1634 2716 etiam
1657 2678 1694 2715 in

225 2747 476 2785 accusatione
508 2746 739 2784 confitetur:
770 2744 837 2782 sed
870 2756 913 2781 se
942 2742 1179 2781 naviculario
1212 2742 1452 2793 Hegestrato
1481 2746 1694 2777 mutuasse.

227 2809 326 2854 Nos,
348 2815 439 2860 post
462 2809 543 2860 ejus
562 2808 600 2846 in
624 2807 766 2859 pelago
786 2805 996 2850 interitum,
1021 2817 1093 2856 pro
1111 2811 1272 2842 vectura
1289 2816 1368 2841 non
1390 2802 1552 2841 solvisse
1572 2801 1665 2840 dicit
1683 2815 1693 2845 ς

227 2869 311 2908 haec
332 2870 531 2910 accusatio
550 2875 624 2908 est.
680 2868 762 2907 Vos
783 2874 914 2905 autem
932 2879 978 2904 ex
999 2865 1135 2904 eadem
1155 2865 1330 2903 oratione
1348 2870 1429 2901 tum
1447 2863 1639 2901 actionem
1660 2863 1695 2899 ei

227 2945 305 2969 non
341 2946 428 2970 esse
459 2932 629 2970 dandam
664 2928 925 2981 cognoscetis,
956 2935 1034 2965 tum
1071 2927 1272 2964 universas
1305 2925 1416 2963 istius
1438 2924 1605 2962 hominis
1637 2923 1695 2960 in-

227 2993 345 3032 sidias
378 3000 416 3032 et
448 2994 728 3045 improbitatem
757 2989 1020 3041 cognoscetis.
1083 2990 1164 3026 Vos
1199 2988 1329 3037 igitur,
1356 2987 1534 3029 judices.
1564 2992 1694 3023 oratos
