1948 3306
295 194 372 231 590
747 193 1037 231 ADVERSUS
1071 194 1315 232 BOEOTUM

296 295 344 333 de
365 294 516 332 nomine
536 294 790 342 contendens,
811 296 939 347 reipsa
970 308 1030 333 me
1060 295 1151 335 dote
1176 297 1309 335 matris
1332 297 1499 337 fraudat.
1557 299 1645 351 Ego
1669 314 1761 340 vero

297 357 408 407 inops
430 355 580 394 consilii
606 363 645 395 et
666 371 742 408 quo
762 370 824 396 me
843 364 1033 395 verterem
1059 358 1252 404 nesciens,
1274 359 1329 397 sic
1349 373 1481 398 rursus
1502 361 1641 400 eodem
1654 363 1759 411 judi-

296 419 356 456 cio
389 418 539 456 actione
569 425 705 457 contra
736 419 994 457 Mantitheum
1026 420 1204 459 instituta
1233 421 1282 459 ad
1305 434 1372 460 vos
1392 435 1497 460 nunc
1517 435 1620 462 anno
1638 425 1761 462 unde-

297 480 398 518 cimo
417 480 589 532 confugi.
648 481 747 525 Quae
773 488 816 519 ut
842 495 866 519 a
897 494 958 520 me
977 494 1066 521 vere
1087 482 1163 521 dici
1183 490 1348 531 constet,
1367 485 1546 536 legentur
1563 485 1672 525 vobis
1693 486 1762 524 ha-

297 554 381 580 rum
402 555 526 581 rerum
547 543 783 581 testimonia.
1310 554 1312 556 ’

846 656 1216 694 TESTIMONIA.

298 750 468 789 Matrem
495 750 611 801 igitur
637 764 777 798 meam,
797 751 972 799 Judices,
995 751 1143 789 talento
1172 750 1303 797 allato,
1325 764 1348 789 a
1366 750 1549 790 fratribus
1576 751 1654 790 suis
1681 752 1762 791 elo-

295 818 437 859 catam,
459 819 502 849 ut
521 812 627 863 leges
647 813 800 864 jubent,
821 813 918 864 patri
945 827 1032 852 meo
1053 813 1250 865 nupsisse;
1281 821 1332 860 et,
1355 828 1377 853 a
1401 827 1462 852 me
1482 815 1576 853 istos
1595 814 1635 853 in
1655 815 1763 854 aedes

297 881 474 925 receptos
509 874 695 912 defuneto
725 883 854 926 patre;
895 882 946 921 et,
979 889 1041 913 me
1072 875 1116 913 iis
1157 875 1371 914 actionibus
1405 889 1494 915 esse
1527 877 1761 923 absolutum,

296 937 435 987 quibus
454 949 514 974 me
533 944 783 975 accusarunt:
812 938 899 976 haec
918 938 1046 975 omnia
1066 953 1086 976 e
1106 937 1270 976 testibus
1292 939 1425 977 audita
1445 945 1484 978 et
1497 939 1764 979 demonstrata

297 1005 401 1036 sunt.
460 999 534 1037 Abi
556 1012 652 1050 cape
672 1000 800 1050 legem
817 1000 928 1038 istam
949 1000 998 1037 de
1014 1000 1117 1038 dote.

969 1128 1089 1167 LEX.

298 1222 399 1260 Cum
429 1222 548 1273 igitur
580 1223 646 1260 lex
679 1223 730 1261 ita
764 1237 805 1261 se
838 1224 994 1270 habeat,
1025 1223 1185 1262 arbitror
1211 1223 1327 1261 istum
1353 1223 1433 1261 sive
1460 1222 1652 1268 Boeotum,
1685 1222 1764 1262 sive

297 1283 573 1331 Mantitheum,
587 1298 656 1323 seu
670 1298 747 1337 quo
759 1285 834 1323 alio
846 1286 1001 1324 nomine
1017 1299 1058 1326 se
1074 1285 1260 1337 appellari
1274 1284 1435 1336 gaudet,
1445 1284 1592 1336 justam
1605 1285 1762 1335 quidem

296 1345 564 1385 defensionem
585 1354 625 1386 et
643 1349 771 1386 veram
794 1348 1001 1386 allaturum
1023 1348 1183 1393 nullam,
1212 1347 1392 1385 daturum
1413 1354 1542 1384 autem
1561 1359 1650 1385 esse
1669 1359 1763 1398 ope-

296 1409 578 1455 ram‚-audacia
609 1422 680 1447 sua
700 1417 739 1448 et
759 1410 997 1448 confidentia
1027 1409 1181 1456 fretum,
1201 1415 1245 1447 ut
1278 1422 1368 1447 suas
1402 1408 1764 1447 calamitates·mihi

297 1468 476 1520 imputet,
507 1470 546 1508 id
566 1471 672 1521 quod
704 1471 818 1509 etiam
843 1472 1020 1522 privatim
1039 1472 1167 1509 facere
1186 1471 1400 1518 consuevit,
1431 1470 1553 1518 aiens,
1571 1470 1767 1522 Pamphili

295 1530 548 1570 facultatibus
569 1532 792 1583 publicatis,
805 1533 869 1585 qui
886 1540 995 1584 pater
1014 1533 1088 1571 fuit
1102 1533 1331 1584 thgonis,
1350 1531 1538 1583 reliquam
1558 1532 1767 1584 pecuniam

296 1599 446 1643 patrem
480 1608 608 1632 meum
643 1595 843 1646 accepisse
877 1609 899 1633 e
931 1595 1060 1634 curia:
1091 1601 1131 1633 et
1157 1595 1211 1633 ita
1235 1595 1432 1633 declarare
1462 1593 1620 1632 studens
1653 1607 1763 1633 suam

296 1662 458 1693 matrem
493 1657 623 1694 dotem
656 1657 835 1695 attulisse
866 1657 1031 1708 amplius
1051 1663 1207 1695 centum
1237 1657 1376 1705 minas,
1399 1668 1526 1694 meam
1556 1657 1639 1695 sine
1672 1656 1765 1695 dote

295 1718 478 1767 nupsisse
504 1718 654 1756 asserit.
713 1719 771 1756 Ea
798 1732 889 1757 vero
920 1725 1213 1763 commemorat,
1234 1717 1410 1763 Judices,
1440 1714 1568 1767 neque
1594 1717 1765 1756 adducto

295 1779 376 1817 ullo
396 1780 631 1826 testimonio,
652 1793 778 1831 neque
806 1781 964 1831 ignarus
990 1793 1032 1818 se
1058 1792 1182 1830 nugas
1210 1792 1348 1829 agere:
1383 1778 1453 1817 sed
1483 1785 1590 1816 certo
1623 1780 1764 1826 sciens,

295 1840 362 1890 qui
391 1842 639 1879 confiteretur
665 1855 706 1879 se
736 1842 942 1892 deliquisse
966 1841 1070 1892 apud
1099 1853 1167 1878 vos
1193 1840 1413 1878 absolutum
1445 1853 1530 1878 esse
1557 1840 1764 1888 neminem,

296 1903 549 1940 mentientem
585 1909 714 1941 autem
747 1909 786 1940 et
816 1902 960 1954 effugia
986 1903 1257 1954 quaeritantem
1280 1902 1364 1954 jam
1401 1901 1569 1952 aliquem
1606 1902 1764 1953 impune

295 1964 449 2003 abiisse.
508 1964 569 2003 Ne
591 1977 681 2003 vero
701 1966 749 2003 ab
769 1978 815 2003 eo
836 1964 1096 2017 decipiamini,
1116 1964 1335 2003 consultius
1355 1963 1448 2002 mihi
1468 1962 1620 2001 videtur
1637 1977 1766 2016 pauca

298 2026 346 2064 de
366 2026 441 2064 ista
459 2040 498 2064 re
519 2027 622 2078 apud
643 2040 711 2065 vos
733 2026 875 2065 dicere.

352 2090 390 2126 3.
424 2089 499 2126 Ubi
531 2090 630 2126 enim
653 2089 802 2135 dixerit,
823 2095 983 2125 matrem
1010 2100 1135 2126 meam
1167 2101 1248 2126 non
1275 2086 1455 2125 attulisse
1483 2086 1630 2134 dotem,
1651 2100 1763 2126 suam

295 2162 387 2188 vero
408 2150 594 2197 attulisse,
616 2150 932 2189 animadvertetis
963 2163 1051 2187 eum
1088 2150 1218 2202 palam
1253 2149 1420 2188 mentiri.
1466 2149 1640 2187 Primum
1660 2151 1764 2189 enim

297 2211 538 2263 Pamphilus,
559 2219 669 2264 pater
693 2212 827 2251 matris
853 2225 999 2259 eorum,
1018 2212 1188 2263 quinque
1212 2212 1369 2250 talentis
1393 2211 1528 2250 aerario
1553 2212 1763 2250 obstrictus

295 2275 406 2312 obiit:
437 2281 665 2326 tantumque
695 2275 820 2313 abfuit
841 2282 885 2312 ut
903 2275 1115 2325 quicquam
1142 2275 1225 2325 ejus
1253 2274 1399 2318 liberis,
1420 2273 1624 2324 descriptis
1660 2273 1763 2312 illius

295 2336 432 2387 opibus
453 2344 491 2374 et
509 2337 731 2388 publicatis,
754 2336 1002 2388 superfuerit,
1023 2343 1065 2374 ut
1084 2350 1156 2375 nec
1177 2336 1350 2374 debitum
1376 2335 1460 2387 ejus
1482 2347 1595 2373 omne
1624 2335 1674 2373 sit
1700 2348 1763 2373 so-

293 2398 431 2445 lutum,
454 2399 523 2437 sed
544 2399 659 2438 etiam
688 2412 791 2437 nunc
821 2398 1049 2450 Pamphilus
1071 2405 1114 2436 ut
1133 2398 1289 2436 aerarius
1321 2397 1370 2435 sit
1402 2397 1625 2448 inscriptus.
1684 2397 1762 2441 Qui

294 2461 420 2512 potuit
437 2461 553 2512 igitur
567 2461 649 2499 fieri
664 2468 708 2499 ut
727 2467 840 2512 pater
856 2473 965 2498 meus
983 2474 1003 2498 a
1020 2460 1214 2511 Pamphili
1230 2460 1368 2511 opibus
1388 2458 1535 2510 aliquid
1555 2458 1762 2510 acceperit,

293 2536 381 2573 quae
402 2523 586 2561 mulctam
608 2523 758 2561 solvere
778 2523 922 2561 civitati
942 2536 1020 2560 non
1042 2522 1281 2574 potuerunt?
1315 2521 1468 2560 Deinde
1487 2521 1669 2572 cogitate,
1688 2521 1763 2560 Ju-

294 2584 416 2632 dices,
440 2586 471 2623 si
503 2586 564 2624 vel
584 2585 751 2627 maxime
784 2585 1037 2637 superfuisset
1061 2584 1242 2636 pecunia,
1268 2596 1384 2635 quam
1412 2583 1476 2621 isti
1502 2583 1651 2627 dicunt,
1676 2596 1762 2622 eam

292 2659 369 2683 non
386 2660 516 2684 meum
534 2655 683 2698 patrem
704 2647 825 2685 fuisse
847 2653 1111 2698 accepturum,
1132 2646 1203 2684 sed
1219 2645 1414 2697 Pamphili
1434 2645 1548 2691 filios,
1564 2645 1760 2692 Boeotum,

293 2707 505 2759 Hedyl'um,
520 2715 559 2746 et
575 2708 882 2760 Euthydemum,
897 2707 962 2758 qui
978 2721 1066 2745 cum
1079 2714 1236 2759 propter
1256 2706 1384 2745 aliena
1398 2705 1589 2758 capienda
1606 2706 1761 2757 quidvis

292 2770 453 2819 egerint,
474 2777 517 2808 ut
537 2778 576 2809 et
596 2784 663 2809 vos
683 2783 815 2809 omnes
835 2770 970 2815 nostis,
987 2782 1057 2807 sua
1071 2770 1203 2820 utique
1220 2769 1321 2820 patri
1340 2780 1428 2806 meo
1446 2780 1524 2805 non
1543 2768 1762 2807 concessis-

291 2837 392 2868 sent.

344 2894 384 2929 4.
419 2892 480 2930 Ac
511 2900 672 2931 matrem
704 2893 864 2932 istorum
898 2906 975 2931 non
1011 2892 1192 2931 attulisse
1211 2892 1355 2939 dotem,
1376 2891 1445 2930 sed
1470 2890 1566 2930 istos
1594 2890 1758 2937 mentiri,

291 2953 384 2992 satis
404 2967 473 2992 vos
499 2955 731 3005 cognovisse
757 2955 955 2994 existimo:
994 2968 1119 2994 meam
1140 2961 1268 2994 autem
1294 2959 1455 2992 matrem
1487 2953 1679 3000 attulisse,
1699 2952 1758 2991 fa-
