1948 3306
349 153 425 188 740
718 151 943 191 CONTRA
976 145 1453 192 DloNYsoDORUM.

347 255 425 306 pha
450 256 709 294 continentur.
768 258 868 296 Nam
888 271 975 296 curn
1002 257 1074 308 ipsi
1094 257 1250 309 duplam
1275 256 1347 296 sibi
1365 257 1549 296 mulctam
1569 258 1746 304 dixerint,
1769 257 1801 296 si

347 317 440 367 quid
461 318 497 355 in
517 319 737 371 syngrapha
756 320 1007 371 perscriptum
1036 319 1227 365 violarint,
1247 318 1418 370 iniquum
1437 319 1553 358 fuerit
1577 333 1645 359 vos
1677 320 1714 358 in
1734 332 1801 359 eos

348 392 432 418 esse
448 379 626 428 leniores,
643 382 857 433 praesertim
878 382 987 420 vobis
1007 394 1084 419 non
1103 381 1244 419 leviore
1264 394 1378 432 quam
1398 381 1509 419 nobis
1528 380 1633 420 facta
1650 381 1802 432 injuria.

408 444 467 481 14.
496 445 593 483 Jura
611 446 727 497 igitur
746 460 874 484 causae
892 445 1022 484 brevia
1042 452 1132 483 sunt
1151 452 1190 482 et
1208 445 1320 483 facile
1336 444 1520 483 memoria
1538 449 1686 495 queunt
1698 453 1801 482 com-

348 504 547 554 prehendi.
606 508 872 546 Mutuavimus
909 507 1178 558 Dionysodoro
1210 513 1248 544 et
1267 506 1373 545 socio
1394 509 1474 555 ejus
1506 513 1564 544 ter
1589 505 1694 543 mille
1713 505 1802 543 dra-

349 564 497 613 chmas,
537 568 773 606 Athenis
812 569 861 605 in
896 568 1185 618 AEgyptum
1217 575 1266 605 et
1295 580 1347 605 ex
1382 567 1606 619 AEgypto
1645 565 1805 604 Athe·

350 641 374 664 n
389 641 455 666 as.
514 630 602 668 Non
623 629 834 680 recepimus
855 642 982 680 neque
1003 636 1145 666 sortem
1173 642 1296 680 neque
1322 641 1475 674 usuras,
1495 628 1563 666 sed
1591 627 1645 666 illi
1671 634 1804 666 nostra
1825 625 1830 635 “

348 695 491 727 tenent.
503 690 623 740 iisque
638 697 800 728 utuntur
816 690 976 728 alterum
991 689 1074 740 jam
1089 702 1246 727 annum.
1285 689 1373 727 Non
1390 689 1650 740 perduxerunt
1668 702 1805 728 navem

349 749 386 786 in
407 758 575 788 vestrum
598 759 822 798 mercatum,
843 752 1016 790 nondum
1050 764 1097 788 ne
1126 763 1230 789 nunc
1251 751 1420 801 quidem,
1441 764 1566 802 neque
1594 752 1703 790 nobis
1718 764 1804 790 earn

349 813 553 850 manifesto
583 812 861 851 exhibuerunt:
889 827 975 852 cum
999 812 1218 864 syngrapha
1240 813 1389 860 jubeat,
1417 813 1489 851 nisi
1509 813 1714 853 manifesto
1734 827 1803 852 na-

348 885 434 911 vem
466 874 722 921 exhibuerint,
743 875 898 926 duplam
932 875 1080 913 solvere
1112 874 1334 926 pecuniam,
1356 887 1518 926 eamque
1548 876 1610 913 vel
1641 875 1805 927 singulis

288 942 293 943 ⁷
348 936 460 974 nobis
477 936 536 974 vel
559 937 710 988 utrique
731 938 904 988 redigere
925 938 1051 975 licere.
1109 936 1180 974 His
1196 936 1446 974 firmamentis
1465 936 1564 984 freti,
1584 936 1633 975 ad
1658 950 1728 975 vos
1746 937 1805 975 in-

349 999 471 1048 gressi
491 1012 638 1043 sumus,
662 1012 707 1038 ac
728 1007 860 1038 nostra
879 1012 947 1051 per
974 1012 1042 1037 vos
1070 1010 1299 1049 recuperare
1319 998 1530 1046 studemus,
1556 999 1737 1050 quoniam
1758 999 1807 1037 ab

349 1060 430 1099 istis
461 1062 500 1100 id
527 1062 731 1113 impetrare
751 1075 830 1101 non
856 1074 1076 1114 possumus.
1136 1061 1185 1098 Et
1202 1060 1287 1099 haec
1307 1068 1439 1100 nostra
1468 1068 1527 1099 est
1545 1061 1679 1099 oratio.
1735 1061 1809 1099 Isti

349 1131 478 1162 autem
501 1137 542 1162 se
561 1124 714 1175 quidem
735 1137 821 1163 esse
840 1130 1036 1163 mutuatos
1067 1124 1298 1163 confitentur
1323 1130 1361 1161 et
1381 1136 1460 1164 non
1490 1123 1727 1162 reddidisse:
1758 1123 1807 1162 de

348 1198 395 1222 eo
427 1193 557 1224 autem
588 1186 753 1237 litigant,
783 1199 859 1224 non
889 1192 1066 1237 oportere
1095 1199 1135 1224 se
1168 1185 1337 1237 pendere
1364 1199 1500 1224 usuras
1528 1186 1568 1223 in
1587 1185 1808 1237 syngrapha

348 1248 594 1299 perscriptas,
615 1248 685 1286 sed
715 1248 971 1295 Rhodienses,
997 1261 1085 1299 quae
1115 1261 1188 1286 nec
1220 1247 1258 1285 in
1291 1248 1512 1301 syngrapha
1531 1247 1663 1286 insunt
1693 1261 1765 1286 nec
1785 1261 1808 1286 a

349 1310 459 1347 nobis
480 1318 573 1349 sunt
599 1323 809 1349 concessae.
868 1310 985 1355 Quod
1014 1311 1060 1358 si,
1089 1310 1359 1357 Athenienses,
1382 1310 1421 1348 in
1452 1310 1694 1348 Rhodiorum
1723 1310 1806 1348 foro

347 1372 597 1424 litigaremus,
612 1374 744 1412 melior
763 1381 868 1412 esset
885 1373 1046 1412 istorum
1065 1372 1227 1427 fortasse
1248 1372 1431 1420 conditio,
1446 1373 1551 1424 quod
1570 1372 1620 1411 ad
1640 1386 1707 1416 eos
1728 1373 1807 1412 fru-

348 1442 521 1473 mentum
541 1436 737 1474 vexissent
767 1443 806 1473 et
835 1436 873 1473 in
901 1448 1030 1474 eorum
1058 1441 1271 1473 mercatum
1290 1434 1554 1487 appulissent:
1584 1442 1807 1481 nunc,cum

349 1497 399 1535 ad
420 1497 676 1536 Athenienses
696 1498 859 1549 ingressi
879 1498 998 1536 simus
1017 1504 1056 1535 et
1077 1495 1300 1549 syngrapha
1318 1502 1530 1534 mercatum
1549 1503 1718 1535 vestrum
1737 1495 1807 1534 de-

350 1559 523 1610 signarit,
542 1560 785 1612 postulamus
819 1573 866 1598 ne
892 1560 1005 1598 nobis
1035 1560 1163 1597 minus
1183 1558 1372 1597 tribuatur
1391 1571 1506 1610 quam
1527 1557 1571 1597 iis
1590 1558 1656 1610 qui
1681 1565 1721 1598 et
1739 1571 1808 1597 vos

350 1627 390 1659 et
408 1634 479 1660 nos
500 1621 646 1673 injuriis
667 1621 891 1660 affecerunt.

407 1686 468 1721 15.
499 1682 694 1721 Praeterea
722 1697 795 1721 nec
825 1684 919 1722 illud
940 1697 1006 1722 vos
1036 1683 1168 1727 lateat,
1189 1682 1460 1728 Athenienses,
1479 1682 1518 1720 in
1545 1681 1618 1721 hoc
1646 1696 1723 1722 uno
1742 1684 1808 1736 ju-

350 1746 450 1785 dicio
470 1746 520 1785 de
537 1753 620 1785 toto
640 1753 813 1785 mercatu
840 1747 966 1799 legem
998 1745 1148 1784 sancire
1168 1757 1261 1789 vos;
1289 1744 1510 1796 multosque
1534 1744 1714 1784 assistere
1743 1745 1808 1797 qui

350 1808 388 1845 in
406 1808 499 1846 mari
518 1808 705 1859 negotiari
727 1808 945 1854 decrevere,
964 1820 1111 1858 vosque
1139 1806 1276 1844 intueri
1300 1806 1394 1858 quid
1414 1807 1463 1845 de
1491 1806 1566 1845 hac
1586 1818 1706 1846 causa
1722 1819 1811 1859 pro—

351 1869 567 1908 nunciaturi
601 1869 693 1907 sitis.
765 1869 866 1907 Nam
900 1869 930 1905 si
966 1882 1033 1907 vos
1067 1867 1310 1920 syngraphas
1346 1875 1384 1906 et
1417 1868 1616 1919 pactiones
1655 1875 1808 1908 mutuas

349 1932 479 1969 firmas
498 1943 581 1969 esse
602 1938 780 1982 oportere
801 1931 994 1975 statuetis,
1015 1943 1140 1981 neque
1165 1943 1296 1969 earum
1327 1929 1575 1968 violatoribus
1600 1930 1808 1982 quicquam

349 1992 472 2031 veniae
492 1992 647 2038 dabitis,
666 1992 829 2030 alacrius
854 1993 919 2044 qui
943 1992 982 2029 in
1006 2001 1180 2031 mercatu
1201 1999 1381 2031 mutuant
1407 1992 1534 2030 officio
1552 2005 1622 2030 suo
1641 1993 1809 2044 fungen-

350 2061 431 2098 tur3
462 2060 579 2105 atque
608 2067 656 2092 ex
685 2067 730 2092 ea
757 2067 796 2092 re
823 2054 1027 2105 augebitur
1054 2061 1246 2093 mercatus
1275 2061 1415 2092 vester.
1472 2054 1540 2092 Sin
1565 2055 1808 2095 naviculariis

349 2116 492 2162 licebit,
512 2116 732 2167 conscripta
753 2117 976 2168 syngrapha
995 2115 1043 2155 de
1064 2117 1284 2168 navigando
1303 2116 1490 2163 Athenas,
1511 2117 1655 2156 deinde
1669 2131 1808 2157 navem

349 2178 389 2215 in
422 2178 516 2216 alios
554 2184 748 2216 mercatus
781 2178 987 2230 appellere,
1027 2178 1130 2228 quod
1162 2185 1314 2230 ruptam
1344 2191 1430 2216 esse
1472 2178 1615 2226 dicent,
1645 2188 1685 2218 et
1709 2180 1808 2219 tales

349 2251 489 2278 causas
518 2239 859 2278 comminiscentur
891 2239 1071 2290 qualibus
1106 2239 1398 2292 Dionysodorus
1435 2240 1567 2286 utitur,
1602 2247 1643 2279 et
1671 2254 1807 2281 usuras

351 2300 523 2339 dividere
544 2313 611 2352 pro
630 2314 676 2339 eo
697 2315 813 2340 cursu
845 2315 959 2353 quem
983 2314 1022 2339 se
1049 2301 1255 2352 navigasse
1276 2301 1420 2346 dicent,
1441 2314 1520 2340 non
1543 2315 1614 2353 pro
1646 2315 1808 2355 syngra-

350 2362 443 2413 pha,
461 2362 555 2400 nihil
573 2363 742 2401 obstabit
762 2377 840 2414 quo
865 2362 991 2401 minus
1009 2376 1144 2401 omnes
1163 2370 1382 2402 contractus
1403 2364 1653 2416 dissipentur.
1710 2365 1807 2410 Quis

350 2423 452 2463 enim
478 2436 591 2462 suurn
623 2425 789 2477 abjicere
809 2425 926 2471 volet,
947 2426 976 2463 si
999 2425 1135 2463 viderit
1162 2426 1405 2478 syngraphas
1435 2439 1522 2465 esse
1551 2426 1690 2474 irritas,
1709 2428 1807 2467 tales

350 2492 479 2525 autem
499 2486 691 2525 orationes
711 2493 750 2524 et
768 2499 905 2525 causas
926 2487 975 2538 inj
983 2487 1147 2525 uriorum
1164 2487 1364 2530 hominum
1379 2488 1551 2540 aequitati
1570 2490 1808 2541 praevalere?

350 2548 463 2586 Absit
485 2547 574 2595 hoc,
592 2548 768 2587 Judices.
825 2549 873 2587 Id
903 2548 1002 2587 enim
1032 2562 1158 2600 neque
1188 2549 1424 2588 multitudini
1443 2558 1581 2589 vestrae
1611 2551 1808 2598 conducit,

346 2622 471 2661 neque
505 2609 551 2648 iis
581 2610 648 2661 qui
671 2617 862 2661 quaestum
878 2611 1019 2649 'facere
1049 2610 1307 2658 instituerunt,
1326 2613 1469 2664 quique
1500 2614 1691 2653 utilissimi
1715 2621 1807 2654 sunt

348 2677 429 2709 tum
444 2671 620 2711 universe
640 2672 748 2711 vobis
769 2672 962 2720 omnibus,
982 2681 1063 2711 tum
1083 2673 1239 2712 seorsim
1255 2675 1414 2714 cuilibet
1427 2675 1491 2727 qui
1502 2689 1635 2715 eorum
1652 2690 1806 2730 operam

346 2732 529 2784 requirit:
561 2741 795 2786 quapropter
815 2747 947 2773 eorum
968 2735 1075 2774 vobis
1095 2735 1277 2775 habenda
1295 2737 1391 2776 ratio
1408 2746 1479 2777 est.

403 2796 466 2832 16.
497 2796 554 2834 Ac
575 2809 648 2848 ego
664 2796 820 2848 quidem
840 2811 929 2849 quae
949 2798 1070 2849 potui,
1090 2796 1167 2836 dixi
1184 2811 1192 2836 :
1222 2807 1313 2850 peto
1333 2806 1462 2838 autem
1483 2808 1527 2840 ut
1545 2809 1584 2842 et
1597 2803 1806 2844 amicorum

346 2856 484 2908 aliquis
503 2858 594 2897 mihi
615 2859 890 2910 patrocinetur.
939 2860 1167 2907 Adscende,
1184 2860 1485 2902 Demosthenes.
