1948 3306
357 191 434 226 644
841 189 897 226 IN
930 188 1267 228 STEPHANUM
1301 192 1331 228 Ι.

941 342 1226 381 EJURATIO.

357 432 448 470 Non
469 433 676 471 obscurum
694 432 779 478 fuit,
798 430 973 474 Judices‚
993 442 1061 466 eos
1079 429 1153 467 hoc
1167 431 1338 469 facturos
1354 430 1573 482 cupideque
1584 431 1811 483 ejuraturos.

356 494 414 533 Ut
439 495 554 546 igitur
572 507 593 532 e
617 493 781 544 vestigio
809 490 964 543 perjurii
994 489 1286 539 convincantur,
1307 506 1403 544 cape
1429 492 1503 531 hoc
1531 493 1810 541 testimonium,

355 562 394 594 et
412 555 725 608 provocationem
746 554 847 606 lege.

658 657 1062 697 TESTIMONIUM.
1119 656 1491 696 PROVOCATIO.

394 746 561 776 Testantur
573 757 606 777 se
623 746 834 783 affuisse,cnm
848 747 1055 786 Apollodorus
1067 746 1254 786 Stephanum
1275 746 1456 785 provocavit
1473 751 1505 776 ut
1528 756 1657 786 puerum
1678 747 1822 786 ped1sse-

352 807 445 838 quum
468 798 499 828 in
520 797 718 837 quaestionem
739 798 826 828 daret
841 798 880 828 de
898 799 1009 828 tabulae
1038 796 1260 833 subtractione,
1275 802 1306 826 et
1321 802 1458 836 paratum
1474 796 1573 828 fuisse
1589 797 1814 837 Apollodorum

352 851 391 880 ad
407 849 642 880 conscribendas
656 849 835 889 quaestionis
850 849 1060 880 conditiones:
1083 848 1149 878 hacc
1163 853 1263 878 autem
1276 848 1450 887 postulante
1462 847 1668 888 Apollodoro,
1679 848 1814 879 noluisse

351 901 540 940 Stephanum
556 911 682 941 puerum
699 900 833 937 tradere,
856 901 908 931 sed
926 900 1123 940 respondisse
1145 900 1351 939 Apollodoro,
1367 899 1394 930 si
1410 908 1500 939 quam
1518 898 1577 929 sibi
1606 900 1717 930 factam
1735 899 1814 940 inju-

350 952 426 983 riam
439 956 629 991 quereretur,
644 952 781 991 experiri
795 952 890 982 licere
901 952 1032 991 judicio.

351 1036 449 1080 Quis
482 1036 598 1087 igitur
626 1037 664 1075 in
693 1037 760 1076 tali
788 1037 961 1085 crimine,
980 1036 1003 1075 J
1009 1036 1155 1084 udices,
1175 1047 1293 1075 causa
1311 1036 1444 1082 fretus,
1463 1036 1717 1087 quaestionem
1735 1049 1814 1075 non

350 1098 598 1138 admisisset?
646 1099 815 1138 Proinde
836 1099 1022 1151 fugiendo
1042 1099 1297 1151 quaestionem
1315 1098 1407 1137 furti
1425 1098 1540 1151 hujus
1559 1099 1812 1137 convincitur.

350 1159 453 1198 Eum
474 1158 590 1212 igitur
606 1161 694 1200 falsi
712 1161 922 1200 testimonii
942 1162 1036 1200 dicti
1055 1161 1199 1200 moveri
1218 1161 1363 1213 putatis
1382 1161 1552 1208 infamia,
1572 1161 1639 1212 qui
1657 1175 1737 1200 non
1755 1175 1816 1201 re—

349 1223 604 1275 cusavit›qu0
633 1223 759 1262 minus
788 1224 850 1261 fur
880 1223 1193 1262 existimaretur?
1244 1224 1424 1275 Rogatus
1452 1223 1501 1261 ab
1526 1222 1654 1274 aliquo
1671 1223 1813 1262 falsum

350 1285 613 1323 testimonium
644 1299 722 1324 non
752 1285 870 1331 dicet,
903 1287 969 1338 qui
997 1286 1158 1338 jubente
1190 1285 1342 1324 nemine
1369 1285 1474 1324 ultro
1492 1285 1567 1324 fuit
1586 1285 1814 1337 improbus?

350 1347 587 1397 Quanquam
623 1347 753 1398 igitur,
792 1348 1069 1394 Athenienses,
1105 1348 1244 1386 horum
1286 1347 1474 1386 scelerum
1517 1347 1688 1386 omnium
1725 1349 1814 1398 jure

348 1421 483 1460 poenas
503 1409 627 1455 daret,
647 1410 771 1448 multo
790 1415 921 1449 tamen
942 1410 1084 1462 justius
1109 1418 1268 1462 propter
1287 1417 1428 1449 caetera
1442 1409 1634 1461 supplicio
1656 1420 1686 1449 ‘a
1705 1410 1812 1449 vobis

349 1471 578 1510 afficeretur.

407 1535 468 1571 18.
499 1533 545 1571 Id
574 1533 653 1572 vita
680 1533 777 1586 ejus,
798 1547 915 1586 quam
945 1534 1054 1581 vixit,
1084 1534 1264 1587 inspecta
1293 1533 1549 1573 considerate.
1605 1534 1697 1581 Iste,
1724 1532 1812 1572 cum

349 1595 619 1634 Aristolochus
638 1597 854 1634 mensarius
875 1597 1050 1635 secunda
1068 1597 1226 1635 fortuna
1244 1596 1458 1643 veheretur,
1470 1596 1553 1648 pari
1572 1609 1707 1647 gressu
1722 1609 1812 1635 curn

346 1657 414 1696 illo
433 1657 639 1696 incedebat
663 1657 718 1696 illi
747 1671 907 1709 prorsus
934 1658 1139 1706 obnoxius,
1158 1665 1198 1697 et
1227 1658 1302 1697 hoc
1330 1658 1439 1696 multi
1463 1665 1634 1696 vestrum
1658 1658 1724 1709 qui
1748 1657 1813 1697 hie

347 1720 494 1759 adestis
516 1726 670 1760 norunt.
727 1720 941 1773 Postquam
957 1727 1086 1759 autem
1101 1720 1166 1759 ille
1185 1719 1308 1772 periit,
1325 1726 1366 1758 et
1382 1719 1546 1758 fortunis
1563 1733 1721 1759 eversus
1735 1727 1810 1767 est,

348 1782 546 1833 dissipatis
577 1782 660 1834 ejus
681 1783 819 1834 opibus
839 1795 917 1821 non
937 1783 1096 1820 minima
1116 1795 1165 1821 ex
1185 1788 1294 1834 parte
1313 1782 1361 1820 ab
1380 1781 1455 1820 isto
1473 1789 1513 1820 et
1530 1781 1639 1820 istius
1660 1782 1812 1834 generis

347 1843 583 1891 hominibus,
614 1844 696 1895 ejus
725 1844 819 1890 filio,
846 1845 909 1882 cui
939 1844 1103 1882 multum
1133 1843 1279 1896 negotii
1310 1844 1590 1891 facessebatur,
1615 1857 1812 1895 nunquam

348 1905 459 1944 affuit
488 1911 557 1943 aut
586 1918 699 1957 opem
726 1906 830 1952 tulit,
850 1906 920 1944 sed
952 1905 1152 1957 Apolexis,
1184 1905 1318 1953 Solon,
1339 1912 1380 1944 et
1402 1905 1527 1957 quivis
1547 1905 1612 1944 alii
1631 1906 1757 1957 potius
1778 1905 1812 1944 ei

345 1973 490 2018 praesto
510 1973 611 2005 sunt.
669 1966 946 2004 Phormionem
964 1979 1097 2004 rursus
1117 1966 1310 2018 adspexit,
1331 1972 1371 2005 et
1389 1966 1422 2005 ei
1442 1979 1490 2004 ex
1509 1966 1813 2006 Atheniensibus

347 2029 527 2068 omnibus
556 2028 710 2066 delecto
741 2027 869 2066 factus
892 2033 951 2065 est
982 2027 1203 2072 familiaris;
1233 2041 1303 2079 pro
1333 2041 1378 2066 eo
1402 2027 1557 2080 legatus
1577 2028 1812 2082 Byzantium

347 2090 546 2142 profectus
565 2096 636 2137 est,
656 2102 746 2128 cum
763 2089 817 2126 illi
835 2102 956 2128 naves
978 2090 1061 2142 ejus
1083 2089 1325 2134 detinerent;
1357 2103 1515 2129 causam
1529 2091 1611 2143 egit
1625 2091 1812 2130 adversus

349 2151 663 2195 Chalcedonios;
693 2164 755 2190 me
775 2150 906 2203 palam
926 2150 1024 2189 adeo
1043 2150 1144 2189 falso
1171 2150 1394 2190 testimonio
1417 2151 1682 2191 circumvenit.
1738 2153 1816 2198 Qui

345 2213 463 2264 igitur
481 2213 653 2252 felicium
673 2218 894 2251 assentator
913 2219 986 2260 est,
1007 2219 1124 2264 atque
1149 2213 1358 2251 eorundem
1382 2219 1534 2252 mutata
1549 2213 1706 2253 fortuna
1721 2228 1813 2266 pro-

349 2275 474 2321 ditor3
502 2289 620 2327 quum
652 2275 889 2326 reliquorum
921 2274 1063 2314 civium
1091 2275 1203 2313 multi
1230 2275 1322 2314 boni
1341 2275 1412 2313 viri
1432 2276 1523 2324 sint,
1550 2289 1640 2315 cum
1658 2267 1816 2316 nemine

347 2336 409 2376 vel
424 2350 471 2376 ex
483 2350 597 2388 aequo
614 2337 707 2388 agit,
719 2337 863 2375 talibus
884 2344 1015 2375 autem
1034 2336 1135 2375 ultro
1152 2350 1193 2376 se
1212 2336 1391 2389 subjicit;
1412 2337 1491 2389 qui,
1506 2351 1630 2390 neque
1649 2351 1699 2377 an
1718 2352 1813 2390 cog-

348 2405 484 2437 natum
516 2399 684 2450 aliquem
710 2399 848 2451 injuria
878 2399 928 2437 sit
949 2393 1183 2446 ¹affectui-us,
1209 2413 1336 2451 neque
1365 2413 1415 2439 an
1447 2401 1552 2452 apud
1585 2400 1682 2439 alios
1711 2401 1812 2440 infa-

346 2462 463 2500 miam
477 2462 673 2499 subiturus
694 2461 757 2508 sit,
775 2461 848 2499 illis
862 2461 991 2509 factis,
1009 2461 1168 2514 cogitat,
1180 2475 1320 2513 neque,
1334 2462 1409 2500 nisi
1426 2468 1471 2501 ut
1488 2463 1686 2501 avaritiam
1701 2476 1811 2502 suam

347 2523 519 2575 expleat,
534 2523 738 2575 quicquam
754 2523 1064 2574 pensihabet--‚
1079 2537 1209 2563 nonne
1229 2524 1261 2562 is
1278 2524 1671 2577 odio'prosequendus
1686 2533 1758 2572 est,
1771 2533 1816 2565 ut

345 2586 464 2624 totius
483 2586 664 2624 humanae
684 2592 831 2623 naturae
852 2585 1005 2624 hostis?
1048 2586 1133 2638 Ego
1150 2586 1306 2638 quidem
1321 2599 1477 2638 aequum
1496 2586 1534 2625 id
1555 2599 1640 2625 esse
1658 2599 1810 2626 censeo.

346 2648 405 2685 Ea
423 2648 539 2699 igitur
557 2647 610 2689 ita
627 2649 830 2699 probrosa,
851 2647 1126 2695 Athenienses,
1146 2661 1192 2686 eo
1207 2654 1251 2686 ut
1269 2661 1431 2686 munera
1449 2648 1604 2699 publica
1621 2648 1813 2688 detrectet

345 2716 386 2748 et
415 2724 506 2749 suas
540 2710 742 2749 facultates
776 2709 958 2756 occultet,
986 2710 1116 2748 facere
1146 2709 1325 2758 instituit,
1343 2722 1421 2761 quo
1449 2709 1710 2748 clandestinos
1741 2724 1811 2763 per

345 2785 520 2811 mensam
540 2779 712 2823 quaestus
739 2772 871 2818 faciat,
893 2784 970 2823 quo
989 2785 1116 2822 neque
1135 2772 1294 2810 aedilitia
1323 2785 1452 2823 neque
1476 2771 1630 2810 navalia
1648 2785 1810 2812 munera

345 2835 472 2880 obeat,
493 2847 619 2886 neque
638 2834 718 2872 ullo
738 2834 777 2871 in
797 2833 884 2872 loco
901 2833 1088 2884 fungatur
1106 2834 1258 2872 officio:
1288 2832 1406 2884 idque
1425 2846 1512 2871 eum
1532 2833 1740 2884 perfecisse
1760 2848 1809 2873 ex

345 2908 392 2933 eo
413 2903 577 2943 constat,
596 2896 703 2947 quod
733 2909 822 2934 cum
848 2902 977 2934 tantas
1005 2896 1149 2935 habeat
1167 2908 1279 2947 opes,
1306 2902 1350 2934 ut
1382 2895 1471 2933 filiae
1496 2902 1653 2934 centum
1684 2895 1808 2934 mina's

347 2957 428 2996 doti
458 2958 622 3005 dederit,
642 2957 791 2996 nullum
814 2957 876 2997 vel
903 2957 1105 2997 minimum
1135 2971 1272 2997 munus
1301 2970 1390 2996 eum
1417 2970 1486 2996 vos
1516 2957 1623 2997 obire
1642 2957 1808 2997 vidistis.

1943 2128 1948 2139 1

1942 2191 1946 2199 ι

1942 2206 1944 2217 l

1925 3010 1948 3306 ——;..;-.·-.
