1915 3356
627 206 841 246 ORATIO
873 204 1161 243 FUNEBRIS.
1538 204 1617 240 793

160 308 421 348 confidentem
451 310 546 357 fore,
572 311 638 362 qui
658 324 719 349 res
739 315 870 361 gestas
889 307 961 347 sibi
979 308 1170 348 vendicet.
1228 307 1402 353 Quarum
1422 307 1538 359 igitur
1557 319 1618 344 re—

155 363 243 410 rum
262 371 419 411 fortuna.
438 372 606 410 omnium
626 372 781 411 domina
810 377 991 409 eventum
1018 383 1089 409 suo
1108 370 1293 409 arbitratu
1315 368 1558 422 gubernavit,
1579 368 1618 406 in

155 432 202 471 iis
223 440 450 472 caeterorum
469 434 565 472 nulli
584 446 755 484 prorsus,
778 446 867 471 cum
893 433 1048 484 quidem
1067 433 1245 471 homines
1275 433 1432 479 fuerint,
1451 430 1618 483 ignaviae

153 502 248 534 sunt
267 495 475 534 accusandi
494 509 503 534 ε
530 496 633 546 quod
653 502 782 533 autem
805 494 1110 533 adversariorum
1129 495 1337 546 imperator
1357 508 1423 532 eos
1439 494 1505 545 qui
1523 506 1618 532 con-

152 558 358 608 trajpsum
377 558 413 595 iu
435 558 516 596 acie
536 564 725 595 steterunt
754 557 962 608 superavit,
982 557 1020 594 id
1051 569 1177 608 neque
1207 556 1374 594 hostium
1394 568 1522 606 neque
1548 567 1617 593 no-

155 623 247 656 strae
273 618 505 656 multitudini
534 624 595 656 est
613 617 873 656 tribuendum.
931 618 984 656 Et
1004 625 1047 656 ut
1076 618 1241 657 maxime
1263 617 1464 668 quisquam
1495 616 1618 654 homi·

154 691 248 716 num
269 679 317 718 sit
337 680 397 718 cui
411 680 498 731 jure
518 680 558 718 id
587 680 811 732 imputetur,
831 681 1043 719 accusandi
1067 686 1181 719 erunt
1200 694 1248 718 ex
1267 679 1463 718 Thebanis
1495 678 1520 715 ii
1553 678 1618 729 qui

154 747 287 780 contra
317 742 426 779 illum
457 749 611 790 stetere,
646 756 721 780 non
753 743 962 781 multitudo
986 743 1044 781 vel
1075 751 1205 781 nostra
1235 743 1297 781 vel
1331 742 1509 780 illorum:
1539 740 1618 791 qui,

150 802 255 840 nacti
279 803 412 855 coplas
431 803 568 842 animis
593 804 775 856 praeditas
805 804 955 844 invictis
987 812 1025 843 et
1051 805 1098 843 ad
1132 799 1266 843 nutum
1289 811 1444 856 paratas
1465 802 1617 854 gloriae-

149 876 228 914 que
261 865 472 916 cupiditate
505 866 731 917 flagrantes,
766 867 902 905 harum
932 868 1252 906 commoditatum
1284 866 1392 904 nulla
1425 872 1529 903 recte
1558 863 1619 902 usi

152 933 257 966 sunt.
312 927 371 966 Ac
404 928 454 967 de
486 930 635 967 caeteris
663 942 731 981 pro
765 930 880 968 animi
910 930 967 968 sui
997 931 1192 969 sentcntia
1217 937 1261 968 ut
1289 934 1433 968 statuat
1452 927 1617 979 quisque

149 987 262 1027 licet:
295 989 392 1028 illud
411 1003 501 1029 vero
520 990 591 1028 toti
610 991 827 1029 mortalium
848 993 982 1043 generi
1001 993 1240 1031 declaratum
1260 998 1330 1039 est,
1354 991 1474 1029 totius
1502 989 1615 1028 Grae-

150 1051 222 1089 ciae
253 1051 470 1090 libertatem
502 1051 540 1089 in
568 1051 704 1090 horum
725 1053 893 1092 virorum
921 1054 1057 1099 animis
1089 1055 1200 1094 sitam
1223 1054 1357 1093 fuisse.
1415 1053 1531 1092 Certe
1556 1052 1617 1089 his

148 1112 231 1151 fato
250 1113 413 1152 sublatis
433 1121 661 1152 caeterorum
681 1128 796 1153 nemo
816 1116 968 1155 restitit.
1025 1118 1143 1156 Absit
1161 1117 1304 1155 invidia
1323 1117 1441 1154 dicto.
1501 1115 1563 1152 Ac
1584 1113 1616 1152 si

148 1174 235 1226 quis
269 1175 374 1214 dicat
392 1175 529 1213 horum
550 1177 730 1214 virtutem
756 1176 920 1214 Graeciae
939 1179 1061 1216 fuisse
1081 1180 1260 1226 animam,
1279 1179 1311 1217 is
1331 1190 1464 1216 verum
1485 1176 1615 1214 dicere

148 1237 240 1275 mihi
259 1237 462 1275 videbitur.
520 1238 622 1276 Nam
643 1238 758 1276 simul
780 1245 820 1275 et
839 1238 977 1276 horum
1007 1239 1161 1290 spiritus
1181 1253 1343 1291 corpora
1363 1253 1433 1277 sua
1452 1238 1617 1289 relique-

146 1305 252 1346 runt,
272 1305 312 1337 et
330 1298 494 1337 Groeciae
515 1299 669 1338 sublata
688 1306 746 1338 est
765 1299 989 1337 auctoritas.
1047 1299 1129 1337 Etsi
1151 1306 1279 1336 autem
1300 1313 1380 1337 rem
1410 1299 1616 1337 immodice

145 1361 324 1407 fortassis
343 1374 580 1413 exaggerare
599 1361 828 1406 videbimur,
849 1361 1057 1399 dicendum
1077 1368 1208 1399 tamen
1240 1367 1312 1398 est.
1370 1360 1425 1399 Ut
1447 1362 1564 1407 enim,
1585 1361 1616 1399 si

147 1424 234 1476 quis
253 1437 301 1462 ex
317 1423 392 1461 hoc
423 1424 569 1462 mundo
590 1424 628 1462 in
650 1437 728 1475 quo
748 1423 922 1474 degimus
951 1423 1078 1461 lucem
1101 1423 1226 1469 tollat,
1245 1422 1440 1461 inamoena
1465 1430 1502 1461 et
1531 1437 1615 1462 mo-

145 1486 245 1525 lesta
270 1485 416 1537 reliqua
446 1486 568 1524 omnis
597 1485 676 1524 vita
707 1486 756 1524 sit
780 1486 936 1524 futura:
966 1485 1035 1530 sic,
1055 1485 1144 1523 viris
1171 1485 1276 1523 hisce
1308 1484 1547 1537 interceptis,
1576 1485 1615 1523 in

144 1549 326 1587 tenebras
346 1554 387 1586 et
405 1561 587 1600 magnam
607 1542 855 1599 ignominiam
875 1547 1006 1586 omnia
1025 1554 1197 1585 veterum
1225 1547 1454 1585 Graecorum
1475 1547 1616 1586 decora

145 1610 414 1650 conciderunt.
472 1610 572 1649 Cum
595 1618 725 1650 autem
745 1610 783 1648 hi
809 1610 940 1649 multis
960 1610 1008 1648 de
1028 1610 1157 1648 causis
1178 1624 1254 1648 non
1275 1610 1464 1649 immerito
1482 1618 1616 1649 essent

143 1673 259 1721 tales,
275 1680 432 1726 propter
451 1674 676 1727 reipublicae
690 1674 850 1713 formam
871 1674 1114 1726 potissimum
1134 1674 1202 1712 viri
1220 1673 1361 1712 virtute
1380 1683 1615 1726 praestantes

144 1736 384 1774 exstiterunt.
443 1736 544 1774 Nam
559 1737 719 1789 imperia
738 1750 825 1789 quae
844 1750 1056 1788 paucorum
1077 1737 1303 1775 auctoritate
1320 1743 1518 1788 reguntur,
1536 1744 1614 1774 ter-

143 1810 269 1836 rorem
288 1798 356 1836 illa
375 1797 530 1850 quidem
549 1798 742 1838 incutiunt
768 1799 928 1846 civibus,
948 1799 1221 1837 verecundiam
1247 1806 1376 1837 autem
1402 1799 1438 1836 iu
1467 1799 1521 1837 eis
1543 1812 1612 1837 ex-

142 1861 263 1899 citare
292 1874 370 1899 non
401 1867 584 1912 possunt.
643 1862 806 1906 Quoties
840 1861 957 1912 igitur
989 1861 1082 1899 belli
1112 1861 1318 1899 discrimen
1346 1860 1503 1912 ingruit,
1536 1874 1615 1911 qua

140 1921 304 1975 quisque
334 1929 462 1973 potest
487 1922 582 1974 suga.
608 1923 787 1968 elabitur,
808 1936 887 1960 non
914 1922 1112 1974 ignorans,
1132 1923 1162 1961 si
1188 1922 1367 1961 dominos
1387 1922 1448 1960 vel
1476 1936 1612 1961 mune-

141 1984 247 2022 ribus
279 1983 341 2022 vel
369 1985 570 2035 quibusvis
605 1985 688 2023 aliis
721 1985 918 2036 obsequiis
941 1985 1146 2032 delinierit,
1167 1985 1238 2023 etsi
1270 1998 1311 2023 se
1342 1984 1507 2036 gesserit
1527 1998 1611 2023 om-

140 2046 247 2085 nium
276 2046 590 2097 flagitiosissime,
611 2061 728 2099 parvo
759 2047 797 2085 id
830 2047 902 2085 sibi
929 2047 1108 2086 dedecori
1136 2047 1308 2085 futurum
1337 2048 1376 2085 iu
1395 2055 1610 2099 posterum.

142 2110 196 2148 At
214 2109 344 2160 populi
371 2115 554 2160 potestas,
574 2123 661 2148 cum
693 2109 767 2148 alia
793 2109 915 2148 multa
941 2109 1061 2148 habet
1085 2116 1124 2148 et
1149 2109 1283 2161 pulcra.
1315 2115 1355 2146 et
1379 2111 1490 2157 justa
1522 2123 1610 2160 quae

140 2170 287 2209 homini
305 2171 465 2210 cordato
485 2171 632 2210 tuenda
660 2179 764 2219 sunt,
785 2178 868 2209 tum
887 2184 977 2210 vero
995 2171 1150 2209 libertas
1170 2171 1208 2208 in
1235 2170 1432 2222 loquendo
1451 2170 1611 2209 veritate

139 2233 231 2272 nixa
249 2233 397 2272 ratione
418 2234 586 2272 cohiberi
609 2234 717 2273 nulla
735 2240 877 2286 potest,
899 2246 976 2286 quo
995 2233 1122 2271 minus
1136 2246 1228 2271 vera
1247 2233 1407 2271 crimina
1425 2232 1609 2284 objectet.

142 2295 219 2340 Qui
241 2295 341 2334 enim
361 2296 549 2347 flagitium
567 2295 756 2342 fecerunt,
788 2295 812 2332 ii
842 2308 913 2334 nec
945 2308 1080 2334 omnes
1109 2295 1263 2347 placere
1282 2301 1450 2346 possunt
1467 2307 1539 2332 nec
1560 2295 1609 2333 ab

141 2370 188 2396 eo
209 2357 336 2396 solum
364 2357 430 2408 qui
449 2371 582 2396 verum
615 2359 797 2410 probrum
827 2357 958 2407 oincit
977 2357 1224 2396 cruciantur:
1255 2357 1325 2395 sed
1357 2364 1396 2395 et
1428 2356 1512 2409 ipsi,
1543 2357 1609 2408 qui

140 2420 289 2459 nollent
320 2419 565 2467 maledicere,
587 2419 701 2459 alium
723 2420 820 2458 male
853 2419 1046 2458 dicentem
1078 2419 1245 2458 libenter
1276 2419 1450 2457 audiunt.
1511 2419 1610 2462 Quae

139 2495 272 2522 omnes
292 2482 399 2521 haud
418 2482 556 2534 injuria
584 2488 814 2527 metuentes,
837 2489 1030 2521 secuturae
1056 2482 1275 2534 ignominiae
1295 2480 1543 2527 verecundia,
1571 2487 1610 2519 et

138 2544 342 2583 imminens
362 2545 410 2582 ab
434 2543 662 2583 adversariis
684 2543 896 2595 periculum
928 2542 1077 2582 fortiter
1107 2543 1388 2590 sustinuerunt,
1416 2551 1456 2580 et
1487 2541 1609 2580 hone-

141 2611 243 2645 stum
262 2606 410 2645 obitum
429 2605 699 2657 ignominiosae
719 2606 809 2645 vitae
829 2607 1099 2658 praetulerunt.

193 2671 232 2707 8.
262 2669 320 2707 Ac
340 2681 428 2720 quae
447 2667 519 2707 hos
541 2667 641 2707 viros
661 2681 792 2707 causae
819 2668 1076 2707 communiter
1105 2668 1330 2720 impulerint
1350 2674 1392 2705 ut
1420 2667 1608 2719 praeclare

139 2729 286 2769 vellent
312 2731 556 2776 occumbere,
578 2729 725 2768 dictum
745 2737 817 2777 est,
837 2731 1000 2778 natales,
1020 2730 1215 2777 educatio,
1235 2731 1422 2769 bonorum
1458 2729 1608 2768 studio·

139 2803 224 2830 rum
256 2793 513 2839 consuetudo,
545 2799 586 2831 et
612 2806 699 2845 quae
731 2793 976 2831 fundamenti
1003 2793 1122 2832 instar
1149 2801 1211 2832 est
1235 2792 1353 2830 totius
1384 2791 1607 2843 reipublicae

139 2853 263 2892 forma
277 2860 317 2892 et
341 2854 590 2893 constitutio:
620 2868 708 2906 quae
738 2868 831 2894 vero
859 2855 1032 2894 tributim
1057 2856 1105 2894 ad
1132 2855 1399 2894 fortitudinem
1431 2854 1606 2906 singulos

139 2912 293 2953 hortata
325 2915 413 2963 sint,
433 2928 478 2954 ea
500 2915 583 2967 jam
616 2916 757 2956 dicam.
815 2917 1080 2957 Meminerunt
1101 2916 1347 2956 Erechthidae
1366 2929 1500 2955 omnes
1517 2930 1607 2956 eum

140 2989 162 3014 a
176 2988 253 3028 quo
266 2977 589 3029 cognominantur
598 2979 874 3026 Erechtheum,
887 2993 957 3032 pro
972 2981 1082 3033 patrii
1098 2980 1208 3032 regni
1221 2979 1498 3027 incolumitate,
1516 2992 1607 3019 suas

831 3044 855 3080 5
876 3055 891 3080 1
