<?xml version="1.0" encoding="UTF-8"?>
<!DOCTYPE html PUBLIC "-//W3C//DTD XHTML 1.0 Transitional//EN"
    "http://www.w3.org/TR/xhtml1/DTD/xhtml1-transitional.dtd">
<html xmlns="http://www.w3.org/1999/xhtml" xml:lang="en" lang="en">
 <head>
  <title>
</title>
<meta http-equiv="Content-Type" content="text/html;charset=utf-8" />
  <meta name='ocr-system' content='tesseract 3.04.00' />
  <meta name='ocr-capabilities' content='ocr_page ocr_carea ocr_par ocr_line ocrx_word'/>
</head>
<body>
  <div class='ocr_page' id='page_1' title='image "./oratoresatticie16dobs_0200.png"; bbox 0 0 1948 3306; ppageno 0'>
   <div class='ocr_carea' id='block_1_1' title="bbox 358 164 1405 207">
    <p class='ocr_par' dir='ltr' id='par_1_1' title="bbox 358 164 1405 207">
     <span class='ocr_line' id='line_1_1' title="bbox 358 164 1405 207; baseline 0.007 -7"><span class='ocrx_word' id='word_1_1' title='bbox 358 164 436 201; x_wconf 90' lang='lat'>700</span> <span class='ocrx_word' id='word_1_2' title='bbox 774 164 1063 206; x_wconf 84' lang='lat' dir='ltr'><strong>ADVERSUS</strong></span> <span class='ocrx_word' id='word_1_3' title='bbox 1093 165 1405 207; x_wconf 87' lang='lat' dir='ltr'><strong>POLYCLEM.</strong></span> 
     </span>
    </p>
   </div>
   <div class='ocr_carea' id='block_1_2' title="bbox 355 266 1829 570">
    <p class='ocr_par' dir='ltr' id='par_1_2' title="bbox 355 266 1829 570">
     <span class='ocr_line' id='line_1_2' title="bbox 360 266 1827 326; baseline 0.007 -22"><span class='ocrx_word' id='word_1_4' title='bbox 360 271 448 304; x_wconf 86' lang='lat' dir='ltr'>cata</span> <span class='ocrx_word' id='word_1_5' title='bbox 481 273 524 305; x_wconf 92' lang='lat' dir='ltr'>ut</span> <span class='ocrx_word' id='word_1_6' title='bbox 553 266 635 320; x_wconf 90' lang='lat' dir='ltr'>ipse</span> <span class='ocrx_word' id='word_1_7' title='bbox 664 268 850 317; x_wconf 88' lang='lat' dir='ltr'>venirem,</span> <span class='ocrx_word' id='word_1_8' title='bbox 885 272 916 310; x_wconf 91' lang='lat' dir='ltr'>si</span> <span class='ocrx_word' id='word_1_9' title='bbox 944 284 1032 310; x_wconf 90' lang='lat' dir='ltr'>cum</span> <span class='ocrx_word' id='word_1_10' title='bbox 1063 271 1208 310; x_wconf 83' lang='lat' dir='ltr'><strong>triremi</strong></span> <span class='ocrx_word' id='word_1_11' title='bbox 1237 285 1317 312; x_wconf 90' lang='lat' dir='ltr'>non</span> <span class='ocrx_word' id='word_1_12' title='bbox 1351 272 1498 312; x_wconf 88' lang='lat' dir='ltr'>liceret.</span> <span class='ocrx_word' id='word_1_13' title='bbox 1554 272 1662 313; x_wconf 85' lang='lat' dir='ltr'>Uxor</span> <span class='ocrx_word' id='word_1_14' title='bbox 1697 285 1827 326; x_wconf 86' lang='lat' dir='ltr'>porro,</span> 
     </span>
     <span class='ocr_line' id='line_1_3' title="bbox 359 330 1829 386; baseline 0.007 -22"><span class='ocrx_word' id='word_1_15' title='bbox 359 340 477 378; x_wconf 90' lang='lat' dir='ltr'>quam</span> <span class='ocrx_word' id='word_1_16' title='bbox 498 342 573 381; x_wconf 80' lang='lat' dir='ltr'>ego</span> <span class='ocrx_word' id='word_1_17' title='bbox 594 330 694 370; x_wconf 81' lang='lat' dir='ltr'>facio</span> <span class='ocrx_word' id='word_1_18' title='bbox 714 333 885 380; x_wconf 87' lang='lat' dir='ltr'>maximi,</span> <span class='ocrx_word' id='word_1_19' title='bbox 905 332 1025 384; x_wconf 86' lang='lat' dir='ltr'>longo</span> <span class='ocrx_word' id='word_1_20' title='bbox 1044 339 1218 386; x_wconf 89' lang='lat' dir='ltr'>tempore</span> <span class='ocrx_word' id='word_1_21' title='bbox 1239 335 1400 374; x_wconf 86' lang='lat' dir='ltr'>absente</span> <span class='ocrx_word' id='word_1_22' title='bbox 1418 348 1480 374; x_wconf 88' lang='lat' dir='ltr'>me</span> <span class='ocrx_word' id='word_1_23' title='bbox 1493 334 1694 384; x_wconf 87' lang='lat' dir='ltr'>decubuit,</span> <span class='ocrx_word' id='word_1_24' title='bbox 1712 336 1829 375; x_wconf 87' lang='lat' dir='ltr'>liberi</span> 
     </span>
     <span class='ocr_line' id='line_1_4' title="bbox 355 390 1829 450; baseline 0.006 -23"><span class='ocrx_word' id='word_1_25' title='bbox 355 390 477 440; x_wconf 87' lang='lat' dir='ltr'>parvi,</span> <span class='ocrx_word' id='word_1_26' title='bbox 493 405 553 430; x_wconf 93' lang='lat' dir='ltr'>res</span> <span class='ocrx_word' id='word_1_27' title='bbox 573 392 768 434; x_wconf 88' lang='lat' dir='ltr'>familiaris</span> <span class='ocrx_word' id='word_1_28' title='bbox 783 396 974 434; x_wconf 82' lang='lat' dir='ltr'>obaerata:</span> <span class='ocrx_word' id='word_1_29' title='bbox 997 401 1148 434; x_wconf 83' lang='lat' dir='ltr'>tantum</span> <span class='ocrx_word' id='word_1_30' title='bbox 1168 402 1298 435; x_wconf 87' lang='lat' dir='ltr'>autem</span> <span class='ocrx_word' id='word_1_31' title='bbox 1318 396 1444 436; x_wconf 87' lang='lat' dir='ltr'>abfuit</span> <span class='ocrx_word' id='word_1_32' title='bbox 1461 403 1506 436; x_wconf 86' lang='lat' dir='ltr'>ut</span> <span class='ocrx_word' id='word_1_33' title='bbox 1523 397 1606 450; x_wconf 87' lang='lat' dir='ltr'>agri</span> <span class='ocrx_word' id='word_1_34' title='bbox 1621 396 1829 450; x_wconf 84' lang='lat' dir='ltr'>quicquam</span> 
     </span>
     <span class='ocr_line' id='line_1_5' title="bbox 356 452 1828 512; baseline 0.007 -23"><span class='ocrx_word' id='word_1_35' title='bbox 356 452 514 502; x_wconf 87' lang='lat' dir='ltr'>ferrent,</span> <span class='ocrx_word' id='word_1_36' title='bbox 551 463 596 495; x_wconf 92' lang='lat' dir='ltr'>ut</span> <span class='ocrx_word' id='word_1_37' title='bbox 626 470 672 496; x_wconf 89' lang='lat' dir='ltr'>eo</span> <span class='ocrx_word' id='word_1_38' title='bbox 705 471 806 496; x_wconf 86' lang='lat' dir='ltr'>anno</span> <span class='ocrx_word' id='word_1_39' title='bbox 846 458 951 510; x_wconf 86' lang='lat' dir='ltr'>putei</span> <span class='ocrx_word' id='word_1_40' title='bbox 981 458 1098 496; x_wconf 87' lang='lat' dir='ltr'>etiam</span> <span class='ocrx_word' id='word_1_41' title='bbox 1125 472 1229 511; x_wconf 91' lang='lat' dir='ltr'>aqua</span> <span class='ocrx_word' id='word_1_42' title='bbox 1269 460 1543 508; x_wconf 86' lang='lat' dir='ltr'>deficerentur,</span> <span class='ocrx_word' id='word_1_43' title='bbox 1566 460 1673 512; x_wconf 92' lang='lat' dir='ltr'>quod</span> <span class='ocrx_word' id='word_1_44' title='bbox 1703 460 1828 499; x_wconf 88' lang='lat' dir='ltr'>nostis</span> 
     </span>
     <span class='ocr_line' id='line_1_6' title="bbox 357 520 1829 570; baseline 0.005 -17"><span class='ocrx_word' id='word_1_45' title='bbox 357 526 506 563; x_wconf 86' lang='lat' dir='ltr'>omncs,</span> <span class='ocrx_word' id='word_1_46' title='bbox 526 532 599 558; x_wconf 90' lang='lat' dir='ltr'>nec</span> <span class='ocrx_word' id='word_1_47' title='bbox 620 521 727 559; x_wconf 87' lang='lat' dir='ltr'>olera</span> <span class='ocrx_word' id='word_1_48' title='bbox 755 520 792 558; x_wconf 91' lang='lat' dir='ltr'>in</span> <span class='ocrx_word' id='word_1_49' title='bbox 822 521 933 559; x_wconf 91' lang='lat' dir='ltr'>horto</span> <span class='ocrx_word' id='word_1_50' title='bbox 957 529 1204 568; x_wconf 77' lang='lat' dir='ltr'>crescerent3</span> <span class='ocrx_word' id='word_1_51' title='bbox 1234 522 1444 561; x_wconf 80' lang='lat' dir='ltr'>creditores</span> <span class='ocrx_word' id='word_1_52' title='bbox 1469 529 1613 570; x_wconf 88' lang='lat' dir='ltr'>autem,</span> <span class='ocrx_word' id='word_1_53' title='bbox 1630 535 1735 562; x_wconf 90' lang='lat' dir='ltr'>anno</span> <span class='ocrx_word' id='word_1_54' title='bbox 1761 535 1829 560; x_wconf 89' lang='lat' dir='ltr'>ex-</span> 
     </span>
    </p>
   </div>
   <div class='ocr_carea' id='block_1_3' title="bbox 355 581 1828 636">
    <p class='ocr_par' dir='ltr' id='par_1_3' title="bbox 355 581 1828 636">
     <span class='ocr_line' id='line_1_7' title="bbox 355 581 1828 636; baseline 0.005 -21"><span class='ocrx_word' id='word_1_55' title='bbox 355 584 457 625; x_wconf 87' lang='lat' dir='ltr'>acto,</span> <span class='ocrx_word' id='word_1_56' title='bbox 485 581 676 631; x_wconf 81' lang='lat' dir='ltr'>praedium</span> <span class='ocrx_word' id='word_1_57' title='bbox 695 582 865 621; x_wconf 77' lang='lat' dir='ltr'>invasuri</span> <span class='ocrx_word' id='word_1_58' title='bbox 891 589 1014 631; x_wconf 85' lang='lat' dir='ltr'>erant,</span> <span class='ocrx_word' id='word_1_59' title='bbox 1036 583 1110 621; x_wconf 86' lang='lat' dir='ltr'>nisi</span> <span class='ocrx_word' id='word_1_60' title='bbox 1139 584 1194 623; x_wconf 88' lang='lat' dir='ltr'>eis</span> <span class='ocrx_word' id='word_1_61' title='bbox 1220 583 1378 622; x_wconf 87' lang='lat' dir='ltr'>creditae</span> <span class='ocrx_word' id='word_1_62' title='bbox 1404 584 1584 636; x_wconf 86' lang='lat' dir='ltr'>pecuniae</span> <span class='ocrx_word' id='word_1_63' title='bbox 1603 590 1647 623; x_wconf 92' lang='lat' dir='ltr'>ut</span> <span class='ocrx_word' id='word_1_64' title='bbox 1665 597 1828 636; x_wconf 87' lang='lat' dir='ltr'>syngra-</span> 
     </span>
    </p>
   </div>
   <div class='ocr_carea' id='block_1_4' title="bbox 333 639 1828 2941">
    <p class='ocr_par' dir='ltr' id='par_1_4' title="bbox 353 639 938 692">
     <span class='ocr_line' id='line_1_8' title="bbox 353 639 938 692; baseline 0.009 -14"><span class='ocrx_word' id='word_1_65' title='bbox 353 639 441 690; x_wconf 90' lang='lat' dir='ltr'>phae</span> <span class='ocrx_word' id='word_1_66' title='bbox 455 642 647 692; x_wconf 88' lang='lat' dir='ltr'>jubebant</span> <span class='ocrx_word' id='word_1_67' title='bbox 665 644 938 684; x_wconf 78' lang='lat' dir='ltr'>redderentur.</span> 
     </span>
    </p>

    <p class='ocr_par' dir='ltr' id='par_1_5' title="bbox 336 704 1828 2192">
     <span class='ocr_line' id='line_1_9' title="bbox 412 704 1827 760; baseline 0.005 -21"><span class='ocrx_word' id='word_1_68' title='bbox 412 704 473 741; x_wconf 88' lang='lat'>17.</span> <span class='ocrx_word' id='word_1_69' title='bbox 504 705 603 748; x_wconf 83' lang='lat' dir='ltr'>Quae</span> <span class='ocrx_word' id='word_1_70' title='bbox 628 718 718 744; x_wconf 88' lang='lat' dir='ltr'>cum</span> <span class='ocrx_word' id='word_1_71' title='bbox 744 713 783 745; x_wconf 89' lang='lat' dir='ltr'>et</span> <span class='ocrx_word' id='word_1_72' title='bbox 807 707 961 746; x_wconf 86' lang='lat' dir='ltr'>nunciis</span> <span class='ocrx_word' id='word_1_73' title='bbox 992 715 1031 747; x_wconf 92' lang='lat' dir='ltr'>et</span> <span class='ocrx_word' id='word_1_74' title='bbox 1055 707 1358 748; x_wconf 89' lang='lat' dir='ltr'>domesticorum</span> <span class='ocrx_word' id='word_1_75' title='bbox 1383 708 1503 748; x_wconf 88' lang='lat' dir='ltr'>literis</span> <span class='ocrx_word' id='word_1_76' title='bbox 1533 721 1827 760; x_wconf 87' lang='lat' dir='ltr'>cognoscerem,</span> 
     </span>
     <span class='ocr_line' id='line_1_10' title="bbox 352 766 1828 823; baseline 0.005 -22"><span class='ocrx_word' id='word_1_77' title='bbox 352 776 431 814; x_wconf 93' lang='lat' dir='ltr'>quo</span> <span class='ocrx_word' id='word_1_78' title='bbox 464 778 524 804; x_wconf 88' lang='lat' dir='ltr'>me</span> <span class='ocrx_word' id='word_1_79' title='bbox 559 766 682 806; x_wconf 90' lang='lat' dir='ltr'>fuisse</span> <span class='ocrx_word' id='word_1_80' title='bbox 717 768 846 807; x_wconf 90' lang='lat' dir='ltr'>animo</span> <span class='ocrx_word' id='word_1_81' title='bbox 878 769 1041 821; x_wconf 90' lang='lat' dir='ltr'>putatis,</span> <span class='ocrx_word' id='word_1_82' title='bbox 1063 777 1132 809; x_wconf 89' lang='lat' dir='ltr'>aut</span> <span class='ocrx_word' id='word_1_83' title='bbox 1157 777 1346 823; x_wconf 88' lang='lat' dir='ltr'>quantum</span> <span class='ocrx_word' id='word_1_84' title='bbox 1375 770 1523 810; x_wconf 83' lang='lat' dir='ltr'>fudisse</span> <span class='ocrx_word' id='word_1_85' title='bbox 1555 771 1828 823; x_wconf 88' lang='lat' dir='ltr'>lacrymarum,</span> 
     </span>
     <span class='ocr_line' id='line_1_11' title="bbox 351 828 1828 885; baseline 0.005 -21"><span class='ocrx_word' id='word_1_86' title='bbox 351 828 491 877; x_wconf 88' lang='lat' dir='ltr'>partim</span> <span class='ocrx_word' id='word_1_87' title='bbox 521 836 736 880; x_wconf 87' lang='lat' dir='ltr'>praesentes</span> <span class='ocrx_word' id='word_1_88' title='bbox 771 831 1025 871; x_wconf 85' lang='lat' dir='ltr'>difficultates</span> <span class='ocrx_word' id='word_1_89' title='bbox 1058 840 1320 885; x_wconf 89' lang='lat' dir='ltr'>reputantem,</span> <span class='ocrx_word' id='word_1_90' title='bbox 1339 833 1480 885; x_wconf 88' lang='lat' dir='ltr'>partim</span> <span class='ocrx_word' id='word_1_91' title='bbox 1511 833 1641 872; x_wconf 83' lang='lat' dir='ltr'>videre</span> <span class='ocrx_word' id='word_1_92' title='bbox 1673 833 1828 872; x_wconf 88' lang='lat' dir='ltr'>deside-</span> 
     </span>
     <span class='ocr_line' id='line_1_12' title="bbox 349 890 1827 946; baseline 0.004 -21"><span class='ocrx_word' id='word_1_93' title='bbox 349 895 500 927; x_wconf 90' lang='lat' dir='ltr'>rantem</span> <span class='ocrx_word' id='word_1_94' title='bbox 520 890 675 939; x_wconf 88' lang='lat' dir='ltr'>liberos,</span> <span class='ocrx_word' id='word_1_95' title='bbox 695 905 868 940; x_wconf 86' lang='lat' dir='ltr'>uxorem,</span> <span class='ocrx_word' id='word_1_96' title='bbox 883 899 924 931; x_wconf 90' lang='lat' dir='ltr'>et</span> <span class='ocrx_word' id='word_1_97' title='bbox 937 900 1099 932; x_wconf 87' lang='lat' dir='ltr'>matrem</span> <span class='ocrx_word' id='word_1_98' title='bbox 1115 906 1232 945; x_wconf 90' lang='lat' dir='ltr'>quam</span> <span class='ocrx_word' id='word_1_99' title='bbox 1247 895 1440 932; x_wconf 88' lang='lat' dir='ltr'>viventem</span> <span class='ocrx_word' id='word_1_100' title='bbox 1455 893 1698 933; x_wconf 86' lang='lat' dir='ltr'>inventurum</span> <span class='ocrx_word' id='word_1_101' title='bbox 1717 907 1827 946; x_wconf 89' lang='lat' dir='ltr'>spem</span> 
     </span>
     <span class='ocr_line' id='line_1_13' title="bbox 350 955 1827 1008; baseline 0.004 -19"><span class='ocrx_word' id='word_1_102' title='bbox 350 958 507 991; x_wconf 88' lang='lat' dir='ltr'>tenuem</span> <span class='ocrx_word' id='word_1_103' title='bbox 525 955 747 995; x_wconf 74' lang='lat' dir='ltr'>habebam?</span> <span class='ocrx_word' id='word_1_104' title='bbox 778 957 930 1001; x_wconf 82' lang='lat' dir='ltr'>Quibus</span> <span class='ocrx_word' id='word_1_105' title='bbox 951 956 1045 1008; x_wconf 92' lang='lat' dir='ltr'>quid</span> <span class='ocrx_word' id='word_1_106' title='bbox 1064 963 1126 996; x_wconf 90' lang='lat' dir='ltr'>est</span> <span class='ocrx_word' id='word_1_107' title='bbox 1138 956 1284 995; x_wconf 88' lang='lat' dir='ltr'>homini</span> <span class='ocrx_word' id='word_1_108' title='bbox 1299 956 1468 1003; x_wconf 90' lang='lat' dir='ltr'>dulcius,</span> <span class='ocrx_word' id='word_1_109' title='bbox 1486 964 1555 995; x_wconf 87' lang='lat' dir='ltr'>aut</span> <span class='ocrx_word' id='word_1_110' title='bbox 1572 956 1667 1008; x_wconf 89' lang='lat' dir='ltr'>quid</span> <span class='ocrx_word' id='word_1_111' title='bbox 1681 964 1743 995; x_wconf 89' lang='lat' dir='ltr'>est</span> <span class='ocrx_word' id='word_1_112' title='bbox 1757 970 1827 995; x_wconf 89' lang='lat' dir='ltr'>cur</span> 
     </span>
     <span class='ocr_line' id='line_1_14' title="bbox 349 1013 1827 1071; baseline 0.004 -20"><span class='ocrx_word' id='word_1_113' title='bbox 349 1013 408 1053; x_wconf 85' lang='lat' dir='ltr'>his</span> <span class='ocrx_word' id='word_1_114' title='bbox 424 1016 600 1056; x_wconf 77' lang='lat' dir='ltr'>orbatus</span> <span class='ocrx_word' id='word_1_115' title='bbox 635 1019 839 1071; x_wconf 86' lang='lat' dir='ltr'>quisquam</span> <span class='ocrx_word' id='word_1_116' title='bbox 861 1019 953 1058; x_wconf 90' lang='lat' dir='ltr'>velit</span> <span class='ocrx_word' id='word_1_117' title='bbox 983 1018 1143 1057; x_wconf 68' lang='lat' dir='ltr'>vivere?</span> <span class='ocrx_word' id='word_1_118' title='bbox 1173 1019 1411 1070; x_wconf 84' lang='lat' dir='ltr'>Quanquam</span> <span class='ocrx_word' id='word_1_119' title='bbox 1441 1024 1572 1057; x_wconf 87' lang='lat' dir='ltr'>autem</span> <span class='ocrx_word' id='word_1_120' title='bbox 1597 1017 1654 1057; x_wconf 86' lang='lat' dir='ltr'>ita</span> <span class='ocrx_word' id='word_1_121' title='bbox 1671 1030 1827 1057; x_wconf 89' lang='lat' dir='ltr'>mecum</span> 
     </span>
     <span class='ocr_line' id='line_1_15' title="bbox 349 1078 1827 1134; baseline 0.003 -19"><span class='ocrx_word' id='word_1_122' title='bbox 349 1078 550 1129; x_wconf 83' lang='lat' dir='ltr'>agebatur,</span> <span class='ocrx_word' id='word_1_123' title='bbox 568 1094 647 1120; x_wconf 91' lang='lat' dir='ltr'>non</span> <span class='ocrx_word' id='word_1_124' title='bbox 669 1081 789 1133; x_wconf 86' lang='lat' dir='ltr'>pluris</span> <span class='ocrx_word' id='word_1_125' title='bbox 813 1088 942 1120; x_wconf 89' lang='lat' dir='ltr'>tamen</span> <span class='ocrx_word' id='word_1_126' title='bbox 968 1081 1044 1121; x_wconf 89' lang='lat' dir='ltr'>feci</span> <span class='ocrx_word' id='word_1_127' title='bbox 1073 1094 1137 1120; x_wconf 88' lang='lat' dir='ltr'>res</span> <span class='ocrx_word' id='word_1_128' title='bbox 1165 1081 1484 1134; x_wconf 88' lang='lat' dir='ltr'>meas-privatas,</span> <span class='ocrx_word' id='word_1_129' title='bbox 1504 1093 1621 1133; x_wconf 88' lang='lat' dir='ltr'>quam</span> <span class='ocrx_word' id='word_1_130' title='bbox 1649 1088 1827 1120; x_wconf 86' lang='lat' dir='ltr'>vestras:</span> 
     </span>
     <span class='ocr_line' id='line_1_16' title="bbox 349 1139 1826 1197; baseline 0.004 -21"><span class='ocrx_word' id='word_1_131' title='bbox 349 1139 419 1177; x_wconf 91' lang='lat' dir='ltr'>sed</span> <span class='ocrx_word' id='word_1_132' title='bbox 440 1148 618 1192; x_wconf 90' lang='lat' dir='ltr'>oportere</span> <span class='ocrx_word' id='word_1_133' title='bbox 637 1145 771 1183; x_wconf 89' lang='lat' dir='ltr'>censui</span> <span class='ocrx_word' id='word_1_134' title='bbox 797 1157 860 1183; x_wconf 87' lang='lat' dir='ltr'>me</span> <span class='ocrx_word' id='word_1_135' title='bbox 890 1156 964 1183; x_wconf 89' lang='lat' dir='ltr'>nec</span> <span class='ocrx_word' id='word_1_136' title='bbox 986 1144 1219 1196; x_wconf 87' lang='lat' dir='ltr'>pecuniariis</span> <span class='ocrx_word' id='word_1_137' title='bbox 1242 1144 1462 1197; x_wconf 87' lang='lat' dir='ltr'>sumptibus</span> <span class='ocrx_word' id='word_1_138' title='bbox 1488 1156 1563 1183; x_wconf 88' lang='lat' dir='ltr'>nec</span> <span class='ocrx_word' id='word_1_139' title='bbox 1583 1143 1826 1183; x_wconf 85' lang='lat' dir='ltr'>detrimentis</span> 
     </span>
     <span class='ocr_line' id='line_1_17' title="bbox 347 1200 1826 1257; baseline 0.005 -20"><span class='ocrx_word' id='word_1_140' title='bbox 347 1200 402 1240; x_wconf 91' lang='lat' dir='ltr'>rei</span> <span class='ocrx_word' id='word_1_141' title='bbox 421 1201 620 1243; x_wconf 87' lang='lat' dir='ltr'>familiaris</span> <span class='ocrx_word' id='word_1_142' title='bbox 647 1218 720 1244; x_wconf 90' lang='lat' dir='ltr'>nec</span> <span class='ocrx_word' id='word_1_143' title='bbox 740 1206 875 1244; x_wconf 91' lang='lat' dir='ltr'>morbo</span> <span class='ocrx_word' id='word_1_144' title='bbox 895 1205 1025 1244; x_wconf 87' lang='lat' dir='ltr'>uxoris</span> <span class='ocrx_word' id='word_1_145' title='bbox 1047 1211 1088 1244; x_wconf 90' lang='lat' dir='ltr'>et</span> <span class='ocrx_word' id='word_1_146' title='bbox 1105 1206 1238 1245; x_wconf 87' lang='lat' dir='ltr'>matris</span> <span class='ocrx_word' id='word_1_147' title='bbox 1265 1205 1534 1254; x_wconf 83' lang='lat' dir='ltr'>succumbere,</span> <span class='ocrx_word' id='word_1_148' title='bbox 1553 1219 1604 1245; x_wconf 89' lang='lat' dir='ltr'>ne</span> <span class='ocrx_word' id='word_1_149' title='bbox 1629 1204 1717 1257; x_wconf 89' lang='lat' dir='ltr'>quis</span> <span class='ocrx_word' id='word_1_150' title='bbox 1749 1205 1826 1244; x_wconf 88' lang='lat' dir='ltr'>cri-</span> 
     </span>
     <span class='ocr_line' id='line_1_18' title="bbox 346 1263 1826 1314; baseline 0.004 -13"><span class='ocrx_word' id='word_1_151' title='bbox 346 1263 558 1304; x_wconf 88' lang='lat' dir='ltr'>minaretur</span> <span class='ocrx_word' id='word_1_152' title='bbox 576 1281 637 1306; x_wconf 91' lang='lat' dir='ltr'>me</span> <span class='ocrx_word' id='word_1_153' title='bbox 651 1268 710 1306; x_wconf 90' lang='lat' dir='ltr'>vel</span> <span class='ocrx_word' id='word_1_154' title='bbox 732 1268 886 1306; x_wconf 87' lang='lat' dir='ltr'>ordines</span> <span class='ocrx_word' id='word_1_155' title='bbox 908 1267 1137 1314; x_wconf 89' lang='lat' dir='ltr'>deseruisse,</span> <span class='ocrx_word' id='word_1_156' title='bbox 1151 1268 1215 1307; x_wconf 92' lang='lat' dir='ltr'>vel</span> <span class='ocrx_word' id='word_1_157' title='bbox 1232 1268 1427 1307; x_wconf 87' lang='lat' dir='ltr'>triremem</span> <span class='ocrx_word' id='word_1_158' title='bbox 1445 1281 1572 1307; x_wconf 92' lang='lat' dir='ltr'>meam</span> <span class='ocrx_word' id='word_1_159' title='bbox 1590 1266 1688 1306; x_wconf 87' lang='lat' dir='ltr'>nulli</span> <span class='ocrx_word' id='word_1_160' title='bbox 1706 1267 1826 1307; x_wconf 86' lang='lat' dir='ltr'>fuisse</span> 
     </span>
     <span class='ocr_line' id='line_1_19' title="bbox 347 1328 1824 1382; baseline 0.001 -17"><span class='ocrx_word' id='word_1_161' title='bbox 347 1328 434 1365; x_wconf 88' lang='lat' dir='ltr'>usui</span> <span class='ocrx_word' id='word_1_162' title='bbox 455 1330 690 1382; x_wconf 80' lang='lat' dir='ltr'>reipublicae.</span> <span class='ocrx_word' id='word_1_163' title='bbox 737 1330 814 1368; x_wconf 89' lang='lat' dir='ltr'>Pro</span> <span class='ocrx_word' id='word_1_164' title='bbox 835 1330 978 1381; x_wconf 89' lang='lat' dir='ltr'>quibus</span> <span class='ocrx_word' id='word_1_165' title='bbox 999 1331 1180 1369; x_wconf 90' lang='lat' dir='ltr'>omnibus</span> <span class='ocrx_word' id='word_1_166' title='bbox 1200 1330 1303 1369; x_wconf 90' lang='lat' dir='ltr'>hanc</span> <span class='ocrx_word' id='word_1_167' title='bbox 1324 1330 1469 1369; x_wconf 88' lang='lat' dir='ltr'>avobis</span> <span class='ocrx_word' id='word_1_168' title='bbox 1489 1335 1623 1381; x_wconf 87' lang='lat' dir='ltr'>repeto</span> <span class='ocrx_word' id='word_1_169' title='bbox 1643 1329 1824 1380; x_wconf 87' lang='lat' dir='ltr'>gratiam,</span> 
     </span>
     <span class='ocr_line' id='line_1_20' title="bbox 345 1391 1824 1445; baseline 0.003 -18"><span class='ocrx_word' id='word_1_170' title='bbox 345 1397 390 1428; x_wconf 91' lang='lat' dir='ltr'>ut</span> <span class='ocrx_word' id='word_1_171' title='bbox 409 1393 742 1442; x_wconf 86' lang='lat' dir='ltr'>quemadmodum</span> <span class='ocrx_word' id='word_1_172' title='bbox 763 1406 838 1444; x_wconf 88' lang='lat' dir='ltr'>ego</span> <span class='ocrx_word' id='word_1_173' title='bbox 863 1406 932 1444; x_wconf 91' lang='lat' dir='ltr'>pro</span> <span class='ocrx_word' id='word_1_174' title='bbox 955 1406 1041 1431; x_wconf 91' lang='lat' dir='ltr'>meo</span> <span class='ocrx_word' id='word_1_175' title='bbox 1067 1393 1156 1432; x_wconf 90' lang='lat' dir='ltr'>loco</span> <span class='ocrx_word' id='word_1_176' title='bbox 1179 1399 1298 1445; x_wconf 91' lang='lat' dir='ltr'>atque</span> <span class='ocrx_word' id='word_1_177' title='bbox 1317 1392 1447 1432; x_wconf 87' lang='lat' dir='ltr'>officio</span> <span class='ocrx_word' id='word_1_178' title='bbox 1473 1405 1538 1430; x_wconf 90' lang='lat' dir='ltr'>me</span> <span class='ocrx_word' id='word_1_179' title='bbox 1564 1391 1676 1430; x_wconf 81' lang='lat' dir='ltr'>vobis</span> <span class='ocrx_word' id='word_1_180' title='bbox 1709 1392 1824 1431; x_wconf 90' lang='lat' dir='ltr'>obse-</span> 
     </span>
     <span class='ocr_line' id='line_1_21' title="bbox 344 1453 1825 1508; baseline 0.001 -18"><span class='ocrx_word' id='word_1_181' title='bbox 344 1462 530 1503; x_wconf 90' lang='lat' dir='ltr'>quentem</span> <span class='ocrx_word' id='word_1_182' title='bbox 550 1461 667 1507; x_wconf 89' lang='lat' dir='ltr'>atque</span> <span class='ocrx_word' id='word_1_183' title='bbox 696 1455 830 1493; x_wconf 91' lang='lat' dir='ltr'>utilem</span> <span class='ocrx_word' id='word_1_184' title='bbox 858 1455 1022 1508; x_wconf 82' lang='lat' dir='ltr'>praebui,</span> <span class='ocrx_word' id='word_1_185' title='bbox 1043 1454 1098 1493; x_wconf 91' lang='lat' dir='ltr'>sie</span> <span class='ocrx_word' id='word_1_186' title='bbox 1122 1468 1193 1494; x_wconf 90' lang='lat' dir='ltr'>vos</span> <span class='ocrx_word' id='word_1_187' title='bbox 1215 1467 1371 1506; x_wconf 88' lang='lat' dir='ltr'>quoque</span> <span class='ocrx_word' id='word_1_188' title='bbox 1400 1466 1508 1492; x_wconf 88' lang='lat' dir='ltr'>nunc</span> <span class='ocrx_word' id='word_1_189' title='bbox 1537 1453 1615 1492; x_wconf 88' lang='lat' dir='ltr'>mei</span> <span class='ocrx_word' id='word_1_190' title='bbox 1633 1453 1825 1493; x_wconf 89' lang='lat' dir='ltr'>rationem</span> 
     </span>
     <span class='ocr_line' id='line_1_22' title="bbox 344 1513 1823 1571; baseline 0.002 -19"><span class='ocrx_word' id='word_1_191' title='bbox 344 1513 536 1566; x_wconf 82' lang='lat' dir='ltr'>habeatis,</span> <span class='ocrx_word' id='word_1_192' title='bbox 555 1525 676 1569; x_wconf 89' lang='lat' dir='ltr'>utque</span> <span class='ocrx_word' id='word_1_193' title='bbox 708 1517 879 1556; x_wconf 86' lang='lat' dir='ltr'>omniurn</span> <span class='ocrx_word' id='word_1_194' title='bbox 914 1529 1047 1555; x_wconf 90' lang='lat' dir='ltr'>eorum</span> <span class='ocrx_word' id='word_1_195' title='bbox 1073 1530 1162 1569; x_wconf 86' lang='lat' dir='ltr'>quae</span> <span class='ocrx_word' id='word_1_196' title='bbox 1190 1516 1270 1571; x_wconf 60' lang='lat' dir='ltr'>dixi</span> <span class='ocrx_word' id='word_1_197' title='bbox 1297 1516 1408 1556; x_wconf 87' lang='lat' dir='ltr'>vobis</span> <span class='ocrx_word' id='word_1_198' title='bbox 1441 1522 1481 1555; x_wconf 89' lang='lat' dir='ltr'>et</span> <span class='ocrx_word' id='word_1_199' title='bbox 1511 1515 1823 1555; x_wconf 86' lang='lat' dir='ltr'>testimoniorum</span> 
     </span>
     <span class='ocr_line' id='line_1_23' title="bbox 343 1576 1823 1631; baseline 0.001 -16"><span class='ocrx_word' id='word_1_200' title='bbox 343 1590 432 1628; x_wconf 90' lang='lat' dir='ltr'>quae</span> <span class='ocrx_word' id='word_1_201' title='bbox 452 1580 619 1631; x_wconf 83' lang='lat' dir='ltr'>produxi</span> <span class='ocrx_word' id='word_1_202' title='bbox 638 1586 678 1618; x_wconf 91' lang='lat' dir='ltr'>et</span> <span class='ocrx_word' id='word_1_203' title='bbox 694 1579 940 1618; x_wconf 89' lang='lat' dir='ltr'>decretorum</span> <span class='ocrx_word' id='word_1_204' title='bbox 959 1592 1163 1625; x_wconf 88' lang='lat' dir='ltr'>memores,</span> <span class='ocrx_word' id='word_1_205' title='bbox 1192 1585 1272 1617; x_wconf 87' lang='lat' dir='ltr'>tum</span> <span class='ocrx_word' id='word_1_206' title='bbox 1293 1577 1386 1616; x_wconf 92' lang='lat' dir='ltr'>mihi</span> <span class='ocrx_word' id='word_1_207' title='bbox 1404 1577 1546 1616; x_wconf 87' lang='lat' dir='ltr'>affecto</span> <span class='ocrx_word' id='word_1_208' title='bbox 1564 1576 1711 1627; x_wconf 85' lang='lat' dir='ltr'>injuriis</span> <span class='ocrx_word' id='word_1_209' title='bbox 1733 1591 1823 1617; x_wconf 90' lang='lat' dir='ltr'>suc-</span> 
     </span>
     <span class='ocr_line' id='line_1_24' title="bbox 344 1640 1822 1694; baseline 0.002 -18"><span class='ocrx_word' id='word_1_210' title='bbox 344 1641 522 1689; x_wconf 81' lang='lat' dir='ltr'>curratis,</span> <span class='ocrx_word' id='word_1_211' title='bbox 535 1649 618 1680; x_wconf 91' lang='lat' dir='ltr'>tum</span> <span class='ocrx_word' id='word_1_212' title='bbox 637 1655 705 1681; x_wconf 91' lang='lat' dir='ltr'>vos</span> <span class='ocrx_word' id='word_1_213' title='bbox 724 1642 828 1694; x_wconf 90' lang='lat' dir='ltr'>ipsos</span> <span class='ocrx_word' id='word_1_214' title='bbox 848 1641 1107 1689; x_wconf 90' lang='lat' dir='ltr'>ulciscamini,</span> <span class='ocrx_word' id='word_1_215' title='bbox 1125 1647 1207 1680; x_wconf 92' lang='lat' dir='ltr'>tum</span> <span class='ocrx_word' id='word_1_216' title='bbox 1223 1655 1311 1694; x_wconf 90' lang='lat' dir='ltr'>quae</span> <span class='ocrx_word' id='word_1_217' title='bbox 1323 1654 1395 1694; x_wconf 88' lang='lat' dir='ltr'>pro</span> <span class='ocrx_word' id='word_1_218' title='bbox 1410 1641 1486 1680; x_wconf 89' lang='lat' dir='ltr'>isto</span> <span class='ocrx_word' id='word_1_219' title='bbox 1503 1640 1695 1692; x_wconf 87' lang='lat' dir='ltr'>insumpsi</span> <span class='ocrx_word' id='word_1_220' title='bbox 1711 1641 1822 1680; x_wconf 88' lang='lat' dir='ltr'>resti-</span> 
     </span>
     <span class='ocr_line' id='line_1_25' title="bbox 342 1701 1823 1756; baseline 0.002 -17"><span class='ocrx_word' id='word_1_221' title='bbox 342 1702 476 1743; x_wconf 85' lang='lat' dir='ltr'>tuatis.</span> <span class='ocrx_word' id='word_1_222' title='bbox 534 1704 638 1744; x_wconf 89' lang='lat' dir='ltr'>Nam</span> <span class='ocrx_word' id='word_1_223' title='bbox 667 1703 753 1756; x_wconf 91' lang='lat' dir='ltr'>quis</span> <span class='ocrx_word' id='word_1_224' title='bbox 785 1703 930 1755; x_wconf 91' lang='lat' dir='ltr'>alioqui</span> <span class='ocrx_word' id='word_1_225' title='bbox 960 1716 1074 1742; x_wconf 87' lang='lat' dir='ltr'>suum</span> <span class='ocrx_word' id='word_1_226' title='bbox 1107 1717 1202 1755; x_wconf 89' lang='lat' dir='ltr'>erga</span> <span class='ocrx_word' id='word_1_227' title='bbox 1226 1716 1296 1743; x_wconf 90' lang='lat' dir='ltr'>vos</span> <span class='ocrx_word' id='word_1_228' title='bbox 1329 1703 1503 1742; x_wconf 89' lang='lat' dir='ltr'>studium</span> <span class='ocrx_word' id='word_1_229' title='bbox 1534 1701 1762 1749; x_wconf 87' lang='lat' dir='ltr'>declarabit,</span> <span class='ocrx_word' id='word_1_230' title='bbox 1790 1703 1823 1742; x_wconf 88' lang='lat' dir='ltr'>si</span> 
     </span>
     <span class='ocr_line' id='line_1_26' title="bbox 342 1765 1820 1817; baseline 0.001 -15"><span class='ocrx_word' id='word_1_231' title='bbox 342 1778 469 1816; x_wconf 89' lang='lat' dir='ltr'>neque</span> <span class='ocrx_word' id='word_1_232' title='bbox 487 1767 603 1806; x_wconf 87' lang='lat' dir='ltr'>bonis</span> <span class='ocrx_word' id='word_1_233' title='bbox 631 1774 670 1806; x_wconf 90' lang='lat' dir='ltr'>et</span> <span class='ocrx_word' id='word_1_234' title='bbox 696 1767 802 1805; x_wconf 88' lang='lat' dir='ltr'>dieto</span> <span class='ocrx_word' id='word_1_235' title='bbox 833 1766 1083 1805; x_wconf 86' lang='lat' dir='ltr'>audientibus</span> <span class='ocrx_word' id='word_1_236' title='bbox 1109 1766 1254 1804; x_wconf 86' lang='lat' dir='ltr'>referre</span> <span class='ocrx_word' id='word_1_237' title='bbox 1286 1766 1465 1817; x_wconf 85' lang='lat' dir='ltr'>gratiam,</span> <span class='ocrx_word' id='word_1_238' title='bbox 1485 1778 1613 1816; x_wconf 90' lang='lat' dir='ltr'>neque</span> <span class='ocrx_word' id='word_1_239' title='bbox 1632 1765 1820 1817; x_wconf 87' lang='lat' dir='ltr'>improbis</span> 
     </span>
     <span class='ocr_line' id='line_1_27' title="bbox 342 1827 1820 1881; baseline 0.001 -17"><span class='ocrx_word' id='word_1_240' title='bbox 342 1833 382 1864; x_wconf 90' lang='lat' dir='ltr'>et</span> <span class='ocrx_word' id='word_1_241' title='bbox 399 1828 518 1866; x_wconf 89' lang='lat' dir='ltr'>vestri</span> <span class='ocrx_word' id='word_1_242' title='bbox 538 1828 871 1881; x_wconf 89' lang='lat' dir='ltr'>contemptoribus</span> <span class='ocrx_word' id='word_1_243' title='bbox 890 1840 1026 1880; x_wconf 86' lang='lat' dir='ltr'>poenas</span> <span class='ocrx_word' id='word_1_244' title='bbox 1040 1828 1212 1879; x_wconf 88' lang='lat' dir='ltr'>irrogare</span> <span class='ocrx_word' id='word_1_245' title='bbox 1230 1827 1468 1866; x_wconf 79' lang='lat' dir='ltr'>videamini?</span> <span class='ocrx_word' id='word_1_246' title='bbox 1495 1827 1671 1879; x_wconf 84' lang='lat' dir='ltr'>Legetur</span> <span class='ocrx_word' id='word_1_247' title='bbox 1690 1833 1820 1867; x_wconf 87' lang='lat' dir='ltr'>autem</span> 
     </span>
     <span class='ocr_line' id='line_1_28' title="bbox 341 1889 1818 1942; baseline 0.003 -17"><span class='ocrx_word' id='word_1_248' title='bbox 341 1889 449 1928; x_wconf 91' lang='lat' dir='ltr'>vobis</span> <span class='ocrx_word' id='word_1_249' title='bbox 470 1896 511 1928; x_wconf 91' lang='lat' dir='ltr'>et</span> <span class='ocrx_word' id='word_1_250' title='bbox 536 1890 615 1937; x_wconf 88' lang='lat' dir='ltr'>lex,</span> <span class='ocrx_word' id='word_1_251' title='bbox 632 1897 671 1929; x_wconf 90' lang='lat' dir='ltr'>et</span> <span class='ocrx_word' id='word_1_252' title='bbox 691 1896 870 1942; x_wconf 89' lang='lat' dir='ltr'>sumptus</span> <span class='ocrx_word' id='word_1_253' title='bbox 900 1889 1010 1928; x_wconf 88' lang='lat' dir='ltr'>finito</span> <span class='ocrx_word' id='word_1_254' title='bbox 1036 1889 1281 1942; x_wconf 87' lang='lat' dir='ltr'>praefeeturae</span> <span class='ocrx_word' id='word_1_255' title='bbox 1307 1895 1482 1942; x_wconf 88' lang='lat' dir='ltr'>tempore</span> <span class='ocrx_word' id='word_1_256' title='bbox 1509 1902 1580 1942; x_wconf 88' lang='lat' dir='ltr'>pro</span> <span class='ocrx_word' id='word_1_257' title='bbox 1604 1889 1683 1929; x_wconf 91' lang='lat' dir='ltr'>isto</span> <span class='ocrx_word' id='word_1_258' title='bbox 1702 1903 1727 1929; x_wconf 89' lang='lat' dir='ltr'>a</span> <span class='ocrx_word' id='word_1_259' title='bbox 1753 1903 1818 1930; x_wconf 89' lang='lat' dir='ltr'>me</span> 
     </span>
     <span class='ocr_line' id='line_1_29' title="bbox 341 1951 1817 2005; baseline 0.002 -16"><span class='ocrx_word' id='word_1_260' title='bbox 341 1951 436 1990; x_wconf 84' lang='lat' dir='ltr'>facti</span> <span class='ocrx_word' id='word_1_261' title='bbox 462 1952 700 2005; x_wconf 85' lang='lat' dir='ltr'>singulatim,</span> <span class='ocrx_word' id='word_1_262' title='bbox 721 1961 760 1991; x_wconf 92' lang='lat' dir='ltr'>et</span> <span class='ocrx_word' id='word_1_263' title='bbox 786 1952 896 1992; x_wconf 88' lang='lat' dir='ltr'>navis</span> <span class='ocrx_word' id='word_1_264' title='bbox 916 1952 1148 2000; x_wconf 86' lang='lat' dir='ltr'>desertores,</span> <span class='ocrx_word' id='word_1_265' title='bbox 1170 1958 1358 2004; x_wconf 91' lang='lat' dir='ltr'>quantum</span> <span class='ocrx_word' id='word_1_266' title='bbox 1383 1952 1549 2004; x_wconf 90' lang='lat' dir='ltr'>quisque</span> <span class='ocrx_word' id='word_1_267' title='bbox 1569 1964 1817 1992; x_wconf 88' lang='lat' dir='ltr'>nummorum</span> 
     </span>
     <span class='ocr_line' id='line_1_30' title="bbox 339 2014 1816 2068; baseline 0.001 -16"><span class='ocrx_word' id='word_1_268' title='bbox 339 2027 430 2053; x_wconf 90' lang='lat' dir='ltr'>cum</span> <span class='ocrx_word' id='word_1_269' title='bbox 459 2015 593 2067; x_wconf 85' lang='lat' dir='ltr'>fugam</span> <span class='ocrx_word' id='word_1_270' title='bbox 629 2021 814 2068; x_wconf 85' lang='lat' dir='ltr'>caperent</span> <span class='ocrx_word' id='word_1_271' title='bbox 841 2014 1059 2062; x_wconf 85' lang='lat' dir='ltr'>abstulerit,</span> <span class='ocrx_word' id='word_1_272' title='bbox 1091 2021 1131 2052; x_wconf 88' lang='lat' dir='ltr'>et</span> <span class='ocrx_word' id='word_1_273' title='bbox 1161 2028 1237 2065; x_wconf 95' lang='lat' dir='ltr'>quo</span> <span class='ocrx_word' id='word_1_274' title='bbox 1271 2028 1312 2053; x_wconf 91' lang='lat' dir='ltr'>se</span> <span class='ocrx_word' id='word_1_275' title='bbox 1340 2014 1561 2062; x_wconf 87' lang='lat' dir='ltr'>contulerit,</span> <span class='ocrx_word' id='word_1_276' title='bbox 1588 2021 1633 2054; x_wconf 91' lang='lat' dir='ltr'>ut</span> <span class='ocrx_word' id='word_1_277' title='bbox 1669 2027 1816 2067; x_wconf 86' lang='lat' dir='ltr'>cogno-</span> 
     </span>
     <span class='ocr_line' id='line_1_31' title="bbox 340 2077 1815 2130; baseline 0.001 -15"><span class='ocrx_word' id='word_1_278' title='bbox 340 2078 472 2124; x_wconf 88' lang='lat' dir='ltr'>scatis,</span> <span class='ocrx_word' id='word_1_279' title='bbox 493 2091 555 2117; x_wconf 90' lang='lat' dir='ltr'>me</span> <span class='ocrx_word' id='word_1_280' title='bbox 574 2091 700 2130; x_wconf 87' lang='lat' dir='ltr'>neque</span> <span class='ocrx_word' id='word_1_281' title='bbox 721 2091 825 2116; x_wconf 91' lang='lat' dir='ltr'>nunc</span> <span class='ocrx_word' id='word_1_282' title='bbox 845 2077 951 2130; x_wconf 90' lang='lat' dir='ltr'>apud</span> <span class='ocrx_word' id='word_1_283' title='bbox 970 2090 1041 2116; x_wconf 90' lang='lat' dir='ltr'>vos</span> <span class='ocrx_word' id='word_1_284' title='bbox 1059 2077 1212 2116; x_wconf 86' lang='lat' dir='ltr'>mentiri</span> <span class='ocrx_word' id='word_1_285' title='bbox 1231 2077 1456 2129; x_wconf 87' lang='lat' dir='ltr'>quicquam,</span> <span class='ocrx_word' id='word_1_286' title='bbox 1470 2089 1598 2129; x_wconf 90' lang='lat' dir='ltr'>neque</span> <span class='ocrx_word' id='word_1_287' title='bbox 1618 2077 1734 2117; x_wconf 86' lang='lat' dir='ltr'>etiam</span> <span class='ocrx_word' id='word_1_288' title='bbox 1748 2091 1815 2117; x_wconf 87' lang='lat' dir='ltr'>su-</span> 
     </span>
     <span class='ocr_line' id='line_1_32' title="bbox 336 2140 691 2192; baseline 0 -13"><span class='ocrx_word' id='word_1_289' title='bbox 336 2140 483 2192; x_wconf 90' lang='lat' dir='ltr'>periore</span> <span class='ocrx_word' id='word_1_290' title='bbox 503 2146 691 2192; x_wconf 86' lang='lat' dir='ltr'>tempore.</span> 
     </span>
    </p>

    <p class='ocr_par' dir='ltr' id='par_1_6' title="bbox 333 2200 1813 2941">
     <span class='ocr_line' id='line_1_33' title="bbox 397 2200 1812 2255; baseline 0 -14"><span class='ocrx_word' id='word_1_291' title='bbox 397 2205 459 2241; x_wconf 88' lang='lat'>18.</span> <span class='ocrx_word' id='word_1_292' title='bbox 490 2203 575 2254; x_wconf 89' lang='lat' dir='ltr'>Ego</span> <span class='ocrx_word' id='word_1_293' title='bbox 589 2203 693 2241; x_wconf 92' lang='lat' dir='ltr'>enim</span> <span class='ocrx_word' id='word_1_294' title='bbox 708 2202 763 2241; x_wconf 92' lang='lat' dir='ltr'>sic</span> <span class='ocrx_word' id='word_1_295' title='bbox 785 2203 964 2242; x_wconf 89' lang='lat' dir='ltr'>existimo</span> <span class='ocrx_word' id='word_1_296' title='bbox 982 2209 1022 2241; x_wconf 90' lang='lat' dir='ltr'>et</span> <span class='ocrx_word' id='word_1_297' title='bbox 1039 2209 1194 2255; x_wconf 88' lang='lat' dir='ltr'>tempus</span> <span class='ocrx_word' id='word_1_298' title='bbox 1215 2200 1419 2241; x_wconf 86' lang='lat' dir='ltr'>definitum</span> <span class='ocrx_word' id='word_1_299' title='bbox 1437 2201 1591 2253; x_wconf 86' lang='lat' dir='ltr'>legibus</span> <span class='ocrx_word' id='word_1_300' title='bbox 1613 2201 1698 2240; x_wconf 87' lang='lat' dir='ltr'>sine</span> <span class='ocrx_word' id='word_1_301' title='bbox 1717 2214 1812 2252; x_wconf 88' lang='lat' dir='ltr'>que—</span> 
     </span>
     <span class='ocr_line' id='line_1_34' title="bbox 337 2263 1813 2318; baseline -0.001 -14"><span class='ocrx_word' id='word_1_302' title='bbox 337 2266 420 2304; x_wconf 86' lang='lat' dir='ltr'>rela</span> <span class='ocrx_word' id='word_1_303' title='bbox 448 2272 578 2304; x_wconf 89' lang='lat' dir='ltr'>vestra</span> <span class='ocrx_word' id='word_1_304' title='bbox 610 2265 855 2309; x_wconf 77' lang='lat' dir='ltr'>obeundum:</span> <span class='ocrx_word' id='word_1_305' title='bbox 897 2272 936 2304; x_wconf 90' lang='lat' dir='ltr'>et</span> <span class='ocrx_word' id='word_1_306' title='bbox 969 2271 1259 2318; x_wconf 89' lang='lat' dir='ltr'>contemptores</span> <span class='ocrx_word' id='word_1_307' title='bbox 1288 2270 1371 2302; x_wconf 88' lang='lat' dir='ltr'>tum</span> <span class='ocrx_word' id='word_1_308' title='bbox 1402 2264 1521 2303; x_wconf 85' lang='lat' dir='ltr'>vestri</span> <span class='ocrx_word' id='word_1_309' title='bbox 1551 2270 1635 2304; x_wconf 89' lang='lat' dir='ltr'>tum</span> <span class='ocrx_word' id='word_1_310' title='bbox 1667 2263 1813 2315; x_wconf 87' lang='lat' dir='ltr'>legum,</span> 
     </span>
     <span class='ocr_line' id='line_1_35' title="bbox 336 2325 1812 2381; baseline -0.001 -15"><span class='ocrx_word' id='word_1_311' title='bbox 336 2329 475 2381; x_wconf 88' lang='lat' dir='ltr'>quibus</span> <span class='ocrx_word' id='word_1_312' title='bbox 495 2329 763 2380; x_wconf 87' lang='lat' dir='ltr'>obtemperare</span> <span class='ocrx_word' id='word_1_313' title='bbox 794 2328 947 2376; x_wconf 89' lang='lat' dir='ltr'>nolunt,</span> <span class='ocrx_word' id='word_1_314' title='bbox 975 2341 999 2366; x_wconf 91' lang='lat' dir='ltr'>a</span> <span class='ocrx_word' id='word_1_315' title='bbox 1025 2341 1087 2366; x_wconf 91' lang='lat' dir='ltr'>me</span> <span class='ocrx_word' id='word_1_316' title='bbox 1122 2327 1228 2380; x_wconf 91' lang='lat' dir='ltr'>apud</span> <span class='ocrx_word' id='word_1_317' title='bbox 1261 2339 1328 2366; x_wconf 92' lang='lat' dir='ltr'>vos</span> <span class='ocrx_word' id='word_1_318' title='bbox 1354 2326 1579 2378; x_wconf 84' lang='lat' dir='ltr'>injuriarum</span> <span class='ocrx_word' id='word_1_319' title='bbox 1611 2325 1812 2365; x_wconf 86' lang='lat' dir='ltr'>convictos</span> 
     </span>
     <span class='ocr_line' id='line_1_36' title="bbox 337 2387 1812 2440; baseline -0.001 -11"><span class='ocrx_word' id='word_1_320' title='bbox 337 2404 425 2429; x_wconf 88' lang='lat' dir='ltr'>esse</span> <span class='ocrx_word' id='word_1_321' title='bbox 443 2390 705 2429; x_wconf 86' lang='lat' dir='ltr'>ulciscendos.</span> <span class='ocrx_word' id='word_1_322' title='bbox 744 2389 883 2440; x_wconf 89' lang='lat' dir='ltr'>Neque</span> <span class='ocrx_word' id='word_1_323' title='bbox 903 2403 1010 2437; x_wconf 87' lang='lat' dir='ltr'>vero,</span> <span class='ocrx_word' id='word_1_324' title='bbox 1028 2389 1123 2428; x_wconf 88' lang='lat' dir='ltr'>mihi</span> <span class='ocrx_word' id='word_1_325' title='bbox 1140 2388 1301 2436; x_wconf 87' lang='lat' dir='ltr'>credite,</span> <span class='ocrx_word' id='word_1_326' title='bbox 1316 2400 1405 2427; x_wconf 89' lang='lat' dir='ltr'>mea</span> <span class='ocrx_word' id='word_1_327' title='bbox 1417 2401 1541 2428; x_wconf 85' lang='lat' dir='ltr'>causa</span> <span class='ocrx_word' id='word_1_328' title='bbox 1558 2387 1683 2440; x_wconf 85' lang='lat' dir='ltr'>magis</span> <span class='ocrx_word' id='word_1_329' title='bbox 1694 2400 1812 2439; x_wconf 87' lang='lat' dir='ltr'>quam</span> 
     </span>
     <span class='ocr_line' id='line_1_37' title="bbox 336 2450 1811 2504; baseline -0.002 -13"><span class='ocrx_word' id='word_1_330' title='bbox 336 2459 467 2491; x_wconf 86' lang='lat' dir='ltr'>vestra</span> <span class='ocrx_word' id='word_1_331' title='bbox 486 2452 688 2504; x_wconf 86' lang='lat' dir='ltr'>Polyclem</span> <span class='ocrx_word' id='word_1_332' title='bbox 717 2452 855 2490; x_wconf 90' lang='lat' dir='ltr'>ulcisci</span> <span class='ocrx_word' id='word_1_333' title='bbox 883 2452 1036 2499; x_wconf 87' lang='lat' dir='ltr'>studeo,</span> <span class='ocrx_word' id='word_1_334' title='bbox 1056 2465 1185 2503; x_wconf 90' lang='lat' dir='ltr'>neque</span> <span class='ocrx_word' id='word_1_335' title='bbox 1212 2457 1292 2489; x_wconf 86' lang='lat' dir='ltr'>tam</span> <span class='ocrx_word' id='word_1_336' title='bbox 1320 2450 1561 2502; x_wconf 89' lang='lat' dir='ltr'>superiorum</span> <span class='ocrx_word' id='word_1_337' title='bbox 1590 2456 1811 2501; x_wconf 90' lang='lat' dir='ltr'>temporum</span> 
     </span>
     <span class='ocr_line' id='line_1_38' title="bbox 336 2511 1812 2565; baseline -0.001 -13"><span class='ocrx_word' id='word_1_338' title='bbox 336 2514 566 2553; x_wconf 90' lang='lat' dir='ltr'>trierarchos</span> <span class='ocrx_word' id='word_1_339' title='bbox 588 2528 692 2552; x_wconf 88' lang='lat' dir='ltr'>curae</span> <span class='ocrx_word' id='word_1_340' title='bbox 711 2514 822 2552; x_wconf 90' lang='lat' dir='ltr'>vobis</span> <span class='ocrx_word' id='word_1_341' title='bbox 850 2527 937 2553; x_wconf 87' lang='lat' dir='ltr'>esse</span> <span class='ocrx_word' id='word_1_342' title='bbox 966 2514 1097 2560; x_wconf 84' lang='lat' dir='ltr'>velim,</span> <span class='ocrx_word' id='word_1_343' title='bbox 1117 2526 1235 2565; x_wconf 90' lang='lat' dir='ltr'>quam</span> <span class='ocrx_word' id='word_1_344' title='bbox 1262 2511 1430 2565; x_wconf 89' lang='lat' dir='ltr'>prospici</span> <span class='ocrx_word' id='word_1_345' title='bbox 1447 2512 1603 2560; x_wconf 82' lang='lat' dir='ltr'>futuris,</span> <span class='ocrx_word' id='word_1_346' title='bbox 1624 2519 1667 2550; x_wconf 90' lang='lat' dir='ltr'>ut</span> <span class='ocrx_word' id='word_1_347' title='bbox 1685 2525 1812 2564; x_wconf 88' lang='lat' dir='ltr'>neque</span> 
     </span>
     <span class='ocr_line' id='line_1_39' title="bbox 335 2572 1809 2629; baseline -0.002 -14"><span class='ocrx_word' id='word_1_348' title='bbox 335 2577 372 2614; x_wconf 89' lang='lat' dir='ltr'>hi</span> <span class='ocrx_word' id='word_1_349' title='bbox 394 2576 460 2629; x_wconf 90' lang='lat' dir='ltr'>qui</span> <span class='ocrx_word' id='word_1_350' title='bbox 480 2589 642 2615; x_wconf 89' lang='lat' dir='ltr'>munera</span> <span class='ocrx_word' id='word_1_351' title='bbox 660 2578 807 2615; x_wconf 91' lang='lat' dir='ltr'>obeunt</span> <span class='ocrx_word' id='word_1_352' title='bbox 824 2576 972 2614; x_wconf 87' lang='lat' dir='ltr'>animos</span> <span class='ocrx_word' id='word_1_353' title='bbox 993 2575 1277 2627; x_wconf 88' lang='lat' dir='ltr'>despondeant,</span> <span class='ocrx_word' id='word_1_354' title='bbox 1296 2587 1424 2626; x_wconf 93' lang='lat' dir='ltr'>neque</span> <span class='ocrx_word' id='word_1_355' title='bbox 1437 2586 1684 2613; x_wconf 87' lang='lat' dir='ltr'>successores</span> <span class='ocrx_word' id='word_1_356' title='bbox 1698 2572 1809 2623; x_wconf 89' lang='lat' dir='ltr'>leges</span> 
     </span>
     <span class='ocr_line' id='line_1_40' title="bbox 334 2634 1807 2686; baseline -0.003 -9"><span class='ocrx_word' id='word_1_357' title='bbox 334 2645 598 2686; x_wconf 88' lang='lat' dir='ltr'>contemnant,</span> <span class='ocrx_word' id='word_1_358' title='bbox 622 2637 690 2677; x_wconf 88' lang='lat' dir='ltr'>sed</span> <span class='ocrx_word' id='word_1_359' title='bbox 721 2638 772 2676; x_wconf 90' lang='lat' dir='ltr'>ad</span> <span class='ocrx_word' id='word_1_360' title='bbox 804 2651 922 2676; x_wconf 91' lang='lat' dir='ltr'>naves</span> <span class='ocrx_word' id='word_1_361' title='bbox 956 2639 1112 2684; x_wconf 83' lang='lat' dir='ltr'>abeant,</span> <span class='ocrx_word' id='word_1_362' title='bbox 1143 2650 1233 2676; x_wconf 88' lang='lat' dir='ltr'>cum</span> <span class='ocrx_word' id='word_1_363' title='bbox 1266 2636 1410 2675; x_wconf 79' lang='lat' dir='ltr'>fuerInt</span> <span class='ocrx_word' id='word_1_364' title='bbox 1441 2635 1648 2686; x_wconf 85' lang='lat' dir='ltr'>designati.</span> <span class='ocrx_word' id='word_1_365' title='bbox 1706 2634 1807 2679; x_wconf 84' lang='lat' dir='ltr'>Quae</span> 
     </span>
     <span class='ocr_line' id='line_1_41' title="bbox 333 2695 1804 2752; baseline -0.002 -13"><span class='ocrx_word' id='word_1_366' title='bbox 333 2701 444 2739; x_wconf 88' lang='lat' dir='ltr'>vobis</span> <span class='ocrx_word' id='word_1_367' title='bbox 463 2700 675 2752; x_wconf 88' lang='lat' dir='ltr'>cogitanda</span> <span class='ocrx_word' id='word_1_368' title='bbox 695 2706 785 2739; x_wconf 93' lang='lat' dir='ltr'>sunt</span> <span class='ocrx_word' id='word_1_369' title='bbox 811 2707 854 2739; x_wconf 91' lang='lat' dir='ltr'>ut</span> <span class='ocrx_word' id='word_1_370' title='bbox 883 2706 987 2739; x_wconf 87' lang='lat' dir='ltr'>recte</span> <span class='ocrx_word' id='word_1_371' title='bbox 1017 2707 1058 2738; x_wconf 94' lang='lat' dir='ltr'>et</span> <span class='ocrx_word' id='word_1_372' title='bbox 1077 2713 1164 2738; x_wconf 89' lang='lat' dir='ltr'>vere</span> <span class='ocrx_word' id='word_1_373' title='bbox 1192 2699 1242 2737; x_wconf 86' lang='lat' dir='ltr'>de</span> <span class='ocrx_word' id='word_1_374' title='bbox 1272 2699 1386 2737; x_wconf 90' lang='lat' dir='ltr'>rebus</span> <span class='ocrx_word' id='word_1_375' title='bbox 1406 2698 1584 2736; x_wconf 89' lang='lat' dir='ltr'>omnibus</span> <span class='ocrx_word' id='word_1_376' title='bbox 1603 2695 1804 2749; x_wconf 85' lang='lat' dir='ltr'>judicetis.</span> 
     </span>
     <span class='ocr_line' id='line_1_42' title="bbox 333 2759 1805 2814; baseline -0.001 -15"><span class='ocrx_word' id='word_1_377' title='bbox 333 2763 528 2814; x_wconf 87' lang='lat' dir='ltr'>Perquam</span> <span class='ocrx_word' id='word_1_378' title='bbox 548 2769 676 2801; x_wconf 90' lang='lat' dir='ltr'>autem</span> <span class='ocrx_word' id='word_1_379' title='bbox 706 2776 728 2801; x_wconf 90' lang='lat' dir='ltr'>e</span> <span class='ocrx_word' id='word_1_380' title='bbox 749 2763 858 2801; x_wconf 87' lang='lat' dir='ltr'>vobis</span> <span class='ocrx_word' id='word_1_381' title='bbox 877 2776 1051 2814; x_wconf 83' lang='lat' dir='ltr'>quaerere</span> <span class='ocrx_word' id='word_1_382' title='bbox 1076 2762 1206 2808; x_wconf 85' lang='lat' dir='ltr'>velim,</span> <span class='ocrx_word' id='word_1_383' title='bbox 1233 2760 1408 2807; x_wconf 80' lang='lat' dir='ltr'>JudiceS,</span> <span class='ocrx_word' id='word_1_384' title='bbox 1429 2773 1507 2812; x_wconf 90' lang='lat' dir='ltr'>quo</span> <span class='ocrx_word' id='word_1_385' title='bbox 1527 2760 1566 2798; x_wconf 91' lang='lat' dir='ltr'>in</span> <span class='ocrx_word' id='word_1_386' title='bbox 1589 2773 1649 2798; x_wconf 88' lang='lat' dir='ltr'>me</span> <span class='ocrx_word' id='word_1_387' title='bbox 1677 2759 1805 2798; x_wconf 88' lang='lat' dir='ltr'>animo</span> 
     </span>
     <span class='ocr_line' id='line_1_43' title="bbox 333 2822 1804 2876; baseline -0.001 -14"><span class='ocrx_word' id='word_1_388' title='bbox 333 2826 451 2863; x_wconf 81' lang='lat' dir='ltr'>futuri</span> <span class='ocrx_word' id='word_1_389' title='bbox 470 2826 623 2873; x_wconf 83' lang='lat' dir='ltr'>essetis,</span> <span class='ocrx_word' id='word_1_390' title='bbox 638 2826 682 2871; x_wconf 92' lang='lat' dir='ltr'>si,</span> <span class='ocrx_word' id='word_1_391' title='bbox 700 2825 807 2863; x_wconf 85' lang='lat' dir='ltr'>finito</span> <span class='ocrx_word' id='word_1_392' title='bbox 827 2837 912 2863; x_wconf 84' lang='lat' dir='ltr'>meo</span> <span class='ocrx_word' id='word_1_393' title='bbox 933 2832 1104 2876; x_wconf 89' lang='lat' dir='ltr'>tempore</span> <span class='ocrx_word' id='word_1_394' title='bbox 1123 2824 1272 2875; x_wconf 87' lang='lat' dir='ltr'>istoque</span> <span class='ocrx_word' id='word_1_395' title='bbox 1289 2823 1338 2861; x_wconf 85' lang='lat' dir='ltr'>ad</span> <span class='ocrx_word' id='word_1_396' title='bbox 1354 2835 1492 2861; x_wconf 87' lang='lat' dir='ltr'>navem</span> <span class='ocrx_word' id='word_1_397' title='bbox 1513 2835 1591 2860; x_wconf 88' lang='lat' dir='ltr'>non</span> <span class='ocrx_word' id='word_1_398' title='bbox 1613 2822 1804 2869; x_wconf 74' lang='lat' dir='ltr'>veniente,</span> 
     </span>
     <span class='ocr_line' id='line_1_44' title="bbox 333 2884 1802 2941; baseline -0.003 -15"><span class='ocrx_word' id='word_1_399' title='bbox 333 2888 422 2927; x_wconf 88' lang='lat' dir='ltr'>navi</span> <span class='ocrx_word' id='word_1_400' title='bbox 441 2888 598 2936; x_wconf 82' lang='lat' dir='ltr'>diutius,</span> <span class='ocrx_word' id='word_1_401' title='bbox 612 2889 777 2941; x_wconf 87' lang='lat' dir='ltr'>jubente</span> <span class='ocrx_word' id='word_1_402' title='bbox 796 2888 1035 2941; x_wconf 86' lang='lat' dir='ltr'>imperatore,</span> <span class='ocrx_word' id='word_1_403' title='bbox 1055 2901 1132 2927; x_wconf 92' lang='lat' dir='ltr'>non</span> <span class='ocrx_word' id='word_1_404' title='bbox 1153 2886 1409 2940; x_wconf 64' lang='lat' dir='ltr'>praefuissent,</span> <span class='ocrx_word' id='word_1_405' title='bbox 1429 2885 1499 2925; x_wconf 91' lang='lat' dir='ltr'>sed</span> <span class='ocrx_word' id='word_1_406' title='bbox 1520 2884 1802 2925; x_wconf 88' lang='lat' dir='ltr'>discessissem.</span> 
     </span>
    </p>
   </div>
  </div>
 </body>
</html>
