1981 3356
536 224 827 264 ADVERSUS
858 227 1327 269 ZENOTHEMIDEM.
1584 236 1660 272 517

251 328 290 365 3.
322 327 424 365 Sunt
441 327 606 366 officinae
626 329 826 368 hominum
846 330 885 367 in
906 330 1054 369 Piraeeo
1084 331 1344 383 improborum
1373 335 1438 385 qui
1466 337 1663 387 conspira-

194 395 297 434 runt,
317 401 414 440 quos
440 402 566 440 neque
587 403 653 429 vos
679 391 906 442 ignorabitis
933 392 966 430 si
985 392 1161 432 videatis.
1218 394 1369 432 Horum
1398 409 1531 443 unum,
1558 403 1667 448 post·

193 462 310 500 quam
327 451 399 489 iste
419 451 459 489 id
479 453 622 503 agebat
639 465 688 490 ne
706 452 784 490 huc
805 453 1078 504 perveheretur
1109 455 1234 501 navis,
1253 456 1348 494 inito
1367 458 1529 495 consilio
1555 458 1663 509 lega-

190 518 278 551 tum
297 512 517 564 deligimuS,
540 526 618 551 non
648 514 805 552 omnino
832 514 989 565 quidem
1008 514 1186 565 ignotum
1207 516 1329 564 illum,
1349 518 1419 556 sed
1439 518 1557 556 talem
1578 532 1665 557 esse

194 575 345 626 ignari:
376 575 415 612 in
447 588 539 625 quo,
569 588 689 627 prope
708 576 884 622 dixerim,
904 589 1017 627 aeque
1046 590 1229 628 magnam
1261 578 1414 617 cladem
1442 581 1665 631 accepimus

196 643 313 687 atque
340 635 380 673 in
414 648 461 673 eo
489 649 577 674 cum
606 636 772 687 primum
800 636 839 673 in
869 636 1070 675 hominum
1101 638 1364 689 improborum
1392 640 1667 677 commercium

194 696 413 735 incidimus.
471 696 509 735 Is
528 697 670 735 missus
691 710 714 736 a
741 698 854 736 nobis
875 704 947 743 est,
965 699 1207 750 Aristophon
1226 700 1397 750 nomine,
1417 701 1483 752 qui
1503 707 1542 738 et
1562 700 1666 739 Mic-

193 758 352 797 calionis
373 759 531 810 negotia
559 759 753 798 instruxit.
812 760 870 797 Ea
894 761 1011 811 igitur
1038 774 1126 798 eum
1145 762 1292 799 -omnia
1319 761 1538 800 audivimus
1567 776 1668 814 prae-

191 820 404 859 varicatum
424 827 464 859 et
484 820 546 858 isti
567 820 823 871 pollicitatum
845 834 942 859 esse.
1002 822 1183 873 Denique
1213 824 1245 861 is
1272 823 1422 861 dux.et
1444 831 1580 862 auctor
1608 830 1669 862 est

192 883 378 921 omnium.
436 883 536 927 Quae
567 881 641 920 iste
672 883 783 920 avide
812 883 1014 934 amplexus
1046 890 1120 923 est.
1178 885 1394 935 Postquam
1421 885 1524 923 enim
1555 886 1666 924 navis

193 943 350 982 interitu
380 944 586 982 frustratus
613 943 870 983 creditoribus
890 945 1095 996 pecuniam
1116 945 1282 984 reddere
1303 959 1382 985 non
1401 948 1669 999 potest,—qui

193 1006 297 1044 enim
327 1012 475 1058 posset,
505 1018 624 1057 quam
654 1020 854 1057 nunquam
881 1007 1284 1057 imposuit'3—nostra
1314 1008 1389 1046 sibi
1417 1009 1610 1056 vendicat,
1631 1016 1670 1047 et

196 1067 435 1119 Hegestrato
457 1081 498 1105 se
516 1081 587 1118 pro
609 1080 657 1105 eo
677 1068 870 1106 frumento
889 1069 1101 1108 foenerasse
1124 1070 1232 1117 dicit,
1253 1071 1358 1121 quod
1373 1071 1404 1109 is
1425 1071 1489 1122 qui
1510 1086 1532 1110 a
1559 1072 1669 1110 nobis

196 1129 417 1180 enavigavit
447 1129 552 1167 emit.
610 1129 834 1167 Creditores
866 1137 997 1168 autern
1026 1131 1157 1169 statim
1177 1132 1286 1169 initio
1307 1132 1475 1183 decepti,
1494 1146 1584 1171 cum
1614 1134 1669 1171 vi-

194 1191 318 1229 deant
336 1191 409 1229 sibi
438 1204 506 1242 pro
533 1191 702 1242 pecunia
730 1192 949 1243 improbum
969 1192 1183 1230 debitorem
1203 1207 1289 1232 esse
1308 1195 1515 1245 reliquum,
1535 1203 1574 1233 et
1599 1209 1671 1234 sua

196 1266 238 1291 se
267 1246 316 1291 ab
347 1253 432 1291 istis
466 1259 762 1304 recuperaturos
790 1267 839 1291 ne
873 1254 1111 1305 spe-randum
1131 1255 1288 1305 quidem
1317 1269 1404 1294 esse
1426 1258 1668 1296 animadver-

193 1322 291 1362 tant,
313 1316 384 1354 sed
415 1315 592 1368 deceptis
619 1315 730 1353 vobis
751 1315 800 1353 de
831 1315 972 1353 nostris
993 1316 1156 1354 fortunis
1177 1329 1224 1354 ea
1242 1323 1464 1367 recepturos
1493 1331 1572 1356 non
1601 1319 1670 1357 de-

195 1378 367 1430 sperent,
386 1391 502 1429 quem
534 1377 574 1415 in
605 1390 677 1416 nos
705 1378 779 1416 ista
806 1378 958 1415 mentiri
979 1378 1121 1424 sciunt,
1140 1378 1189 1416 ab
1208 1391 1256 1417 eo
1275 1385 1375 1417 stare
1395 1379 1454 1416 sui
1475 1380 1670 1418 commodi

196 1452 320 1478 causa
339 1447 546 1491 coguntur.

249 1505 288 1539 4.
319 1502 400 1540 Res
421 1502 538 1552 igitur
563 1501 612 1539 de
639 1513 716 1552 qua
734 1500 920 1552 suffragia
938 1501 1082 1549 feretis,
1113 1501 1152 1539 in
1184 1515 1337 1540 summa
1362 1503 1417 1541 ita
1447 1509 1558 1555 gesta
1585 1510 1669 1542 est:

196 1563 283 1602 volo
305 1571 434 1602 autem
455 1563 620 1602 testibus
641 1576 774 1601 eorum
791 1577 879 1614 quae
900 1563 988 1602 dico
1006 1564 1056 1602 ad
1069 1576 1138 1602 vos
1160 1563 1340 1603 adductis
1360 1565 1399 1602 in
1415 1564 1560 1616 primis,
1580 1578 1670 1603 mox

193 1631 234 1663 et
252 1625 398 1677 reliqua
417 1624 561 1671 dicere.
618 1624 758 1663 Recita
777 1637 870 1675 ergo
889 1624 982 1662 mihi
1001 1623 1234 1663 testimonia.

741 1770 1101 1808 TESTIMONIA.

195 1866 250 1906 Ut
266 1866 384 1918 igitur
409 1866 583 1919 pervenit
611 1865 689 1905 huc
713 1865 924 1918 navigium,
958 1879 1047 1904 cum
1077 1867 1323 1918 Cephalenii,
1344 1880 1571 1919 quanquam
1599 1868 1672 1907 isto

197 1929 444 1975 adversante,
483 1929 826 1980 pronunciassent,
858 1934 903 1966 ut
943 1941 990 1966 eo
1026 1928 1131 1967 unde
1167 1929 1351 1967 solvisset
1398 1930 1666 1975 reduceretur,

197 2003 338 2029 navem
356 1991 424 2041 qui
443 1991 482 2028 in
502 2004 588 2029 eam
616 1996 842 2029 mutuarant
860 1989 924 2028 hic
945 1990 1076 2028 statim
1096 1991 1311 2029 tenebant:
1342 1991 1580 2030 frumentum
1601 2006 1669 2030 au·-

197 2060 275 2091 tem
305 2053 371 2103 qui
405 2060 572 2097 emerat;
603 2054 636 2090 is
669 2052 848 2090 nimirum
869 2052 935 2104 qui
961 2054 1168 2103 pecuniam
1193 2053 1306 2091 nobis
1338 2053 1520 2092 debebat.
1578 2055 1676 2094 Post

185 2115 282 2153 ‚haec
302 2115 405 2153 venit
422 2115 495 2153 iste
510 2121 550 2152 et
567 2115 744 2166 legatum
765 2127 788 2152 a
805 2114 918 2152 nobis
935 2114 1097 2152 missum
1113 2114 1434 2164 Aristophontem
1456 2116 1673 2163 adducens,

195 2176 245 2214 de
272 2176 464 2214 frumento
494 2177 601 2215 litem
633 2176 764 2223 movit,
785 2175 893 2227 quod
919 2189 961 2214 se
992 2182 1128 2214 mutuo
1155 2176 1310 2214 dedisse
1343 2176 1583 2227 Hegestrato
1615 2179 1673 2216 di-

195 2246 314 2277 ceret.
372 2238 478 2283 Quid
512 2239 568 2277 ais
601 2238 746 2277 homo?
775 2237 902 2288 inquit
933 2238 1224 2276 Protus——nam
1258 2237 1297 2275 id
1320 2251 1464 2276 nomen
1493 2247 1576 2277 erat
1596 2241 1674 2278 fru-

195 2299 414 2346 mentatori,
433 2299 500 2351 qui
528 2299 641 2338 nobis
670 2299 875 2351 pecuniam
909 2298 1148 2345 debebat—3
1178 2300 1260 2338 tun*
1281 2299 1520 2351 Hegestrato
1552 2315 1671 2352 pecu·

198 2362 301 2400 niam
322 2361 519 2408 mutuasti,
541 2375 630 2400 cum
657 2374 736 2413 quo
769 2360 960 2412 decepisti
990 2367 1152 2399 caeteros
1182 2369 1224 2398 ut
1245 2368 1418 2400 mutuam
1442 2363 1676 2401 sumeretis?

199 2423 265 2475 qui
283 2423 441 2474 quidem
460 2422 529 2461 tibi
551 2436 656 2475 saepe
678 2422 847 2469 dicebat,
867 2422 1075 2473 perituram
1095 2422 1140 2461 iis
1168 2423 1375 2474 pecuniam
1398 2424 1463 2474 qui
1484 2425 1672 2463 credidis-

199 2487 314 2525 sent?
343 2493 384 2524 tu
414 2486 532 2537 igitur
564 2486 631 2537 qui
656 2485 725 2523 illa
754 2485 923 2531 audires,
951 2485 1035 2536 ipse
1070 2484 1104 2522 ei
1138 2485 1398 2524 credidisses?
1443 2487 1673 2524 Affirmabat

198 2548 317 2586 homo
347 2547 568 2599 impudens.
625 2547 795 2585 Proinde
829 2553 872 2584 ut
904 2547 1068 2585 maxime
1093 2560 1185 2585 vera
1212 2548 1335 2594 dicas,
1357 2549 1511 2600 subjicit
1537 2562 1669 2587 corum

195 2610 356 2662 quidam
376 2610 443 2661 qui
463 2609 636 2656 aderant,
655 2615 746 2647 tuus
767 2616 804 2646 te
825 2610 956 2647 socius
977 2616 1016 2647 et
1031 2609 1124 2646 civis
1140 2610 1417 2660 IIcgestratus,
1434 2617 1477 2648 ut
1493 2619 1671 2661 apparet,

198 2671 464 2717 circumvenit,
502 2678 785 2722 proptereaque
829 2671 998 2722 seipsum
1036 2670 1236 2708 damnavit
1267 2672 1420 2722 capitis,
1463 2679 1501 2709 et
1547 2672 1673 2722 periit.

202 2734 307 2779 Quin
338 2733 493 2785 signum
525 2732 642 2771 etiam
663 2732 773 2770 vobis
795 2733 938 2779 dicam,
958 2732 1084 2784 inquit
1108 2732 1349 2771 adstantium
1379 2733 1551 2784 quidam,
1571 2733 1676 2772 unde

201 2795 442 2847 intelligatis,
460 2795 574 2833 istum
597 2794 647 2833 ad
668 2795 796 2832 omnia
815 2795 870 2832 illi
889 2795 1007 2833 fuisse
1028 2794 1258 2845 adjutorem.
1291 2796 1515 2845 Antequam
1537 2808 1674 2833 navem

200 2858 393 2908 perforare
432 2857 656 2909 coepissent,
692 2858 876 2896 mulctam
917 2863 1095 2895 statuunt
1124 2869 1254 2894 coram
1291 2857 1508 2895 vectoribus
1534 2858 1608 2895 iste
1635 2866 1674 2895 et

202 2919 464 2970 Hegestratus
484 2919 634 2970 scriptis
655 2919 812 2957 tabulis.
871 2919 1001 2964 Quod,
1019 2919 1050 2956 si
1063 2920 1168 2956 bona
1188 2917 1264 2954 fide
1287 2918 1466 2963 dederas,
1486 2919 1675 2969 quamob-

199 2994 282 3019 rem
315 2988 403 3019 ante
435 2981 666 3020 maleficium
685 2981 814 3020 caveri
835 2982 904 3021 tibi
927 2980 1114 3020 volebas?
1165 2980 1233 3017 Sin
1255 2979 1474 3026 diffidebas,
1495 2994 1563 3019 cur
1594 2994 1673 3020 uon
