1948 3306
305 171 382 209 736
778 170 998 207 CONTRA
1032 168 1295 207 NEAERAM,

305 274 374 310 bus
390 284 521 310 eorum
544 272 683 323 quibus
697 272 893 311 familiaris
914 280 986 320 est,
1004 272 1163 324 obsequi
1177 269 1467 323 voluptatibus?
1486 271 1618 309 Talem
1637 272 1773 324 igitur-‚1

304 340 341 371 et
360 346 460 375 eam,
480 347 582 384 quae,
602 340 645 372 ut
669 343 824 374 constat
843 336 940 373 inter
961 348 1110 380 omnes,
1131 335 1264 373 orbem
1284 340 1466 372 terrarum
1495 340 1648 385 propter
1667 332 1766 370 infa-

305 407 406 433 mem
426 401 620 445 quaestum
635 404 846 447 pervagata
865 403 936 443 est,
965 397 1086 435 civem
1113 409 1197 434 esse
1225 394 1471 433 decernetis?
1501 394 1618 439 Quod
1635 394 1766 444 igitur,
1818 412 1821 415 >

304 456 544 506 interrogati,
574 458 802 508 praeclarum
830 471 898 495 vos
932 458 1102 496 edidisse
1130 458 1279 496 facinus
1311 455 1619 508 respondebitis?
1650 455 1767 499 Quod

302 530 371 555 vos
410 519 632 570 suscepisse
672 519 869 557 dedecus?
919 533 1036 571 quam
1071 520 1238 558 violasse
1286 519 1510 570 religionem
1547 515 1768 568 negabitis?

305 579 533 631 Priusquam
555 582 656 618 enim
678 589 926 619 accusaretur
946 582 1120 620 adducta
1137 582 1173 620 in
1190 582 1393 634 judicium,
1409 592 1620 630 omnesque
1641 578 1772 616 audis-

304 648 403 686 sent,
425 649 463 680 et
482 656 568 693 quae
589 643 649 689 sit,
670 649 709 680 et
727 656 814 693 quae
833 643 948 694 impie
979 644 1123 690 fecerit,
1152 643 1224 694 ipsi
1244 641 1423 694 imputari
1444 641 1593 680 scelera
1613 653 1683 677 sua
1701 652 1769 690 po·
1826 649 1832 663 ⁸

302 703 492 749 tuissent,
512 704 750 754 negligentia
778 704 938 750 civitati,
972 712 1220 754 vestrumque
1254 704 1317 742 alii
1343 704 1600 754 ignorassent,
1631 701 1693 738 alii
1729 713 1770 738 re

303 765 437 802 audita
456 765 580 802 verbis
603 765 791 816 indignati
811 772 958 812 essent,
975 778 1013 803 re
1033 766 1117 816 ipsa
1137 765 1184 802 de
1206 777 1266 811 ea,
1285 765 1437 802 nemine
1464 770 1684 809 accusante,
1705 768 1773 800 aut

302 824 583 876 pronunciante
616 838 686 876 pro
723 825 919 872 tribunali,
951 832 1120 863 statuere
1151 825 1246 862 nihil
1279 825 1522 876 potuissent:
1562 830 1769 875 postquam

304 893 436 924 autem
453 893 495 924 et
514 886 635 925 nostis
657 900 807 934 omnes,
827 895 865 926 et
885 901 1003 938 penes
1023 900 1091 925 vos
1112 887 1276 932 habetis,
1295 892 1334 924 et
1361 886 1444 937 ejus
1465 884 1674 937 puniendae
1701 898 1772 936 po-

302 955 423 986 testas
446 948 573 993 datur,
589 949 670 1000 jam
690 956 822 986 vestra
841 949 912 987 erit
939 949 1004 987 illa
1030 950 1068 986 in
1094 948 1188 987 deos
1216 947 1407 999 impietas,
1438 947 1512 985 nisi
1541 959 1626 985 earn
1657 946 1772 997 puni-

301 1010 444 1048 veritis.
496 1009 607 1065 *Quid
627 1023 715 1048 vero
736 1017 906 1048 vestrum
928 1011 1092 1062 quisque
1113 1023 1288 1047 reversus
1314 1009 1364 1047 ad
1388 1022 1543 1054 uxores,
1564 1014 1632 1046 aut
1655 1007 1771 1053 filias,

302 1078 369 1109 aut
397 1064 554 1116 matres,
591 1070 739 1119 dicetis,
770 1072 843 1109 ista
881 1071 1086 1109 absoluta?
1120 1070 1160 1109 Si
1181 1083 1249 1108 vos
1278 1069 1464 1121 rogarint,
1496 1069 1561 1108 ubi
1593 1067 1773 1107 fueritis?

301 1146 446 1184 vosque
467 1133 828 1185 responderitis‚jus
849 1134 1008 1172 dixisse.
1050 1133 1156 1171 Cui?
1194 1134 1389 1184 rogabunt
1414 1132 1555 1171 statim.
1618 1132 1771 1170 Neaerae

303 1194 497 1241 nimirum,
532 1194 683 1232 dicetis.
744 1195 1034 1238 Quamobrem?
1078 1194 1195 1240 Quod
1232 1201 1271 1232 et
1299 1194 1506 1245 peregrina
1538 1192 1610 1232 civi
1640 1193 1774 1244 nupsit

301 1262 439 1293 contra
457 1256 599 1306 legem,
620 1263 658 1294 et
674 1256 792 1294 filiam
821 1257 1036 1295 adulteram
1058 1257 1225 1295 elocavit
1251 1256 1453 1307 Theogeni
1478 1269 1608 1308 regem
1628 1256 1773 1307 agenti,

302 1332 390 1368 quae
412 1331 553 1356 arcana
573 1331 642 1369 pro
662 1319 863 1370 republica
884 1333 994 1358 sacra
1009 1319 1155 1366 fecerit,
1176 1325 1215 1357 et
1234 1318 1391 1356 Baccho
1410 1332 1506 1357 uxor
1520 1319 1616 1357 data
1633 1319 1746 1357 fuerit
1763 1331 1771 1355 :

303 1387 524 1431 ceteraque,
548 1388 898 1419 commemorantes
927 1383 1012 1432 ejus
1034 1381 1332 1426 accusationem,
1367 1393 1485 1432 quam
1509 1382 1608 1418 bene
1635 1386 1674 1418 et
1692 1392 1773 1417 me-

302 1443 472 1488 moriter,
506 1450 546 1480 et
579 1451 759 1481 accurate
798 1444 913 1481 fuerit
950 1444 999 1481 de
1039 1443 1200 1494 singulis
1245 1449 1443 1481 accusata.
1513 1436 1665 1487 Quibus
1698 1442 1774 1480 illae

302 1505 444 1542 auditis
465 1511 652 1554 quaerent,
673 1505 767 1554 quid
788 1506 904 1555 igitur
919 1504 1093 1542 fecistis?
1123 1504 1206 1542 Vos
1226 1517 1317 1543 vero
1348 1505 1500 1556 dicetis,
1521 1503 1772 1542 absolvimus.

302 1567 329 1604 J
332 1580 393 1604 am
415 1566 531 1617 igitur
546 1573 732 1604 matronae
751 1566 1012 1618 pudicissimae
1025 1566 1135 1604 vobis
1155 1566 1383 1614 irascentur,
1396 1565 1502 1617 quod
1516 1578 1625 1616 aeque
1641 1577 1772 1603 secum

300 1630 415 1668 istam
445 1629 647 1680 republica
673 1635 713 1667 et
740 1629 859 1667 sacris
888 1629 1036 1680 dignati
1057 1628 1165 1668 sitis:
1194 1642 1283 1680 quae
1311 1637 1439 1668 autem
1469 1635 1643 1667 amentes
1669 1635 1773 1674 sunt,

302 1691 431 1742 palam
456 1692 670 1729 ostendent
702 1704 741 1728 se
769 1691 939 1729 facturas
970 1690 1154 1742 quicquid
1187 1690 1319 1738 libeat,
1338 1697 1526 1741 tanquam
1544 1689 1773 1741 impunitate

303 1767 327 1791 a
346 1753 455 1792 vobis
476 1760 514 1790 et
534 1753 687 1804 legibus
707 1753 919 1805 proposita.
978 1753 1080 1791 Nam
1107 1753 1140 1791 si
1167 1752 1386 1804 negligetis,
1407 1759 1448 1791 et
1477 1765 1619 1803 susque
1646 1751 1775 1802 deque

302 1813 449 1861 feretis,
491 1815 658 1866 suspicio
691 1815 775 1858 erit,
806 1827 875 1853 vos
903 1828 1060 1865 quoque
1094 1827 1220 1853 mores
1254 1814 1365 1853 istius
1397 1813 1566 1851 mulieris
1597 1813 1776 1864 probare.

304 1876 436 1917 Quare
465 1876 582 1926 longe
614 1875 868 1926 praestitisset,
890 1888 970 1914 non
1001 1876 1082 1914 fieri
1112 1875 1185 1913 hoc
1201 1875 1407 1927 judicium,
1435 1887 1552 1926 quam
1576 1887 1624 1913 eo
1655 1875 1775 1920 facto,

302 1936 417 1975 istam
438 1937 600 1976 absolvi.
659 1938 829 1976 Omnino
853 1938 955 1975 enim
984 1939 1065 1988 jam
1098 1938 1233 1976 scortis
1250 1938 1412 1976 licentia
1431 1937 1582 1976 dabitur
1600 1937 1775 1975 nubendi

304 1999 445 2050 quibus
478 1999 624 2046 volent,
657 2013 826 2050 suosque
858 2000 999 2038 liberos
1026 1999 1111 2050 ejus
1142 2012 1230 2038 esse
1255 1999 1424 2044 dicendi,
1447 1999 1513 2051 qui
1532 1999 1571 2036 in
1602 2006 1773 2038 mentem

304 2061 359 2099 eis
377 2062 539 2100 venerit.
596 2061 695 2099 Tum
728 2062 836 2113 leges
866 2067 1006 2100 vestrae
1035 2060 1178 2099 futurae
1205 2069 1298 2100 sunt
1321 2061 1451 2108 irritae,
1471 2068 1555 2099 tum
1573 2060 1775 2099 blanditiae

305 2128 519 2160 scortorum
553 2123 728 2161 obtinere
760 2123 946 2174 poterunt
976 2123 1163 2174 quicquid
1200 2122 1347 2162 libebit.
1404 2123 1536 2168 Quare
1565 2129 1605 2162 et
1632 2123 1773 2162 civium

304 2189 523 2222 nostrarum
548 2185 689 2223 habete
706 2184 912 2231 rationem,
932 2191 976 2223 ut
995 2197 1043 2222 ne
1063 2198 1279 2237 pauperum
1299 2185 1389 2224 filiae
1407 2192 1573 2236 nuptum
1593 2185 1776 2224 collocari

305 2252 517 2295 nequeant.
574 2246 692 2284 Nunc
725 2247 841 2292 enim,
872 2247 1028 2284 tametsi
1062 2246 1191 2298 aliqua
1220 2247 1456 2299 paupercula
1488 2253 1561 2294 est,
1580 2246 1711 2285 dotem
1741 2248 1776 2285 ei

306 2306 400 2344 satis
413 2312 603 2358 'magnam
624 2308 774 2346 confert
791 2308 866 2353 lex,
889 2309 921 2346 si
941 2307 1175 2347 mediocrem
1196 2308 1392 2347 duntaxat
1415 2322 1438 2347 a
1457 2315 1595 2347 natura
1612 2309 1776 2347 formam

307 2367 526 2418 acceperit:
555 2369 784 2420 proculcata
814 2376 943 2408 autem
966 2383 988 2408 a
1007 2370 1114 2408 vobis
1140 2369 1216 2408 hac
1236 2370 1338 2422 lege,
1358 2377 1410 2418 et,
1430 2370 1588 2410 muliere
1607 2370 1681 2409 ista
1708 2372 1775 2409 ab·

307 2428 451 2476 soluta,
470 2429 576 2468 irrita
596 2430 714 2476 facta,
734 2431 892 2469 omnino
905 2431 987 2482 jam
1006 2438 1221 2470 scortorum
1246 2439 1419 2483 quaestus
1441 2433 1490 2471 ad
1510 2433 1649 2471 civium
1676 2433 1776 2472 filias

307 2489 547 2539 devolvetur,
567 2505 654 2542 quae
673 2499 834 2543 propter
853 2492 1022 2544 inopiam
1043 2506 1120 2530 non
1143 2501 1327 2545 poterunt
1352 2494 1508 2541 elocari,
1528 2501 1645 2546 atque
1663 2495 1774 2546 inge-
1832 2542 1835 2545 Ι

307 2565 473 2590 nuarum
494 2553 696 2591 mulierum
714 2553 883 2605 dignitas
905 2555 955 2592 ad
974 2555 1209 2602 meretrices,
1235 2568 1323 2593 cum
1341 2556 1569 2607 permissum
1588 2556 1642 2594 eis
1661 2556 1777 2594 fuerit

309 2615 507 2666 suscipere
526 2615 667 2654 liberos
686 2629 755 2667 pro
777 2629 847 2654 sua
865 2616 1037 2663 libidine,
1053 2613 1097 2654 *et
1124 2616 1246 2663 festis,
1268 2623 1306 2655 et
1335 2617 1466 2664 sacris,
1493 2624 1532 2656 et
1561 2618 1774 2657 honoribus

309 2689 357 2714 ex
384 2690 498 2728 aequo
534 2678 608 2715 frui
638 2678 816 2717 civitatis.
875 2679 1005 2722 Quare
1030 2679 1174 2730 singuli
1199 2685 1332 2730 putate
1360 2692 1429 2717 vos
1451 2679 1548 2718 ferre
1576 2680 1773 2732 suffragia,

309 2738 406 2777 alius
425 2752 495 2790 pro
512 2753 644 2785 uxore,
667 2740 765 2778 alius
782 2753 852 2792 pro
871 2739 965 2786 filia,
987 2740 1083 2779 alius
1103 2754 1172 2792 pro
1193 2748 1327 2786 matre,
1348 2740 1445 2779 alius
1470 2755 1539 2793 pro
1565 2743 1773 2794 republica,

309 2807 348 2838 et
366 2801 530 2852 legibus,
550 2809 589 2840 et
609 2803 745 2849 sacris,
764 2816 813 2840 ne
835 2802 910 2840 illae
929 2802 1065 2841 eodem
1084 2802 1214 2840 haberi
1242 2802 1328 2840 loco
1355 2815 1443 2840 cum
1466 2805 1666 2843 meretrice
1697 2804 1774 2843 ista

313 2861 517 2901 videantur
534 2876 542 2901 :
574 2877 671 2903 neve
693 2864 730 2901 in
748 2877 892 2915 magna
911 2872 950 2902 et
972 2864 1158 2915 praeclara
1177 2864 1379 2916 modes—tia,
1395 2871 1435 2903 et
1450 2877 1556 2912 cura,
1582 2878 1610 2916 ‚a
1635 2879 1771 2918 paren-

310 2924 412 2964 tibus
431 2933 469 2964 et
488 2928 667 2978 cognatis
687 2927 877 2975 educatae,
898 2933 936 2964 et
965 2927 1015 2965 ad
1041 2927 1267 2980 praescripta
1284 2926 1412 2978 legum
1441 2927 1785 2979 elocatae‚,eadem,
