1915 3356
467 186 539 224 DE
570 186 716 224 MALE
747 186 924 224 GESTA
965 187 1299 227 LEGATIONE.
1564 190 1616 226 45

185 363 790 404 SENATUSCONSULTUM
830 361 1215 401 DEMOSTHENE
1257 362 1592 400 REFERENTE

761 423 1007 462 FACTUM.

224 502 563 540 TESTIMONIA
599 501 979 539 COLLEGARUM
1016 501 1089 539 DE
1123 501 1191 538 IIS
1224 500 1349 543 QUAE
1386 502 1553 540 DICTA

808 562 969 600 SUNT.

209 668 278 704 20.
308 666 523 716 Postquam
544 665 660 716 igitur
678 664 884 715 legationis
913 672 1000 703 acta
1019 665 1122 716 apud
1146 665 1329 716 populum
1359 666 1620 715 exposuimus,

149 727 348 782 'Ctesipho
369 727 513 777 primus
534 727 632 764 inter
651 739 738 771 nos,
760 733 916 777 propter
935 733 1103 772 aetatem,
1132 740 1220 764 curn
1242 727 1317 764 alia
1347 727 1456 774 dixit,
1476 734 1555 763 tum
1578 740 1624 765 ea

159 801 248 838 quae
282 788 454 825 dicturos
487 801 574 825 esse
601 801 685 833 nos,
714 800 803 841 cum
834 787 1101 826 Demosthene
1131 787 1417 838 pepigeramus,
1446 787 1538 824 item
1573 788 1623 825 de

159 849 384 888 affabilitate
414 849 595 901 Philippi,
622 857 662 887 et
680 849 804 886 forma
829 849 926 900 ejus,
946 856 985 886 et
1004 849 1235 887 dexteritate
1260 850 1296 886 in
1326 850 1623 900 compotationi-

157 911 245 948 bus.
295 912 392 949 Post
420 912 536 958 huno,
565 924 654 949 cum
686 911 931 949 Philocrates
958 919 997 949 et
1028 911 1238 962 Dercyllus
1267 925 1393 962 pauca
1421 913 1623 958 dixissent,

159 985 234 1023 ego
254 973 390 1023 prodii.
439 973 627 1011 Recitatis
648 980 774 1010 autem
796 973 933 1011 ceteris
954 972 1155 1023 legationis
1185 974 1294 1019 actis,
1317 974 1365 1010 ad
1394 987 1480 1010 eam
1508 974 1624 1011 etiam

158 1036 581 1082 commemorationem,
602 1049 688 1087 quae
706 1049 793 1074 cum
814 1035 976 1086 collegis
996 1035 1088 1072 mihi
1111 1042 1360 1081 convenerat,
1381 1049 1470 1073 cum
1491 1049 1625 1074 acces-

161 1098 314 1143 sissem,
366 1099 445 1136 dixi
483 1098 709 1150 Philippum
743 1098 961 1136 memoriter
1002 1105 1041 1135 et
1088 1097 1316 1148 eloquenter
1366 1099 1626 1149 respondisse.

159 1159 299 1210 Neque
331 1160 474 1198 oblitus
504 1174 662 1212 precum
693 1159 970 1197 Demosthenis
1001 1159 1140 1211 adjeci,
1170 1160 1204 1197 ei
1230 1167 1360 1210 partes
1391 1160 1546 1198 dicendi
1576 1161 1625 1199 de

159 1222 385 1273 Amphipoli
406 1223 611 1260 attributas
642 1223 776 1267 fuisse,
811 1223 841 1259 si
869 1222 964 1272 quid
989 1235 1061 1259 nos
1088 1223 1480 1273 praetermisissemus.
1530 1224 1627 1262 Post

159 1296 293 1321 omnes
313 1296 384 1321 nos
403 1291 619 1335 postremus
641 1285 764 1334 surgit
785 1283 1088 1329 Demosthenes,
1109 1291 1148 1320 et
1169 1284 1293 1330 vultu,
1314 1292 1357 1321 ut
1382 1284 1496 1330 solet,
1524 1299 1626 1336 prae-

160 1343 284 1395 stigiis
304 1344 432 1391 factis,
462 1351 579 1395 atque
610 1344 736 1395 capite
765 1344 960 1395 perfrict0‚
992 1357 1080 1381 cum
1113 1344 1300 1394 populum
1332 1346 1481 1383 videret
1513 1355 1627 1397 gestu

160 1405 253 1443 dare
283 1405 450 1455 signum,
478 1413 517 1443 et
536 1418 661 1443 meam
691 1406 928 1456 approbasse
958 1406 1185 1450 orationem,
1214 1412 1399 1456 utrosque
1428 1421 1470 1445 se
1499 1409 1628 1446 mirari

160 1466 271 1512 dixit,
289 1474 370 1503 tum
391 1467 456 1517 qui
476 1467 666 1512 audirent,
694 1474 777 1504 tum
797 1467 863 1517 qui
882 1467 1116 1516 legationem
1138 1468 1336 1514 obiissent,
1359 1470 1463 1519 quod
1483 1471 1625 1509 omisso

159 1534 348 1578 tempore,
369 1529 424 1565 illi
443 1529 698 1578 deliberandi,
714 1528 753 1565 hi
767 1528 811 1580 ‘in
827 1529 997 1565 medium
1016 1528 1261 1573 consulendi,
1277 1543 1419 1567 moram
1437 1531 1625 1579 facerent,

160 1589 273 1640 nugis
293 1590 506 1640 peregrinis
527 1590 700 1627 contenti
720 1589 759 1626 in
788 1591 904 1627 rebus
925 1590 1172 1633 domesticis;
1203 1589 1296 1627 nihil
1325 1592 1427 1629 enim
1458 1606 1545 1631 esse
1569 1595 1626 1633 fa-

160 1651 288 1697 cilius,
307 1664 420 1702 quam
442 1651 673 1702 legationem
699 1664 917 1689 recensere.

215 1713 277 1748 21.
310 1713 602 1751 Demonstrabo
623 1720 769 1758 autem,
790 1713 929 1764 inquit,
958 1713 1081 1759 vobis,
1103 1727 1191 1764 quae
1212 1713 1309 1751 ratio
1329 1713 1442 1765 hujus
1469 1716 1520 1754 rei
1542 1731 1630 1757 esse

161 1772 316 1811 debeat.
361 1776 420 1812 Ac
451 1774 566 1812 simul
586 1775 736 1812 recitari
762 1774 882 1825 jussit
906 1775 1164 1825 plebiscitum.
1211 1775 1300 1819 Quo
1320 1777 1495 1824 recitato,
1518 1780 1627 1827 dixit,

161 1847 234 1872 nos
253 1849 300 1872 ex
320 1835 395 1874 hoe
417 1836 585 1886 ablegati
617 1849 764 1882 sumus,
796 1843 834 1873 et
865 1849 952 1887 quae
985 1836 1047 1873 hio
1080 1837 1223 1886 scripta
1252 1845 1355 1882 sunt,
1385 1852 1429 1876 ea
1460 1841 1625 1890 egimus.

163 1897 273 1948 Cape
299 1910 394 1948 ergo
414 1897 528 1935 etiam
550 1897 692 1942 literas,
712 1910 809 1948 quas
827 1911 850 1935 a
871 1897 1052 1949 Philippo
1071 1897 1278 1936 afferimus.
1329 1900 1479 1943 Quibus
1500 1902 1626 1948 lectis,

159 1957 326 2005 habetis,
347 1959 482 2009 inquit,
501 1972 744 2010 responsum,
764 1966 884 1996 restat
902 1965 946 1996 ut
957 1959 1191 1997 deliberetis.
1223 1960 1402 1999 Excitato
1417 1970 1544 2001 autem
1566 1972 1627 2002 tu-

161 2021 300 2065 multu,
325 2022 375 2059 ab
400 2021 496 2065 aliis,
517 2021 623 2071 quod
652 2021 777 2058 brevis
804 2028 845 2059 et
861 2027 1014 2060 acutus.
1035 2034 1058 2058 a
1076 2021 1264 2071 pluribus,
1297 2024 1399 2072 quod
1429 2025 1628 2075 improbus

162 2089 279 2132 atque
298 2083 452 2121 invidus
473 2083 679 2127 videretur,
704 2082 832 2120 videte
854 2095 967 2133 porro
992 2082 1147 2132 (inquit)
1166 2091 1312 2132 quanto
1339 2087 1572 2135 compendio
1592 2095 1632 2126 et

163 2150 293 2182 cetera
315 2144 445 2182 omnia
469 2145 540 2182 sim
564 2144 872 2182 renunciaturuS.
902 2143 1022 2181 Visus
1040 2150 1100 2180 est
1118 2145 1300 2182 memoria
1318 2145 1458 2190 valere,
1482 2154 1522 2185 et
1547 2149 1628 2186 elo-

163 2206 321 2255 quentia
350 2206 550 2257 Philippus
576 2205 764 2244 AEschini.
793 2205 891 2242 Mihi
912 2217 1002 2242 vero
1022 2218 1100 2242 non
1121 2205 1224 2244 item.
1265 2206 1366 2244 Nam
1387 2208 1418 2245 si
1438 2209 1523 2258 quis
1551 2211 1627 2248 for-

151 2274 297 2305 tunam
317 2266 352 2304 ei
368 2267 589 2317 ademptam
611 2266 723 2304 alteri
742 2266 948 2304 tribueret:
976 2266 1008 2303 is
1030 2279 1107 2304 non
1121 2267 1242 2304 multo
1257 2275 1363 2305 esset
1377 2268 1440 2307 illo
1460 2270 1627 2312 inferior.

154 2329 282 2367 ,Visus
301 2336 360 2367 est
377 2329 622 2380 Ctesiphonti
634 2328 839 2380 splendido
858 2341 945 2366 esse
959 2328 1067 2365 vultu
1083 2328 1097 2365 ἲ
1129 2329 1227 2366 Mihi
1241 2343 1331 2368 vero
1344 2331 1410 2369 illo
1424 2346 1501 2370 non
1519 2333 1628 2373 dete-

150 2391 238 2429 -rior
250 2391 519 2428 Aristodemus
535 2390 682 2436 histrio,
698 2390 764 2441 qui
777 2397 920 2427 nostrae
933 2389 1116 2440 legationi
1132 2390 1315 2430 interfuit.
1336 2392 1529 2433 Memoria
1538 2409 1627 2434 eum

163 2453 324 2504 pollere,
344 2453 398 2490 ait
416 2452 582 2503 aliquis?
612 2453 714 2489 Sunt
734 2458 773 2489 et
793 2451 869 2489 alii.
901 2451 1094 2501 Egregius
1114 2459 1315 2504 compotor
1334 2454 1436 2491 fuit?
1464 2456 1518 2493 At
1537 2457 1629 2495 Phi-

149 2514 346 2559 locanes,
365 2513 429 2564 qui
451 2514 653 2551 nobiscum
680 2513 764 2557 fuit,
791 2512 908 2563 longe
928 2512 1035 2550 illum
1057 2521 1226 2564 superat.
1282 2515 1447 2553 Dicendi
1467 2517 1515 2554 de
1537 2519 1628 2556 Ain-

163 2575 310 2628 phipoli
330 2588 372 2613 se
391 2575 482 2612 mihi
499 2574 696 2624 reliquisse
712 2574 842 2611 locum
857 2574 911 2612 ait
925 2574 1090 2624 aliquis?
1122 2576 1178 2612 At
1197 2588 1267 2613 nec
1284 2576 1393 2614 vobis
1414 2585 1542 2615 orator
1556 2579 1629 2619 iste

151 2637 321 2679 ,dicendi
352 2637 482 2675 locum
503 2636 626 2682 daret,
641 2648 712 2673 nec
732 2635 836 2672 mihi.
870 2635 1013 2672 Verum
1035 2637 1118 2674 istae
1139 2650 1254 2686 nugae
1273 2645 1376 2682 sunt,
1396 2638 1532 2688 inquit,
1554 2653 1628 2691 ego

151 2711 258 2738 ,vero
276 2697 474 2736 decretum
495 2697 674 2742 scribam,
695 2704 734 2734 et
763 2709 849 2734 cum
871 2696 1126 2735 caduceatore
1142 2711 1166 2735 a
1183 2697 1360 2748 Philippo
1381 2700 1496 2738 misso
1518 2701 1630 2740 indu-

151 2761 246 2800 ,cias
274 2759 427 2805 faciam,
446 2765 485 2796 et
504 2772 591 2797 cum
611 2758 809 2796 mittendis
838 2758 913 2795 huc
933 2758 1095 2808 legatis:
1127 2761 1304 2798 curiones
1336 2774 1448 2811 porro
1470 2762 1630 2811 jubebo,

155 2822 232 2860 .ubi
252 2821 370 2869 legati
391 2820 575 2864 venerint,
594 2820 650 2858 eis
670 2820 777 2857 bidui
797 2819 1023 2857 concionem
1045 2833 1274 2866 convocare,
1293 2834 1369 2871 qua
1389 2818 1630 2869 deliberetur,

169 2883 305 2921 nonde
322 2895 414 2932 pace
435 2888 598 2927 tautum,
619 2882 687 2919 sod
707 2881 820 2919 etium
842 2880 890 2917 de
913 2881 1113 2925 societate,
1134 2889 1173 2919 et
1197 2895 1266 2919 uos
1287 2883 1452 2932 legatos,
1472 2884 1502 2922 si
1523 2886 1629 2936 digni

153 2944 354 2990 ,videnum
375 2942 545 2988 laudare,
561 2950 598 2981 ct
619 2955 754 2981 vocare
777 2942 826 2980 ml
848 2955 996 2980 coenam
1019 2943 1056 2979 iu
1085 2943 1228 2980 cuniam
1252 2944 1288 2980 iu
1309 2946 1532 2984 crastinum.
1579 2948 1627 2986 Ut
