1948 3306
328 218 405 254 606
691 215 981 254 ADVERSUS
1013 213 1372 253 PHAENIPPUM.

876 358 1226 398 DESCRIPTIO.

378 459 415 496 6.
446 457 534 500 Quo
565 456 680 507 igitur
712 457 787 494 alio
819 463 933 508 pacto
964 470 1030 507 per
1060 456 1155 496 deos
1182 465 1221 496 et
1246 458 1382 509 genios
1403 455 1689 495 ostendendum
1710 462 1784 503 est,

321 519 500 566 Judices,
520 519 640 557 teneri
658 518 914 570 Phaenippum
929 518 987 556 his
1009 532 1094 570 quae
1114 520 1215 558 lecta
1230 526 1332 566 sunt,
1348 532 1464 570 quam
1484 531 1560 570 quo
1580 531 1654 570 ego
1670 525 1784 569 pacto

322 596 427 621 nunc
448 580 638 621 ostendo?
682 581 760 620 Sed
781 589 908 619 tamen
928 581 1096 620 vicissim
1117 590 1275 634 questus
1291 590 1352 620 est
1371 581 1611 633 Phaenippus
1631 593 1692 618 me
1707 593 1784 618 non

321 652 424 684 recte
452 643 625 682 indicare
654 656 733 681 rem
761 643 1141 683 familiarem—adeo
1162 644 1272 683 facile
1292 644 1355 683 isti
1376 643 1479 695 apud
1493 656 1562 681 vos
1591 641 1785 680 mentiun-
1829 639 1834 649 ¹

321 713 451 752 tur—,
464 712 503 744 et
518 712 680 744 accusat
694 704 981 756 jusjurandum,
1001 706 1108 757 quod
1128 712 1217 744 ante
1233 706 1533 744 declarationem
1554 703 1659 751 dedi,
1679 703 1785 754 quod

321 769 491 820 exceptis
512 767 556 806 iis
583 780 670 818 quae
692 767 729 804 in
758 767 899 805 fodinis
922 768 1103 807 haberem
1122 768 1289 820 reliquas
1308 781 1402 819 opes
1424 767 1683 805 indicaturum
1699 778 1785 803 esse

320 843 383 869 me
404 843 489 869 sum
504 829 713 881 pollicitus,
733 829 845 880 quasi
864 843 954 868 vero
975 830 1025 867 ad
1045 830 1172 882 legum
1189 830 1454 882 praescriptum
1469 829 1617 881 jurare,
1637 826 1677 865 id
1697 840 1785 865 vero

320 892 370 930 sit
400 891 649 930 accusatione
675 890 851 941 dignum.
910 892 990 929 Vos
1018 899 1147 930 autem
1175 893 1308 939 nostis,
1342 891 1647 937 Judices‚—vos
1681 889 1785 928 enim

319 953 530 1000 tulistis—,
545 953 686 1004 legem,
706 965 793 1002 quae
812 966 967 1004 prorsus
999 953 1052 991 ita
1077 954 1260 1005 loquitur,
1279 967 1346 992 eos
1366 954 1430 1005 qui
1450 954 1546 992 inter
1567 966 1608 990 se
1628 965 1783 1003 permu-

319 1023 525 1064 tent,.cum
553 1017 645 1054 dato
667 1015 923 1067 jurejurando
953 1030 1043 1055 suas
1069 1030 1162 1069 opes
1191 1017 1407 1064 indicarint,
1429 1016 1544 1056 etiam
1565 1016 1641 1054 hoc
1654 1016 1786 1068 jurare

317 1078 472 1125 debere,
504 1078 708 1116 declaro
753 1091 874 1129 opes
913 1091 1043 1118 meas
1082 1086 1226 1119 recte
1262 1086 1308 1118 et
1338 1079 1501 1131 juste,
1537 1077 1599 1116 iis
1645 1091 1786 1117 exce-

315 1141 424 1192 ptis
461 1154 570 1192 quae
615 1139 660 1178 in
701 1141 1116 1191 argentifodinis
1162 1156 1179 1180 s
1197 1149 1300 1190 unt,
1331 1155 1428 1193 quas
1455 1141 1564 1193 leges
1595 1139 1784 1179 immunes

316 1203 508 1241 fecerunt.
562 1201 642 1240 Sed
662 1202 789 1253 legem
808 1203 934 1254 potius
961 1203 1084 1255 ipsam
1112 1204 1245 1243 recita.

994 1335 1116 1372 LEX.

368 1448 407 1485 7.
427 1446 570 1484 Verum
592 1446 796 1498 paululum
817 1459 952 1497 quaeso
973 1446 1096 1485 differ.
1129 1446 1212 1497 Ego
1234 1453 1272 1484 et
1290 1446 1394 1497 prius
1415 1445 1536 1484 obtuli
1554 1445 1784 1498 Phaenippo‚

313 1514 354 1547 et
373 1523 491 1555 nunc,
511 1509 688 1554 Judices,
709 1509 743 1547 ei
764 1508 869 1547 dono
889 1509 954 1556 do,
977 1516 1015 1547 et
1035 1509 1134 1547 cedo
1153 1523 1242 1547 cum
1265 1508 1421 1559 reliquis
1442 1508 1566 1555 bonis,
1588 1508 1702 1546 etiam
1725 1521 1783 1545 ar-

312 1571 579 1623 gentifodinis,
600 1571 631 1609 si
651 1571 743 1608 mihi
763 1570 889 1609 solum
911 1570 1074 1609 fundum
1102 1571 1265 1609 liberum
1285 1570 1500 1616 tradiderit,
1520 1577 1565 1608 ut
1584 1570 1670 1615 fuit,
1693 1583 1781 1608 cum

310 1646 384 1684 ego
405 1633 568 1684 primum
599 1633 638 1670 in
667 1646 756 1671 eum
776 1633 862 1671 veni
883 1632 1048 1671 testibus
1068 1633 1263 1680 adhibitis,
1284 1638 1335 1676 et,
1355 1639 1542 1683 quantum
1565 1645 1613 1670 ex
1633 1631 1782 1669 aedibns

310 1695 493 1733 frumenti
513 1701 553 1733 et
573 1694 649 1733 vini
670 1694 814 1739 evexit,
834 1701 875 1732 et
896 1703 1041 1733 caetera
1060 1708 1147 1746 quae
1167 1694 1334 1732 sublatis
1364 1694 1482 1746 signis
1499 1708 1522 1733 a
1541 1693 1687 1732 foribus
1714 1694 1783 1731 ab·

311 1756 433 1804 stulit‚
455 1771 501 1796 ea
521 1757 559 1795 in
585 1757 752 1796 eundem
780 1757 909 1795 locum
936 1757 1160 1795 restituerit.
1218 1756 1268 1794 Et
1289 1756 1382 1807 quid
1408 1756 1537 1794 dicere
1557 1762 1596 1794 et
1614 1755 1783 1794 clamare

309 1819 470 1870 pergis?
509 1819 638 1857 Multa
660 1833 734 1870 ego
753 1819 860 1871 prius
880 1832 927 1856 ex
950 1818 1261 1869 argentifodinis‚
1279 1817 1504 1870 Phaenippe,
1524 1825 1679 1868 meopte
1699 1830 1782 1855 cor-

307 1894 402 1932 pore
430 1881 610 1919 laborans
632 1889 671 1919 et
691 1881 916 1932 quaeritans,
940 1880 1092 1932 collegi,
1114 1880 1262 1918 fateor:
1293 1893 1398 1918 nunc
1428 1893 1532 1926 ver0,
1551 1879 1686 1930 paucis
1716 1892 1782 1916 ex-

309 1943 445 1994 ceptis,
475 1944 606 1981 omnia
633 1943 799 1995 perdidi.
857 1944 916 1981 Tu
945 1957 1048 1990 vero,
1082 1957 1102 1981 e
1137 1943 1259 1981 fundo
1288 1949 1356 1981 tuo
1385 1942 1559 1981 vendens
1588 1942 1780 1980 hordeum

308 2006 524 2044 octodecim
543 2006 736 2044 drachmis
757 2012 798 2044 et
817 2006 946 2044 vinum
964 2005 1173 2044 duodecim
1190 2005 1399 2052 drachmis,
1419 2019 1497 2043 non
1527 2006 1575 2043 ab
1599 2018 1639 2043 re
1671 2003 1780 2043 dives

306 2081 363 2114 es,
384 2068 415 2105 si
435 2068 618 2107 frumenti
647 2068 864 2106 medimnos
893 2068 1029 2107 feceris
1056 2067 1219 2120 amplius
1245 2067 1363 2114 mille,
1395 2067 1469 2106 vini
1497 2073 1679 2106 metretas
1699 2080 1778 2105 am-

306 2130 409 2180 plius
443 2131 702 2182 octingentas.
761 2131 951 2182 Nunquid
985 2130 1100 2182 igitur
1138 2130 1307 2169 eundem
1340 2143 1412 2169 nos
1446 2130 1617 2168 ordinem
1648 2136 1778 2168 tenere

308 2191 433 2238 decet,
454 2207 541 2231 cum
574 2206 677 2231 nunc
708 2193 783 2231 alia
803 2193 840 2230 in
863 2193 1020 2231 fortuna
1051 2194 1171 2231 simus
1191 2206 1304 2244 quam
1330 2192 1475 2231 antea?
1507 2192 1789 2244 Nequaquam„

306 2266 382 2292 non
403 2255 666 2306 enimjustum
691 2255 821 2293 fuerit.
882 2255 1060 2293 Succede
1091 2262 1130 2293 et
1159 2262 1215 2303 tu,
1244 2262 1329 2294 esto
1359 2255 1409 2294 ad
1438 2268 1600 2306 parvum
1625 2261 1778 2306 tempus

305 2315 343 2354 in
366 2316 491 2354 classe
521 2330 684 2355 munera
715 2318 956 2364 obeuntium,
976 2324 1179 2369 postquam
1208 2331 1295 2356 cum
1329 2316 1533 2356 metallicis
1564 2316 1665 2355 male
1698 2316 1779 2368 agi-

305 2385 392 2425 turs
412 2393 481 2418 vos
519 2387 647 2418 autem
681 2380 864 2431 agricolae
897 2380 1050 2418 ditiores
1087 2381 1193 2427 estis,
1225 2395 1340 2431 quam
1377 2381 1595 2432 oportebat.
1673 2379 1777 2418 Satis

305 2442 408 2479 enim
442 2442 506 2480 diu
539 2442 690 2480 duobus
723 2443 964 2494 patrimoniis
997 2443 1151 2489 frueris,
1172 2442 1294 2481 altero
1321 2443 1510 2481 naturalis
1541 2442 1662 2495 patris
1686 2442 1777 2481 Cal-

304 2504 412 2556 lippi,
431 2505 552 2543 altero
574 2505 746 2556 adoptivi
769 2504 996 2542 Philostrati
1027 2505 1215 2543 oratoris:
1246 2518 1375 2555 neque
1394 2504 1454 2543 his
1475 2517 1647 2557 unquam
1666 2503 1776 2554 quic-

304 2581 421 2619 quam
452 2567 678 2620 praestitisti.
735 2568 793 2605 Ac
821 2581 929 2606 meus
950 2567 1107 2618 quidem
1141 2573 1253 2618 pater
1284 2567 1448 2618 utrique,
1469 2573 1508 2606 et
1526 2565 1619 2604 mihi
1639 2573 1680 2604 et
1698 2565 1776 2604 fra-

302 2629 363 2676 tri,
380 2629 653 2681 patrimonium
674 2629 827 2679 reliquit
844 2628 1104 2680 quadraginta
1122 2628 1292 2680 quinque
1309 2628 1512 2674 minarum,
1531 2627 1636 2665 unde
1656 2627 1775 2665 vitam

301 2698 521 2730 sustentare
555 2691 662 2730 haud
695 2690 811 2728 facile
846 2698 931 2728 est:
977 2691 1032 2728 tui
1060 2704 1151 2728 vero
1175 2697 1304 2742 patres
1331 2696 1480 2728 tantam
1506 2689 1677 2727 habuere
1708 2703 1775 2741 pe-

301 2754 472 2800 cuniam,
506 2761 551 2792 ut
587 2761 748 2805 uterque
788 2753 978 2805 tripodem
1021 2752 1222 2800 dedicarit,
1251 2752 1289 2789 in
1318 2750 1622 2790 Bacchanalium
1651 2751 1774 2789 aedili-

300 2822 380 2854 tate
399 2817 533 2855 victor.
591 2817 729 2868 Neque
753 2829 843 2854 vero
866 2815 1045 2852 invideo:
1077 2814 1223 2852 debent
1252 2813 1352 2852 enim
1386 2827 1409 2852 a
1441 2813 1622 2851 divitibus
1646 2812 1774 2865 juvari

302 2878 420 2917 cives.
486 2880 543 2916 Tu
572 2887 700 2918 autem
728 2887 766 2917 te
802 2877 965 2916 ostende
999 2877 1060 2915 vel
1090 2890 1209 2914 unum
1241 2875 1455 2914 teruncium
1484 2875 1521 2912 in
1561 2874 1773 2926 rempubli-

301 2953 386 2978 cam
420 2941 644 2988 contulisse,
667 2941 732 2992 qui
763 2940 841 2978 duo
867 2938 1052 2977 munifica
1082 2937 1313 2990 patrimonia
1343 2936 1667 2989 suscepistiz‘sed
1695 2949 1773 2974 non

299 3002 496 3041 ostendes.
555 3003 763 3042 Occultare
787 3002 887 3041 enim
919 3009 958 3040 et
988 3000 1231 3052 tergiversari
1253 3006 1292 3038 et
1310 2999 1405 3038 nihil
1439 3006 1517 3039 non
1543 2998 1687 3046 facere,
1722 3011 1771 3037 ne
