1915 3356
669 191 729 229 IN
759 189 1215 229 CTESIPHONTEM.
1600 191 1671 228 119

209 294 480 346 Areopagitico
509 300 629 333 morte
657 294 868 333 mulctatus
897 300 967 332 est.
1028 293 1137 330 Alter
1168 293 1260 331 item
1292 291 1463 344 privatus
1489 291 1672 330 Rhodum

209 355 298 393 navi
317 356 530 406 profectus,
563 357 669 407 quod
701 364 846 394 metum
870 355 1053 405 publicum
1075 367 1152 391 non
1172 354 1329 392 viriliter
1359 353 1526 400 tulisset,
1552 367 1675 404 nuper

209 413 315 452 laesae
348 416 559 467 majestatis
590 417 811 467 postulatus
839 421 910 461 est,
933 420 972 451 et
1001 426 1115 465 pares
1137 413 1306 452 calculos
1327 414 1488 452 habuit:
1519 415 1623 465 quod
1644 414 1677 452 si

209 489 313 514 unus
333 477 523 516 duntaxat
540 478 713 516 calculus
731 477 840 515 aliter
859 476 1081 522 cecidisset,
1102 482 1170 513 aut
1189 477 1470 514 exterminatus
1487 485 1591 515 esset
1611 483 1678 515 aut

210 537 324 575 morti
345 539 539 578 addictus.
583 539 684 576 Cum
704 538 763 575 his
783 537 901 588 igitur
922 537 960 575 id
980 537 1086 588 quod
1105 550 1208 574 nunc
1228 538 1271 574 fit
1290 538 1548 576 conferamus.
1579 539 1677 576 Ora-

211 603 272 635 tor
286 599 442 649 quidam
461 600 648 638 malorum
669 600 840 637 omnium
860 600 1006 636 civitati
1027 606 1161 637 auctor
1180 599 1310 636 locum
1330 599 1368 636 in
1391 599 1471 637 acie
1492 600 1677 646 deseruit,

210 672 260 696 ex
280 661 374 698 urbe
392 662 588 712 profugit:
619 661 651 699 is
684 674 725 699 se
751 674 898 699 corona
926 661 1061 699 donari
1094 660 1268 711 postulat
1297 667 1336 698 et
1365 662 1554 711 praeconis
1585 675 1680 700 voce

211 722 413 771 praedicari
443 729 620 773 oportere
642 730 786 761 censet.
827 723 919 761 Non
938 736 1008 761 vos
1029 722 1224 760 hominem
1243 728 1288 759 ut
1306 734 1550 760 communem
1571 723 1681 761 Grae-

211 795 345 820 corum
377 790 528 833 pestem
562 785 833 831 amandabitis,
870 792 937 823 aut
968 785 1307 835 comprehensum,
1335 791 1521 834 tanquam
1555 798 1681 822 rerum

212 844 436 895 praedonem
457 846 581 884 verbis
603 848 707 897 quasi
727 847 874 897 navigio
894 860 964 898 per
984 846 1262 898 rempublicam
1293 846 1557 897 navigantem,
1589 860 1681 898 sup-

211 906 326 957 plicio
348 907 554 946 afficietis?
584 910 643 947 Ac
662 903 844 960 temporis
865 922 1020 960 quoque
1040 922 1232 947 memores
1254 908 1348 954 sitis,
1369 909 1407 946 in
1428 922 1504 960 quo
1526 916 1682 947 senten-

213 967 308 1005 tiam
326 970 602 1019 pronuntiatis,
633 970 789 1008 Paucos
804 971 886 1022 jam
912 971 1013 1008 intra
1032 971 1114 1008 dies
1134 970 1277 1022 Pythia
1295 969 1427 1008 futura
1453 978 1544 1009 sunt
1570 971 1683 1009 Grae-

213 1041 426 1081 corumque
444 1038 608 1083 cogetur
627 1040 841 1071 conventus
858 1046 868 1076 ;
899 1046 1041 1083 magna
1059 1033 1134 1070 hoc
1153 1032 1239 1083 ipso
1271 1039 1444 1083 tempore
1464 1032 1608 1070 invidia
1627 1034 1683 1070 la-

214 1092 329 1130 borat
352 1093 489 1132 civitas
510 1101 643 1132 nostra
660 1102 818 1147 propter
838 1094 1116 1133 Demosthenis
1142 1095 1182 1131 in
1206 1107 1286 1144 rep.
1310 1094 1481 1144 gerenda
1499 1095 1681 1133 consilia:

217 1154 249 1192 si
270 1154 386 1206 igitur
404 1155 509 1195 hunc
521 1170 666 1195 corona
686 1157 896 1204 donabitis,
916 1170 1004 1195 cum
1024 1157 1070 1195 iis
1096 1157 1162 1207 qui
1182 1169 1426 1194 communem
1445 1169 1582 1207 pacem
1602 1157 1683 1194 vio-

215 1217 300 1255 lant
318 1220 538 1258 consentire
555 1220 792 1268 videbimini,
812 1220 872 1258 sin
893 1219 1003 1258 aliter
1023 1219 1205 1266 feceritis,
1224 1218 1413 1270 populum
1432 1218 1493 1256 his
1520 1218 1688 1256 crimini-

217 1279 290 1317 bus
307 1281 531 1319 absolvetis.

272 1342 338 1380 94.
369 1342 430 1380 Ne
451 1342 566 1393 igitur
594 1343 707 1394 quasi
738 1342 787 1381 de
807 1342 934 1380 aliena
958 1342 1114 1380 civitate
1136 1341 1203 1380 sed
1235 1349 1280 1379 ut
1302 1342 1350 1380 de
1380 1349 1512 1380 vestra
1538 1343 1690 1394 propria

219 1403 427 1451 consulite,
453 1417 580 1454 neque
598 1405 766 1443 honores
796 1403 966 1455 spargite
995 1404 1064 1441 sed
1077 1404 1229 1473 judicio
1250 1403 1423 1442 adhibito
1444 1404 1620 1449 tribuite;
1653 1413 1692 1443 et

221 1466 379 1516 praemia
403 1465 441 1502 in
471 1466 693 1504 melioribus
723 1466 896 1517 personis
929 1466 1098 1516 virisque
1127 1467 1251 1517 inagis
1284 1467 1456 1517 probatis
1486 1467 1690 1514 collocate,

222 1540 348 1578 neque
368 1527 493 1565 solum
518 1528 674 1586 auribus
695 1528 937 1597 erquirentes,
969 1528 1039 1566 sed
1065 1529 1181 1566 etiam
1203 1528 1356 1565 oculis
1349 1541 1387 1565 111
1409 1536 1560 1566 vosmet
1585 1529 1689 1579 ipsos

222 1590 432 1635 conversis,
454 1589 646 1659 dispicite,
666 1589 824 1641 quinam
843 1596 1016 1628 vestium
1037 1590 1293 1628 Demostheni
1314 1590 1392 1627 sint
1410 1603 1520 1641 opem
1550 1590 1688 1628 laturi
1677 1591 1692 1615 ⁹

225 1652 418 1689 Utrumne
438 1652 505 1702 qui
530 1652 602 1703 ipsi
621 1653 660 1690 in
680 1658 837 1699 venatu,
857 1665 906 1689 an
926 1652 992 1702 qui
1019 1652 1058 1689 in
1078 1651 1352 1690 certaminibus
1374 1653 1576 1703 gymnicis,
1599 1653 1691 1690 dum

223 1719 331 1752 esset
358 1713 607 1760 adolescens,
645 1714 739 1752 socii
772 1713 959 1752 fuerunt?
991 1715 1048 1752 At
1075 1714 1223 1752 medius
1250 1714 1388 1752 fidius!
1420 1727 1497 1752 non
1523 1715 1561 1752 in
1589 1715 1691 1765 apris

223 1775 466 1814 silvestribus
488 1775 740 1822 insectandis,
769 1789 848 1814 non
878 1776 916 1813 in
949 1776 1120 1827 corporis
1148 1775 1371 1814 valetudine
1404 1776 1578 1814 curanda
1608 1790 1693 1814 ver-

225 1843 332 1876 satus
352 1844 426 1885 est,
445 1838 512 1876 sed
531 1838 570 1876 in
590 1838 779 1877 machinis
807 1838 992 1877 adversus
1018 1838 1272 1889 locupletium
1297 1838 1475 1876 fortunas
1498 1839 1694 1877 struendis

224 1900 340 1938 vitam
360 1899 555 1950 produxit.

277 1963 343 1999 95.
376 1961 454 1999 Sed
482 1975 551 2000 vos
571 1961 836 2012 arrogantiam
856 1961 1025 1999 hominis
1049 1968 1390 2012 spectantes,cum
1419 1961 1524 2000 dicet
1553 1975 1595 2000 se
1616 1962 1695 2014 By-

224 2024 392 2062 zantium
411 2024 607 2074 legatione
634 2037 654 2061 e
675 2023 847 2075 Philippi
869 2024 1048 2062 manibus
1066 2025 1287 2070 extorsisse,
1309 2024 1537 2063 Acarnanas
1559 2026 1607 2063 ad
1628 2027 1697 2065 de-

225 2085 437 2124 ficiendum
457 2085 688 2131 concitasse,
713 2085 909 2123 Thebanis
931 2085 1185 2123 concionibus
1206 2086 1285 2123 suis
1305 2086 1488 2124 attonitos
1509 2087 1697 2138 rapuisse,

227 2160 349 2186 —vos
379 2147 480 2185 enim
501 2160 548 2185 eo
561 2147 645 2198 jam
679 2146 852 2185 stultitiae
882 2147 1123 2198 processisse
1150 2148 1372 2201 arbitratur,
1401 2154 1444 2185 ut
1471 2148 1586 2186 etiam
1613 2149 1698 2187 haec

228 2209 412 2248 credituri
444 2209 541 2255 sitis,
569 2208 734 2260 proinde
769 2209 881 2260 quasi
915 2209 1088 2247 Suadam
1123 2209 1161 2246 in
1199 2210 1294 2247 urbe
1323 2216 1452 2247 vestra
1480 2223 1559 2247 non
1592 2211 1698 2248 calu-

227 2272 455 2310 mniatorem
469 2271 598 2309 alatis.
631 2270 732 2308 Cum
750 2270 918 2321 denique
938 2270 977 2308 in
998 2278 1169 2309 extrema
1182 2272 1267 2322 jam
1286 2271 1470 2310 orationis
1486 2279 1595 2323 parte
1616 2286 1697 2311 sor-

229 2335 337 2373 dium
359 2347 517 2373 suarum
547 2333 673 2372 socios
705 2334 776 2372 sibi
811 2340 1001 2379 accerset‚
1028 2333 1162 2385 fingite
1188 2347 1258 2372 vos
1279 2334 1418 2372 intueri
1444 2334 1519 2372 hoc
1548 2335 1632 2386 ipso
1662 2337 1700 2374 in

230 2402 435 2448 suggestu,
455 2408 531 2446 quo
550 2408 625 2447 ego
642 2408 747 2433 nunc
760 2394 946 2433 insistens
962 2395 1114 2446 loquor,
1133 2403 1269 2434 contra
1283 2396 1522 2447 petulantem
1539 2396 1699 2435 istorum

230 2458 518 2511 improbitatem
538 2456 658 2500 reluti
680 2457 761 2495 acie
780 2457 990 2496 instructos
1011 2457 1112 2495 viros
1134 2457 1278 2508 optime
1309 2458 1357 2496 de
1392 2458 1591 2509 republica
1620 2471 1700 2496 me-

231 2521 346 2565 ritos;
378 2519 562 2558 Solonem
582 2519 647 2570 qui
667 2518 934 2570 pulcherrimis
954 2519 1105 2571 legibus
1121 2520 1318 2571 popularis
1338 2520 1610 2558 dominationis
1623 2528 1700 2559 sta-

234 2589 317 2621 tum
337 2582 552 2630 exornavit,
573 2582 699 2620 virum
721 2587 760 2621 et
791 2582 994 2634 sapientiae
1017 2582 1148 2620 studio
1174 2582 1350 2620 deditum
1375 2589 1413 2621 et
1442 2583 1570 2634 legum
1606 2584 1699 2622 scri-

232 2651 382 2697 ptorem
396 2650 662 2696 praestantem,
679 2643 883 2696 pudenter,
896 2651 939 2682 ut
953 2644 986 2682 ei
1006 2644 1277 2691 conveniebat,
1292 2658 1361 2683 vos
1378 2646 1638 2684 obtestantem
1653 2659 1702 2685 ne

234 2706 316 2744 ullo
331 2707 448 2745 modo
469 2706 749 2745 Demosthenis
769 2707 979 2745 conciones
1001 2706 1119 2758 pluris
1139 2720 1252 2757 quam
1275 2714 1518 2746 sacramenta
1538 2715 1576 2745 et
1597 2708 1704 2759 leges

235 2767 412 2812 faciatis3
435 2768 644 2807 Aristidem
663 2768 729 2820 qui
747 2769 955 2820 vectigalia
977 2768 1127 2807 Graecis
1142 2771 1339 2807 communia
1359 2769 1574 2820 descripsit,
1594 2774 1703 2818 cujus

236 2830 413 2868 defuncti
431 2828 531 2867 filias
549 2830 719 2882 populus
746 2831 784 2868 in
815 2831 1102 2868 matrimonium
1122 2831 1342 2876 collocavit,
1376 2831 1703 2870 contumeliosum

230 2891 394 2943 justitiae
422 2891 630 2930 ludibrium
666 2892 991 2938 stomachantem,
1028 2899 1347 2944 percunctantem
1384 2906 1512 2944 porro,
1544 2906 1592 2931 an
1624 2907 1700 2932 non

238 2966 308 2992 vos
332 2953 491 3005 pudeat,
511 2967 600 2992 cum
618 2955 784 3005 majores
808 2954 923 2993 vestri
945 2954 1161 2993 Arthmium
1192 2954 1369 2999 Zelitam‚
1391 2956 1496 3005 quod
1526 2968 1656 2993 aurum
1679 2968 1700 2992 a
