1915 3356
650 188 705 225 lN
743 187 1188 226 CTESIPHONTEM.
1608 192 1681 228 105

217 289 270 327 At
289 290 447 340 praemia
468 296 506 328 et
525 303 678 328 coronae
698 297 736 328 et
754 290 949 341 praeconia
968 296 1008 328 et
1026 290 1271 340 quotidianus
1287 291 1409 330 victus
1429 292 1467 329 in
1488 291 1682 344 Prytaneo

214 357 342 388 utrum
362 358 453 389 tunc
474 359 584 390 erant
614 366 663 390 an
683 366 787 390 nunc
808 351 1030 390 crebriora?
1059 351 1168 389 Tunc
1188 354 1262 390 rari
1285 353 1389 404 apud
1409 366 1480 391 nos
1501 353 1682 400 honores,

212 419 306 450 tunc
334 413 484 451 virtutis
514 427 655 452 nomen
675 414 713 450 in
735 414 859 464 pretio
880 419 975 458 erat,
995 425 1099 449 nunc
1118 426 1208 450 vero
1229 428 1289 451 res
1307 415 1392 465 ipsa
1407 415 1629 461 obsolescit,
1646 423 1685 453 et

212 487 379 512 coronas
395 488 464 512 vos
486 488 563 513 non
585 475 748 513 consilio
767 474 836 511 sed
857 486 905 510 ex
921 473 1204 511 consuetudine
1227 475 1394 514 donatis.

256 537 325 573 60.
354 536 495 574 Nonne
511 536 598 574 haec
615 536 731 586 igitur
745 534 1054 586 expendentibus
1070 536 1168 572 robis
1183 536 1393 573 absurdum
1418 537 1555 576 merito
1575 538 1682 575 vide-

210 602 274 633 tur
287 597 447 647 praemia
466 610 572 634 nunc
590 595 842 642 increbuisse,
860 595 1025 633 civitatis
1045 609 1138 647 opes
1160 602 1241 632 tum
1262 596 1426 647 majores
1443 611 1557 647 quam
1578 612 1680 637 nunc

208 656 352 700 fuisse3
384 657 486 695 viros
506 670 610 694 nunc
640 670 727 694 esse
747 657 967 707 nequiores,
989 664 1082 695 tunc
1102 657 1223 695 multo
1249 658 1565 709 praestantiores?
1597 661 1681 711 Ego

207 727 351 766 autem,
368 721 616 770 quamobrem
638 719 713 757 hoc
732 719 785 757 ita
803 720 857 764 fit,
880 718 1085 757 ostendere
1106 720 1215 758 vobis
1232 721 1417 758 conabor.
1462 720 1677 767 putatisne,

205 780 482 826 Athenienses,
504 781 677 819 futurum
694 794 866 831 unquam
887 781 1021 827 fuisse,
1043 782 1108 833 qui
1130 795 1170 833 se
1185 782 1245 819 vel
1268 782 1317 819 ad
1334 782 1532 834 Olympia,
1550 783 1610 821 vel
1631 785 1680 821 ad

206 842 313 880 aliud
333 842 490 893 aliquod
511 850 705 882 certamen
739 844 778 881 in
809 856 886 893 quo
908 856 1063 881 coronae
1095 844 1303 889 donentur,
1334 857 1515 883 exercere
1547 845 1679 892 vellet,

206 903 257 941 ad
278 904 531 943 Pancratium
551 912 619 942 aut
636 904 741 942 aliud
757 904 966 955 quodpiam
988 904 1175 955 gravioris
1191 904 1308 942 luctae
1324 918 1461 956 genus,
1480 906 1510 943 si
1531 918 1677 945 corona

204 966 422 1004 traderetur
445 980 523 1004 non
544 965 862 1017 praestantissimo
885 966 953 1003 sed
974 966 1009 1003 ei
1038 967 1104 1017 qui
1124 966 1235 1004 malis
1257 967 1405 1004 artibus
1429 967 1550 1017 ipsam
1582 981 1676 1005 con—

205 1034 365 1066 secutus
395 1028 530 1066 esset?
560 1028 688 1066 Nemo
709 1027 841 1065 hercle
862 1041 902 1066 se
928 1034 1136 1066 exerceret.
1199 1027 1316 1066 Nunc
1349 1035 1494 1075 autem,
1527 1030 1676 1080 opinor,

201 1096 363 1140 propter
390 1090 599 1137 raritatem,
631 1096 790 1141 propter
816 1084 1119 1137 contentionem,
1149 1089 1286 1137 decus,
1315 1090 1479 1141 gloriam
1509 1091 1676 1142 denique

200 1151 474 1202 sempiternam
494 1165 584 1202 quae
603 1151 805 1189 victoriam
826 1151 1011 1202 sequitur,
1027 1151 1272 1202 reperiuntur
1291 1152 1469 1190 nonnulli
1489 1153 1570 1203 qui,
1590 1166 1676 1191 cor-

201 1214 358 1264 poribus
380 1214 460 1251 suis
481 1214 647 1251 fortunae
668 1213 864 1264 permissis
886 1213 1201 1266 gravissimisque
1221 1214 1419 1252 laboribus
1454 1215 1675 1262 exantlatis,

198 1275 414 1326 periculum
435 1275 541 1313 adire
569 1275 745 1325 cupiunt.
781 1274 977 1318 Quocirca
1008 1274 1141 1325 fingite
1173 1288 1243 1313 vos
1271 1288 1359 1313 esse
1387 1277 1606 1314 certaminis
1626 1277 1675 1315 de

198 1337 338 1375 virtute
372 1336 473 1375 civili
506 1335 671 1374 arbitros
709 1336 959 1382 constitutos,
994 1342 1110 1385 atque
1146 1336 1245 1374 illud
1280 1336 1392 1373 simul
1429 1338 1612 1387 cogitate,
1642 1339 1674 1375 si

192 1398 333 1449 paucis
354 1406 395 1436 et
422 1398 549 1449 dignis
579 1404 618 1436 et
648 1398 864 1435 secundum
896 1397 1004 1449 leges
1035 1397 1197 1448 praemia
1230 1398 1421 1444 tribuatis,
1454 1399 1673 1449 complures

198 1474 267 1498 vos
293 1460 442 1498 virtutis
476 1466 686 1498 certatores
714 1459 915 1497 habituros
933 1472 941 1496 :
975 1459 1033 1496 sin
1067 1459 1188 1496 cuivis
1221 1465 1258 1496 et
1285 1459 1339 1496 eis
1372 1459 1437 1509 qui
1471 1461 1673 1500 ambierint

197 1521 477 1573 gratificemini,
497 1521 608 1559 etiam
630 1522 735 1558 bona
750 1520 903 1578 ingenia
919 1526 1184 1569 corrupturos.

249 1584 315 1620 61.
346 1582 445 1620 Haec
472 1588 601 1619 autem
623 1588 726 1618 recte
747 1593 769 1618 a
789 1592 849 1617 me
880 1580 983 1616 dicta
1011 1593 1109 1625 esse,
1140 1581 1374 1619 luculentius
1406 1582 1524 1633 paulo
1558 1584 1667 1622 vobis

192 1645 288 1684 libet
306 1657 514 1696 exponere.
553 1643 649 1680 Uter
668 1642 777 1680 vobis
800 1641 854 1680 vir
880 1641 1012 1679 melior
1039 1641 1159 1679 fuisse
1189 1642 1344 1680 videtur
1365 1644 1666 1692 Themistocles,

195 1721 272 1759 quo
291 1707 391 1745 duce
411 1705 541 1744 navali
561 1703 886 1758 apuduSalamina
904 1703 1039 1755 praelio
1069 1704 1229 1742 Persam
1254 1705 1417 1751 vicistis,
1439 1719 1487 1744 an
1516 1709 1581 1757 qui
1610 1708 1668 1746 lo-

194 1781 284 1808 cum
319 1769 359 1807 in
389 1769 471 1807 acie
506 1766 678 1805 deseruit
714 1765 1030 1804 Demosthenes?
1072 1766 1271 1804 Miltiades
1314 1767 1380 1817 qui
1418 1768 1669 1808 Marathonia

190 1845 323 1884 pugna
353 1832 538 1883 barbaros
571 1828 778 1880 superavit,
800 1841 847 1865 an
875 1827 975 1865 iste?
1005 1828 1054 1878 [Ii
1087 1826 1270 1878 denique,
1291 1829 1357 1878 qui
1390 1830 1577 1880 populum
1598 1845 1664 1869 QX-

192 1894 387 1932 sulantem
421 1905 444 1929 a
465 1890 588 1942 Phyle
608 1890 844 1928 reduxerunt
858 1888 890 1938 ?]
928 1895 967 1926 et
993 1888 1184 1927 Aristides
1215 1889 1293 1935 ille,
1323 1890 1388 1940 qui
1417 1892 1666 1941 cognomine,

192 1957 358 1996 multum
376 1955 432 1993 illi
452 1954 559 2006 quod
590 1951 878 1991 Demosthenes
907 1951 1026 1989 habet
1056 1951 1246 1996 dissimili,
1275 1951 1412 1990 Justus
1447 1954 1665 2004 appellatus

193 2019 284 2059 est?
314 2018 458 2056 Verum
481 2029 570 2067 ego,
603 2028 672 2066 per
692 2013 788 2052 deos
820 2014 1076 2058 immortales,
1107 2027 1156 2051 ne
1177 2013 1315 2051 iisdem
1336 2014 1492 2064 quidem
1527 2016 1665 2055 diebus

191 2083 252 2120 fas
270 2093 359 2119 esse
378 2079 557 2118 existimo
578 2077 626 2115 de
641 2076 714 2115 hac
734 2076 866 2114 bellua
881 2082 920 2114 et
938 2076 986 2114 de
1000 2076 1089 2113 viris
1107 2075 1180 2112 illis
1201 2076 1436 2115 meminisse.
1469 2078 1666 2117 Ostendat

189 2143 308 2196 igitur
329 2143 365 2181 in
399 2141 572 2180 oratione
593 2152 664 2178 sua
692 2138 996 2184 Demosthenes,
1017 2137 1141 2176 sicubi
1172 2137 1372 2176 decretum
1405 2138 1467 2185 sit,
1489 2146 1531 2176 ut
1559 2141 1664 2190 quis-

190 2218 310 2257 quam
327 2203 482 2242 ill'orum
497 2203 665 2241 virorum
684 2214 830 2239 corona
853 2199 1075 2238 donaretur.
1116 2199 1297 2250 Ingratus
1318 2213 1410 2251 ergo
1434 2208 1517 2239 erat
1538 2214 1662 2252 popu-

191 2267 281 2306 lus?
310 2266 489 2313 Minime,
509 2265 586 2303 imo
606 2270 646 2302 et
663 2263 810 2302 excelsi
830 2261 946 2300 animi
961 2262 1116 2311 populus
1136 2261 1223 2309 fuit,
1246 2270 1285 2300 et
1304 2262 1358 2299 illi
1387 2263 1451 2313 qui
1471 2263 1574 2300 hunc
1594 2264 1662 2302 ho-

189 2342 324 2369 norem
343 2342 422 2366 non
439 2327 569 2378 adepti
590 2333 683 2365 sunt
702 2325 857 2364 civitate
874 2324 948 2363 hac
968 2323 1200 2373 dignissimi.
1246 2323 1335 2361 Non
1356 2325 1458 2362 enim
1480 2338 1521 2362 se
1542 2325 1580 2362 in
1603 2333 1661 2363 ta-

187 2391 292 2430 bulis
325 2389 551 2430 decretoriis
580 2388 768 2426 honorem
799 2399 911 2424 suum
932 2399 1077 2437 ponere
1107 2385 1248 2423 debere
1269 2386 1495 2431 censebant,
1518 2387 1587 2425 sed
1621 2387 1657 2424 in

187 2466 322 2493 eorum
341 2452 481 2504 quibus
500 2452 602 2489 bene
623 2449 811 2488 fecissent
829 2448 1029 2493 memoria,
1050 2460 1137 2498 quae
1159 2447 1314 2500 quidem
1337 2459 1384 2484 ex
1404 2447 1468 2484 illo
1484 2454 1658 2499 tempore

188 2516 238 2554 ad
259 2516 364 2553 hunc
382 2526 509 2564 usque
529 2512 631 2551 diem
649 2518 782 2549 manet
801 2509 1042 2547 immortalis.

187 2584 190 2586 “
241 2579 306 2616 62.
336 2576 490 2619 Quibus
516 2587 607 2612 vero
633 2573 800 2624 praemiis
830 2572 958 2609 ornati
982 2570 1102 2608 sunt?
1133 2570 1184 2607 Iis
1210 2582 1298 2620 quoe
1330 2582 1457 2620 operae
1490 2569 1656 2619 pretium

187 2646 248 2678 est
267 2649 586 2677 commemorare.
619 2635 792 2672 Fuerunt
811 2633 967 2684 quidam
989 2632 1033 2669 iis
1055 2632 1306 2683 temporibus,
1326 2632 1390 2680 qui
1413 2630 1543 2668 multis
1566 2644 1654 2680 gra-

183 2702 373 2750 vibusque
387 2697 568 2750 periculis
587 2696 761 2735 defuncti
782 2695 928 2732 Medos
946 2693 1051 2744 apud
1074 2693 1320 2743 Strymonem
1340 2692 1497 2730 fluvium
1519 2692 1654 2742 praelio

182 2762 384 2801 fuderunt.
440 2759 472 2797 Ii
491 2759 606 2810 igitur
628 2758 704 2796 huc
725 2756 866 2795 reversi
895 2755 1095 2806 praemium
1118 2768 1140 2792 a
1160 2754 1303 2806 populo
1333 2754 1565 2804 petiverunt,
1586 2755 1651 2792 de-

185 2825 317 2875 ditque
354 2821 407 2859 eis
440 2821 609 2872 populus
639 2832 796 2870 magna,
830 2824 873 2854 ut
902 2824 985 2854 turn
1020 2815 1265 2860 videbantur,
1296 2816 1467 2865 praemia,
1503 2822 1545 2852 ut
1576 2823 1653 2854 tres

183 2887 344 2924 Hermoe
363 2881 506 2933 lapidei
526 2882 564 2919 in
585 2882 820 2920 Hermai-um
840 2879 991 2930 porticu
1012 2878 1058 2915 iis
1078 2884 1331 2928 ponerentur,
1353 2890 1398 2914 ea
1414 2877 1501 2927 lege
1522 2885 1650 2915 tamen

183 2961 232 2987 ne
253 2959 324 2986 sua
343 2944 502 2984 nomina
512 2943 782 2989 inscriberent,
801 2947 846 2979 ut
865 2953 943 2978 non
963 2939 1238 2990 imperatorum
1267 2937 1336 2976 sed
1361 2938 1493 2989 populi
1514 2938 1648 2977 inscri-

883 3001 902 3020 '¹'
921 3014 943 3037 P
