1981 3356
639 219 747 257 PRO
780 217 1129 256 PHORMIONE.
1538 216 1613 254 :349

157 324 315 377 negotia
333 324 502 368 fuerunt,
523 334 641 373 quam
660 329 794 373 potero
816 320 1058 372 paucissimis
1078 329 1292 369 exponam:
1313 330 1380 368 per
1401 331 1501 369 quae,
1521 319 1615 356 satis

159 388 255 434 scio,
283 394 322 425 et
351 386 461 424 istius
494 384 687 424 calumnia
710 383 840 434 palam
870 383 949 430 fiet,
983 389 1022 420 et
1051 379 1268 419 accusatori
1301 393 1380 417 non
1413 380 1616 418 convenire

157 448 362 494 actionem,
392 436 481 486 mox
511 447 586 484 illis
611 445 754 484 auditis
784 444 1044 495 cognoscetis·
1101 443 1160 480 Ac
1179 442 1342 493 primum
1362 442 1469 479 vobis
1488 441 1616 493 pactio

157 509 395 557 recitabitur,
415 522 492 560 qua
511 507 627 545 Pasio
646 506 735 544 huic
755 518 934 544 mensam
958 505 1103 543 locavit
1126 511 1164 542 et
1186 503 1381 541 officinam
1406 510 1616 541 scutorum.

145 571 269 623 'Cape
287 572 519 623 pactionem,
538 575 578 607 et
595 568 926 620 provocationem,
947 574 986 605 et
1004 564 1227 604 testimonia
1245 564 1347 601 haec.

358 690 572 729 PACTIO.
630 687 997 727 PROVOCATIO.
1056 684 1423 723 TESTIMONIA.

159 784 297 824 Pactio
324 784 454 837 igitur,
483 798 561 836 qua
581 784 698 823 Pasio
725 772 817 822 huic
843 795 1016 820 mensam
1037 788 1076 819 et
1097 780 1289 819 officinam
1313 786 1523 825 scutorum,
1540 780 1622 831 jam

159 859 274 885 suum
289 847 421 899 agenti
440 847 639 898 negotium
657 846 815 892 locavit,
833 845 920 883 haec
940 851 1014 889 est,
1036 842 1312 881 Athenienses.

213 911 252 946 2.
283 908 538 947 Audiendum
557 921 647 946 vero
665 907 775 946 vobis
794 913 834 945 et
853 905 1171 958 cognoscendum
1199 911 1274 949 est,
1297 916 1374 954 quo
1405 910 1520 954 pacto
1555 916 1625 941 un-

160 970 286 1008 decim
311 970 460 1009 talenta
490 969 606 1008 Pasio
632 969 684 1008 ad
707 982 883 1007 mensam
908 967 1097 1006 debuerit.
1156 966 1294 1016 Neque
1321 965 1422 1003 enirn
1449 965 1625 1016 compul-

160 1045 226 1070 sus
270 1031 401 1084 inopia
437 1031 584 1078 debuit,
620 1031 690 1070 sed
735 1044 783 1069 ex
824 1031 922 1068 lucri
951 1029 1193 1083 cupiditate.
1265 1027 1488 1066 Facultates
1525 1026 1626 1065 enim

163 1093 341 1132 Pasionis
370 1099 568 1132 terrestres
592 1091 746 1132 omnino
773 1092 909 1144 viginti
931 1091 1120 1130 talentum
1145 1090 1317 1135 fuerunt,
1337 1096 1376 1127 et
1394 1095 1535 1140 praeter
1562 1101 1627 1127 eas

161 1155 315 1207 argenti
334 1156 392 1193 sui
412 1161 549 1192 mutuo
582 1154 663 1193 dati
694 1154 860 1205 amplius
886 1152 1169 1203 quinquaginta
1197 1151 1357 1189 talenta.
1414 1150 1462 1188 In
1482 1150 1538 1188 his
1558 1150 1630 1201 igi-

159 1222 224 1255 tur
261 1216 547 1268 quinquaginta
581 1216 738 1254 talentis
775 1215 824 1253 de
859 1227 1007 1252 mensae
1043 1212 1230 1264 depositis
1268 1211 1452 1249 undecim
1484 1211 1632 1249 talenta

161 1285 386 1329 quaestuosa
413 1284 535 1317 erant.
592 1277 672 1316 Hic
698 1291 744 1316 eo
769 1290 915 1315 mensae
937 1282 1091 1327 quaestu
1112 1273 1320 1319 conducto,
1341 1286 1430 1312 cum
1451 1272 1630 1324 deposita

162 1338 363 1391 acciperet
377 1346 417 1378 et
435 1338 597 1387 videret,
618 1352 660 1377 se
680 1338 855 1377 nondum
874 1337 914 1376 in
934 1337 1128 1377 civitatem
1149 1350 1172 1374 a
1192 1336 1300 1374 vobis
1328 1335 1533 1381 adscitum,
1553 1348 1631 1373 non

160 1414 277 1453 posse
296 1401 451 1453 exigere
477 1413 536 1448 ea,
565 1414 654 1452 quae
677 1400 795 1439 Pasio
824 1400 876 1438 ad
902 1399 1045 1438 fundos
1073 1405 1112 1437 et
1142 1398 1248 1436 aedes
1276 1404 1484 1441 mutuarat,
1505 1397 1632 1448 ipsum

160 1462 368 1502 Pasionem
384 1463 528 1502 habere
548 1463 762 1501 debitorem
783 1462 919 1500 maluit
937 1463 1020 1513 ejus
1047 1461 1238 1512 pecuniae,
1261 1471 1379 1509 quam
1404 1458 1499 1496 alios
1526 1458 1636 1497 debi-

159 1530 266 1564 tores
280 1524 422 1575 quibus
443 1524 879 1576 pecuniamcredebat:
910 1529 949 1561 et
969 1523 1026 1560 sic
1046 1527 1200 1573 propter
1218 1521 1304 1558 haec
1322 1520 1550 1572 inscriptum
1574 1527 1635 1557 est

161 1587 203 1625 in
221 1584 452 1632 loeationem
471 1587 657 1624 undecim
676 1586 818 1623 debere
837 1584 984 1623 talenta
998 1584 1225 1625 Pasionem3
1257 1583 1297 1620 id
1327 1582 1431 1633 quod
1461 1582 1577 1620 etiam
1612 1595 1632 1619 e

162 1647 326 1686 testibus
354 1643 573 1685 audivistis.
632 1646 974 1690 Quemadmodum
1007 1645 1124 1696 igitur
1156 1644 1300 1682 locatio
1330 1644 1434 1681 facta
1463 1644 1523 1688 sit,
1545 1657 1633 1681 eum

161 1710 290 1760 ipsum
318 1708 384 1759 qui
413 1707 464 1746 ad
494 1720 665 1745 mensam
698 1708 808 1746 sedet
839 1708 973 1746 testari
1008 1706 1231 1745 audivistis:
1272 1712 1363 1756 post
1394 1706 1478 1743 haec
1516 1719 1636 1756 quum

163 1770 283 1809 Pasio
301 1771 341 1809 in
358 1769 535 1807 morbum
557 1769 771 1817 incidisset,
790 1770 1036 1808 considerate
1057 1768 1172 1819 quale
1193 1773 1470 1804 testamentum
1487 1766 1635 1812 fecerit.

166 1832 275 1883 Cape
307 1831 533 1870 testamenti
562 1831 797 1882 exemplum,
819 1838 859 1868 et
887 1830 1203 1882 provocationem
1225 1828 1339 1874 hanc,
1360 1836 1398 1866 et
1417 1828 1637 1866 testimonia

163 1892 250 1932 haec
270 1905 403 1932 eorum
422 1905 543 1944 penes
564 1904 664 1943 quos
683 1892 827 1931 tabulae
849 1892 934 1929 sitae
954 1898 1055 1930 sunt,

327 2014 647 2054 EXEMPLUM
681 2012 1045 2052 TESTAMENTI.
1097 2012 1469 2051 PROVOCATIO.

716 2072 1077 2112 TESTIMONIA.

221 2172 259 2208 3.
279 2169 380 2208 Cum
399 2170 516 2221 igitur
538 2169 658 2209 Pasio
675 2170 834 2208 obiisset
852 2170 927 2209 hoc
947 2177 1182 2210 testamento
1198 2171 1319 2217 facto,
1337 2171 1522 2209 Phormio
1542 2184 1637 2209 uxo-

166 2244 248 2270 rem
264 2231 348 2283 ejus
368 2244 415 2269 ex
434 2238 668 2270 testamento
689 2231 810 2278 ducit,
830 2232 952 2271 filium
977 2240 1105 2271 tuetur
1126 2240 1165 2272 et
1183 2241 1309 2272 curat.
1367 2233 1444 2271 Sed
1474 2234 1549 2272 isto
1576 2247 1636 2271 ra-

167 2294 298 2346 piente
323 2305 370 2332 ac
397 2293 447 2332 de
467 2294 737 2332 communibus
761 2295 931 2344 pecuniis
955 2296 1120 2333 multum
1139 2308 1224 2334 esse
1243 2295 1550 2334 consumendum
1570 2309 1640 2347 pu-

167 2362 291 2402 tante,
320 2367 412 2394 cum
443 2355 581 2394 animis
614 2355 695 2393 suis
730 2362 955 2407 reputantes
984 2363 1149 2403 tutores,
1184 2358 1216 2395 si
1246 2370 1292 2395 ex
1326 2364 1559 2395 testamento
1591 2358 1637 2396 iis

169 2417 364 2464 omnibus,
384 2430 472 2468 quae
491 2417 564 2455 iste
584 2416 633 2455 de
653 2417 923 2455 communibus
952 2419 1130 2469 pecuniis
1158 2419 1429 2469 insumpsisset
1453 2419 1636 2469 demptis,

169 2478 318 2530 reliqua
337 2491 385 2516 ex
403 2490 518 2529 aequo
536 2478 752 2517 dividunda
771 2487 915 2525 essent,
939 2480 1035 2518 nihil
1062 2480 1412 2531 reliquissfuturum,
1438 2481 1542 2518 bona
1561 2494 1637 2531 quo

170 2553 291 2593 puero
323 2539 593 2579 consuleretur
620 2539 792 2579 dividere
827 2547 1057 2579 statuerunt.
1115 2543 1173 2580 Ac
1203 2549 1366 2580 caeteras
1398 2542 1555 2592 quidem
1582 2543 1638 2580 fa-

170 2602 353 2650 cultates,
382 2601 430 2640 iis
461 2602 634 2654 exceptis
662 2615 749 2654 quae
780 2602 843 2640 hic
871 2603 1127 2649 conduxerat,
1157 2604 1395 2655 partiuntu13
1429 2615 1640 2654 eorumque

170 2662 367 2702 redituum
399 2663 603 2702 semissem
632 2663 696 2702 isti
726 2663 990 2702 reddiderunt.
1049 2664 1138 2702 Jam
1168 2665 1218 2703 ad
1246 2665 1320 2703 hoc
1349 2677 1467 2715 usque
1489 2671 1639 2715 tempus

172 2724 237 2777 qui
263 2737 378 2776 agere
397 2731 530 2776 potest
551 2725 780 2764 locationis?
814 2725 906 2764 Non
927 2726 1027 2763 enim
1050 2739 1169 2772 nunc,
1191 2726 1260 2764 sed
1279 2736 1359 2764 tum
1381 2726 1512 2764 statim
1531 2728 1640 2775 queri

174 2792 215 2825 et
232 2787 396 2837 graviter
416 2786 513 2826 ferre
533 2787 680 2826 debuit.
712 2787 853 2839 Neque
879 2787 977 2826 illud
998 2788 1114 2826 etiam
1133 2787 1262 2826 dicere
1274 2795 1412 2839 potest,
1427 2788 1642 2839 posteriora

175 2848 376 2887 locationis
381 2850 520 2901 pretia
540 2862 583 2888 se
602 2863 680 2889 non
702 2851 919 2902 accepisse:
951 2863 1199 2902 nequaquam
1220 2851 1336 2896 enim,
1360 2857 1568 2901 postquam
1588 2850 1639 2888 ad

177 2920 265 2947 eum
284 2909 442 2948 modum
461 2923 549 2949 cum
570 2917 705 2963 togam
725 2911 872 2950 virilem
901 2912 1133 2963 sumpsisset
1163 2912 1338 2950 Pasicles
1364 2911 1426 2950 hic
1446 2911 1639 2950 locatione

176 2970 347 3018 cederet,
367 2984 436 3010 vos
454 2985 545 3011 eum
564 2973 668 3012 omni
689 2974 846 3014 crimine
866 2974 1117 3021 liberas-setis,
1139 2974 1208 3014 sed
1228 2982 1310 3013 tum
1331 2988 1352 3014 e
1373 2974 1535 3026 vestigio
1554 2986 1642 3012 exe-
