1915 3356
782 184 1071 223 EPISTOLAE.
1589 178 1659 217 125

198 291 299 330 filius
318 290 499 330 exsulans
528 290 838 329 succensendum
868 300 954 326 esse
974 286 1192 329 arbitretur,
1214 285 1244 322 si
1272 284 1363 334 quid
1395 283 1466 322 sibi
1499 283 1662 320 Athenis

199 353 385 391 usitatum
406 352 605 390 acciderit.
646 352 729 388 Imo
757 350 886 401 potins
912 360 985 398 ego
1004 346 1182 396 hocjure
1203 345 1431 396 praeclarum
1459 345 1574 390 duco,
1603 357 1664 382 me

200 426 290 451 cum
308 414 384 451 illis
405 413 509 464 apud
530 420 706 464 posteros
733 412 771 448 in
796 407 1010 460 ignominia
1030 420 1130 452 esse,
1151 413 1189 444 et
1209 406 1367 456 dignum
1393 406 1581 453 habitum,
1601 406 1664 456 qui

203 475 364 513 similem
380 487 470 513 cum
485 474 539 512 eis
560 474 754 512 fortunam
776 469 980 521 experirer.

909 608 978 648 IV.

249 707 525 758 ‚Posteaquam
537 707 756 758 percontari
772 707 838 744 tibi
852 705 946 743 libet
959 705 1007 742 de
1023 703 1243 747 Cleocrate‚
1256 702 1343 752 quis
1360 703 1409 740 sit
1430 702 1671 753 Cleocrates‚

207 770 312 809 audi.
361 770 527 807 Desines
563 769 664 806 enim
699 768 819 819 gratis
857 766 1073 817 inquirere:
1113 777 1241 816 neque
1277 764 1414 809 abibis,
1448 764 1672 815 priusquam

206 831 364 882 longam
400 831 566 869 audieris
594 829 865 867 narrationem.
915 828 1018 866 Nam
1057 831 1198 878 genere
1231 825 1390 876 quidem
1413 826 1511 863 inter
1540 839 1675 864 omnes

209 893 377 931 Graeciae
406 892 506 931 viros
538 904 618 929 non
644 898 706 929 est
737 890 1034 929 obscurissimo:
1067 889 1098 927 si
1128 889 1178 926 de
1204 887 1435 938 Ariphrone,
1465 887 1529 938 qui
1561 895 1623 925 est
1654 900 1677 925 a

210 955 428 1005 Demageto
448 953 650 1000 oriundus,
675 952 927 1004 perconteris,
948 964 1064 1002 quem
1084 963 1250 1001 magnus
1271 950 1386 987 etiam
1407 949 1554 987 extollit
1583 949 1678 986 Pin-

209 1015 343 1054 darus.
391 1015 471 1053 Sed
500 1015 589 1053 vide
620 1028 669 1053 ne
695 1014 883 1052 ridiculus
905 1014 988 1060 fias,
1023 1013 1054 1050 si
1082 1025 1248 1063 quaeras,
1281 1012 1368 1062 quis
1398 1011 1447 1048 sit
1470 1010 1678 1049 Pindarus.

213 1077 317 1114 Nam
338 1077 378 1114 id
396 1077 579 1128 scriptum
599 1085 638 1115 te
658 1076 822 1115 arbitror
842 1075 1052 1131 aliquando
1072 1087 1151 1112 una
1169 1086 1321 1111 mecum
1353 1073 1459 1124 apud
1488 1073 1680 1110 Mantiam

211 1139 448 1177 literatorem
463 1138 647 1177 didicisse
665 1151 674 1176 z
706 1145 745 1176 et
761 1137 793 1175 si
808 1137 903 1175 nihil
916 1140 996 1186 jam
1018 1136 1231 1174 Mantianae
1251 1134 1438 1172 doctrinae
1458 1134 1682 1181 meministi,

211 1200 251 1238 in
272 1200 528 1238 concionibus
547 1207 652 1238 certe
675 1199 946 1250 Melanippum
966 1198 1129 1236 subinde
1150 1196 1346 1235 dicentem
1368 1196 1494 1242 audis,
1530 1209 1680 1233 BEATAE

214 1274 266 1299 ET
298 1274 517 1299 CELEBRES
549 1262 743 1299 GRAECIAE
778 1272 1180 1298 PROPUGNACULUM
1213 1259 1427 1304 ATHENAE,
1460 1264 1575 1307 atque
1615 1257 1684 1295 ad—

216 1322 387 1369 dentem,
414 1323 576 1361 Pindari
608 1336 694 1361 esse
719 1323 794 1360 hoc
827 1335 1008 1360 carmen:
1039 1323 1088 1359 ob
1117 1321 1223 1372 quod
1252 1321 1398 1358 factum
1431 1333 1453 1357 a
1486 1320 1684 1357 Thebanis

217 1383 429 1436 mulctatus
467 1384 610 1423 fuerit:
641 1386 807 1435 majores
847 1391 976 1423 autem
1010 1390 1164 1421 nostros
1199 1382 1361 1434 duplam
1399 1382 1433 1419 ei
1470 1381 1687 1419 reddidisse

218 1445 418 1492 mulctam,
435 1452 693 1497 praeterquam
705 1445 810 1497 quod
831 1458 920 1483 eum
933 1458 1034 1483 aerea
1050 1452 1181 1483 statua
1200 1444 1394 1482 ornarint:
1425 1457 1512 1494 quae
1532 1443 1689 1493 quidem

221 1506 338 1544 etiam
357 1519 485 1557 usque
511 1507 561 1545 ad
587 1513 760 1546 nostram
785 1513 940 1545 aetatem
961 1514 1048 1544 ante
1074 1506 1222 1556 regiam
1250 1505 1440 1556 porticum
1468 1504 1565 1541 fuit:
1597 1504 1689 1541 Pin·

221 1569 338 1607 darus
353 1582 443 1608 cum
462 1576 570 1608 veste
587 1577 628 1608 et
639 1570 723 1622 lyra
737 1570 896 1616 sedens,
915 1570 1095 1608 diadema
1111 1583 1266 1621 gerens,
1284 1575 1323 1606 et
1342 1568 1378 1605 in
1394 1569 1573 1619 genubus
1586 1580 1691 1605 corn-

223 1630 408 1682 plicatum
430 1630 605 1668 libellum
623 1631 785 1670 habens.
818 1632 856 1669 Is
877 1632 994 1683 igitur
1014 1631 1209 1669 Pindarus
1231 1631 1486 1681 Demagetum
1503 1630 1611 1667 illum
1631 1643 1694 1668 ce-

222 1691 360 1737 lebrat,
382 1691 433 1729 ad
453 1704 570 1742 quem
589 1692 754 1729 refertur
774 1692 988 1729 Cleocratis
1011 1705 1147 1742 genus.
1183 1693 1424 1729 Mentionem
1456 1691 1548 1729 facit
1580 1692 1695 1729 etiam

224 1753 328 1790 idem
370 1752 560 1790 Pindarus
598 1753 887 1803 Diagoriorum,
930 1760 968 1790 et
999 1753 1180 1798 aniculae,
1218 1765 1335 1803 quam
1364 1758 1578 1790 maternum
1613 1753 1695 1804 ejus

226 1826 351 1865 genus
372 1813 541 1864 attingit.
573 1813 691 1858 Quod
711 1813 783 1851 nisi
816 1820 1056 1865 compertum
1085 1814 1283 1860 haberem,
1314 1820 1352 1852 te
1385 1820 1588 1865 poetarum
1609 1827 1697 1852 esse

228 1882 550 1926 contemptorem,
571 1882 613 1913 et
632 1875 940 1913 circumforanea
958 1876 1032 1913 ista
1050 1875 1191 1922 studia,
1217 1889 1305 1926 quae
1330 1888 1401 1913 nos
1428 1876 1696 1926 perdiderunt,

228 1936 354 1986 magis
374 1935 598 1987 complecti,
623 1936 718 1973 satis
740 1949 825 1974 esse
843 1943 1060 1987 putassem,
1085 1943 1122 1974 te
1143 1936 1352 1974 admonere
1378 1943 1526 1974 tantum
1549 1936 1698 1987 Diago-

228 1998 388 2047 riorum,
410 1996 581 2035 recitatis
602 1996 761 2034 P1ndari
781 1996 955 2035 versibus
973 2010 982 2034 :
1022 2011 1126 2036 nunc
1148 1998 1228 2035 scio
1248 2010 1319 2035 nos
1335 1997 1479 2035 frustra
1494 1997 1562 2035 tibi
1578 1998 1700 2049 lyram

229 2058 338 2096 illam
365 2058 612 2096 recitaturos.
664 2059 803 2109 Itaque
823 2059 1084 2097 necessarium
1106 2059 1198 2097 mihi
1231 2059 1397 2105 videtur,
1425 2072 1511 2096 eam
1532 2059 1599 2096 tibi
1621 2071 1700 2096 rem

233 2133 403 2158 narrare.
467 2120 536 2158 Est
556 2120 658 2158 enim
679 2120 813 2158 audire
843 2133 971 2172 operae
992 2121 1167 2172 pretium,
1189 2120 1343 2158 tametsi
1376 2119 1470 2157 nihil
1500 2119 1550 2157 ad
1585 2121 1700 2158 Cleo-

237 2189 383 2220 cratem
415 2181 590 2220 attineat.
643 2182 844 2220 Memoriae
870 2182 1066 2233 proditum
1097 2189 1170 2228 est,
1204 2195 1337 2220 senem
1370 2181 1460 2219 olim
1501 2182 1702 2219 mulierem

237 2242 431 2295 Olympiae
443 2244 480 2281 in
495 2243 662 2281 stadium
678 2257 941 2295 progressam,
962 2252 1002 2282 et
1014 2244 1104 2282 viris
1121 2244 1333 2289 adstitisse,
1349 2250 1388 2282 et
1407 2250 1603 2295 spectasse
1619 2257 1702 2281 cer-

235 2305 393 2343 tamina.
440 2306 541 2343 Cum
561 2312 692 2343 autem
714 2306 940 2344 Graecorum
954 2307 1109 2358 judices
1131 2319 1214 2344 eam
1232 2306 1508 2358 appellassent,
1524 2319 1592 2344 cur
1607 2319 1706 2344 ausa

237 2373 342 2405 esset
357 2367 394 2404 in
408 2367 576 2404 stadium
592 2367 801 2418 progredi?
822 2368 1114 2419 Respondisse:
1142 2369 1204 2407 cui
1217 2381 1309 2406 vero
1324 2368 1432 2406 alteri
1446 2368 1594 2405 mulieri
1607 2368 1703 2405 deus

238 2428 344 2466 hanc
379 2428 512 2479 gloriae
538 2429 834 2479 praerogativam
864 2429 998 2470 dedit?
1029 2431 1131 2468 Nam
1160 2444 1233 2481 ego
1260 2438 1298 2468 et
1325 2438 1472 2481 patrem
1502 2430 1641 2474 habeo,
1669 2436 1709 2466 et

239 2498 318 2528 tres
348 2489 502 2533 fratres,
531 2489 596 2540 qui
631 2489 814 2542 Olympia
851 2491 1041 2538 vicerunt,
1075 2500 1115 2530 et
1145 2492 1266 2530 filium
1299 2493 1349 2530 ad
1381 2492 1563 2543 Olympia
1591 2491 1706 2528 duco.

242 2550 374 2602 Hujus
405 2550 522 2601 igitur
542 2563 655 2596 anus,
675 2558 714 2589 et
732 2552 848 2603 hujus
873 2552 1001 2605 stirpis
1033 2567 1191 2604 germen
1223 2562 1284 2592 est
1314 2553 1561 2591 Cleocrates:
1591 2552 1707 2603 idque

243 2625 292 2652 ex
311 2611 490 2649 omnibus
511 2612 641 2663 potius
663 2626 778 2663 quam
800 2627 847 2651 ex
868 2614 953 2664 ipso
973 2626 1202 2666 cognosces.
1234 2615 1296 2652 Ac
1314 2615 1425 2665 plura
1445 2614 1571 2651 dicere
1592 2613 1707 2650 nolo:

244 2685 294 2712 ne
324 2686 402 2710 non
423 2673 549 2711 solum
579 2673 753 2713 indicare
775 2675 858 2721 tibi,
879 2675 985 2725 quod
1004 2675 1171 2720 voluisti,
1192 2676 1370 2725 quisnam
1391 2677 1439 2713 sit
1468 2675 1707 2718 Cleocrates,

246 2735 315 2775 sed
346 2742 386 2774 et
412 2735 675 2775 laudationem
696 2738 779 2789 ejus
801 2738 1027 2784 instituisse,
1048 2738 1192 2784 videar,
1225 2745 1269 2775 ut
1293 2738 1605 2789 Thrasymachus
1641 2737 1710 2773 ho-

249 2797 359 2848 spitis
381 2797 453 2843 sui,
473 2805 513 2836 et
530 2799 631 2837 hanc
648 2800 682 2837 ei
710 2800 850 2837 referre
871 2800 1036 2850 gratiam
1058 2812 1127 2850 pro
1157 2799 1362 2850 splendido
1383 2799 1571 2837 convivio.
1609 2798 1709 2835 Illud

248 2865 403 2896 tantum
424 2858 523 2905 dico,
545 2860 576 2897 si
592 2873 689 2898 anus
711 2861 776 2899 illa
794 2860 897 2898 hunc
920 2860 1160 2899 Cleocratcm
1184 2860 1366 2898 novisset.
1387 2860 1508 2911 magis
1528 2874 1572 2898 eo
1593 2860 1711 2898 fuisse

251 2918 514 2971 gloriaturam,
535 2933 651 2971 quam
671 2922 841 2973 quinque.
862 2922 935 2959 illis
958 2922 1148 2972 Olympiae
1169 2921 1390 2959 victoribus.
