1965 3356
931 126 939 144 1

506 216 800 256 ADVERSUS
831 215 1233 254 MACARTATUM.
1520 216 1596 252 617

139 318 230 362 Quo
244 325 352 370 patre
368 320 510 358 natus?
541 321 732 360 Eubulide
751 320 919 371 Hagniae
939 319 1117 372 patrueli.
1173 319 1264 363 Qua
1275 318 1425 357 matre?
1453 317 1598 370 Phylo-

129 379 290 427 -macha‚
307 394 353 419 ex
376 382 544 434 Hagniae
563 383 727 435 patrueli
746 383 864 421 fratre
882 387 987 420 nata.
1047 380 1260 420 Eubulides
1287 383 1397 430 cujus
1425 381 1500 419 fuit
1527 393 1598 433 pa-

131 441 234 480 tris?
267 442 439 495 Philagri
452 446 580 497 patrui
599 445 781 496 Hagniae.
838 444 964 496 Cujus
984 443 1147 482 matris?
1178 442 1453 495 Phylomachae
1469 443 1597 481 amitae

138 503 321 556 Hagniae.
376 506 553 558 Hagnias
584 520 698 558 porro
730 507 840 558 cujus
867 506 943 544 fuit
970 505 1102 544 filius?
1147 504 1382 543 Polemonis.
1438 505 1600 543 Polemo

135 566 277 618 cujus?
307 567 485 620 Hagnioe.
519 569 696 620 Hagnias
730 568 869 621 cujus?
898 567 1044 607 Buseli.
1084 567 1183 605 Haec
1214 567 1336 605 altera
1364 573 1423 605 est
1451 566 1599 605 familia

138 631 319 684 Hagniae,
341 633 453 673 unius
484 634 650 673 filiorum
678 634 834 673 Buseli:
864 641 904 673 et
927 634 992 673 hic
1010 645 1259 684 nequaquam
1278 632 1381 671 inest
1398 631 1502 670 idem
1525 644 1598 670 no-

138 707 227 733 men
241 695 345 746 quod
365 702 426 734 est
443 696 483 734 in
500 696 648 735 familia
661 704 903 748 posterorum
920 695 1064 741 suani,
1081 708 1128 734 ac
1142 709 1190 734 ne
1205 694 1407 734 consimile
1419 693 1599 745 quidem:

137 757 208 795 sed
227 757 302 806 ipsi
321 770 390 809 per
417 771 459 797 se
477 758 516 796 in
536 758 703 810 Hagniae
724 757 870 797 familia
887 750 1202 810 progrediuntur,
1222 749 1378 795 nomina
1397 769 1421 795 a
1438 769 1478 794 se
1502 755 1599 793 invi-

135 830 223 856 cem
242 819 490 871 accipientes.
548 820 764 859 Undelibet
788 820 906 871 igitur
930 827 970 859 et
990 820 1115 858 modis
1135 819 1316 857 omnibus
1335 818 1493 857 alterius
1513 830 1600 854 esse

136 879 292 918 familiae
311 882 595 920 convincuntur
614 895 830 934 genereque
849 882 1085 929 remotiores,
1104 894 1230 932 neque
1249 881 1456 932 quicquam
1475 879 1531 917 eis
1552 891 1602 916 ex

137 942 305 994 Hagniae
323 943 553 983 haereditate
573 944 728 984 deberi:
759 945 900 996 quibus
919 945 1020 984 enim
1045 944 1246 996 legislator
1271 942 1599 996 propinquitatem

135 1003 206 1044 det
223 1011 264 1044 et
275 1005 556 1054 haereditatem,
575 1007 636 1045 hae
656 1007 766 1046 vobis
792 1008 900 1059 leges
919 1007 1197 1046 recitabuntur.

807 1111 929 1150 LEX.

183 1187 335 1227 Quisquis
347 1188 512 1219 intestatus
527 1189 668 1225 moritur,
685 1189 839 1228 siquidem
852 1189 970 1220 liberos
986 1189 1145 1220 muliebris
1161 1199 1256 1219 sexus
1273 1188 1446 1227 reliquerit,
1461 1188 1517 1217 filii
1531 1197 1602 1217 cum

138 1238 245 1268 hisce:
272 1238 319 1268 sin
350 1239 463 1276 minus,
478 1239 511 1269 hi
536 1241 614 1270 bona
643 1240 836 1280 possidente.
881 1241 935 1270 Sin
957 1241 1067 1270 fratres
1092 1240 1203 1270 fuerint
1225 1239 1360 1279 germani
1378 1245 1409 1270 et
1427 1240 1453 1269 si
1478 1238 1569 1269 liberi
1585 1249 1603 1268 e

136 1290 282 1321 fratribus
306 1291 450 1330 legitimi,
465 1291 563 1332 patris
591 1298 712 1332 partem
740 1293 928 1323 sortiuntor:
963 1293 1011 1322 sin
1034 1293 1145 1323 fratres
1170 1302 1230 1322 non
1258 1291 1373 1321 fuerint
1395 1296 1448 1321 aut
1475 1292 1604 1321 fratrum

133 1342 236 1379 liberi,
247 1353 287 1374 ex
302 1343 360 1388 eis,
375 1344 483 1374 eadem
496 1344 613 1374 ratione
630 1345 808 1375 sortiuntor.
854 1333 1063 1375 Praefernntor
1076 1350 1178 1375 autem
1198 1353 1298 1374 mares
1315 1347 1344 1373 et
1358 1342 1603 1382 amaribuspro-

136 1395 252 1436 pagati,
267 1395 294 1426 si
315 1406 356 1425 ex
371 1395 484 1426 iisdem
499 1396 623 1431 fuerint,
641 1402 672 1426 et
695 1397 722 1426 si
740 1407 851 1435 genere
867 1397 1059 1426 remotiores.
1104 1396 1138 1425 Si
1162 1405 1237 1425 vero
1262 1406 1322 1424 non
1350 1394 1464 1424 fuerint
1485 1405 1502 1424 a
1517 1399 1604 1434 patre

135 1457 232 1486 usque
249 1447 287 1476 ad
312 1446 505 1477 sobrium-um
520 1447 642 1482 liberos,
667 1448 688 1476 ii
713 1449 766 1487 qui
784 1453 856 1477 sunt
880 1458 897 1477 a
915 1453 1012 1477 matre
1029 1446 1089 1476 viri
1114 1446 1180 1486 pari
1207 1447 1323 1476 ratione
1344 1450 1533 1485 potestatem
1549 1446 1605 1475 ha-

137 1501 240 1530 bento.
285 1499 340 1529 Sin
355 1510 395 1529 ex
416 1504 523 1529 neutra
548 1503 638 1539 parte
653 1500 731 1530 iutra
745 1499 802 1534 hos
826 1499 950 1534 suerint,
974 1509 992 1528 a
1013 1504 1099 1538 patre
1116 1498 1278 1538 proximus
1293 1497 1442 1527 obtineto.
1490 1496 1604 1536 Spurio

135 1554 250 1587 autem,
265 1554 319 1580 aut
337 1550 526 1590 spuriae‚jus
546 1561 584 1580 ne
600 1555 666 1581 esto
682 1550 930 1591 propinquitatis,
946 1560 1044 1590 neque
1065 1551 1138 1580 item
1154 1559 1322 1584 sacrorum.
1340 1559 1441 1589 neque
1461 1549 1603 1589 publico-

135 1612 215 1639 rum,
229 1602 268 1632 ab
285 1602 417 1632 Euclide
432 1607 575 1644 praetore.
931 1590 938 1599 ’

138 1679 284 1730 Aperte
312 1678 409 1717 dicit
433 1679 511 1726 lex,
531 1679 708 1725 Jndices,
728 1679 868 1730 quibus
888 1679 1071 1717 adeunda
1098 1679 1146 1716 sit
1178 1676 1408 1714 haereditas:
1440 1689 1518 1714 non
1551 1675 1606 1713 ita

137 1752 201 1779 me
231 1741 343 1780 Deus
375 1748 478 1779 amet
507 1741 774 1792 Theopompo,
796 1748 864 1779 aut
893 1741 1118 1779 Macartato
1145 1738 1388 1790 Theopompi
1422 1738 1514 1785 filio,
1539 1737 1606 1789 qui

135 1814 295 1857 prorsus
313 1802 353 1840 in
372 1802 543 1853 Hagniae
564 1802 709 1840 familia
728 1815 807 1840 non
833 1809 935 1841 sunt.
993 1801 1074 1839 Sed
1093 1799 1186 1839 cui?
1228 1799 1400 1838 Posteris
1421 1799 1604 1851 Hagniae‚

136 1864 204 1916 qui
223 1865 372 1903 suntin
395 1864 542 1903 familia
557 1864 727 1916 Hagniae
747 1864 863 1903 illius.
922 1865 1019 1902 Haec
1047 1870 1088 1902 et
1114 1864 1176 1901 lex
1195 1862 1377 1912 loquitur,
1397 1869 1434 1900 et
1455 1862 1521 1913 jus
1550 1863 1606 1900 ita

135 1925 270 1966 habet.

197 1989 258 2027 13.
287 1988 430 2040 Neque
447 1989 552 2035 Vero,
573 1988 749 2036 Judices‚
780 2001 870 2027 cum
900 1988 986 2026 haec
1017 1987 1220 2039 legislator
1243 1986 1419 2038 cognatis
1441 1985 1606 2033 dederit,

136 2050 215 2094 alia
232 2051 355 2089 multa
374 2050 529 2089 omnino
544 2063 623 2089 non
640 2051 856 2098 mandavit,
875 2064 962 2102 quae
982 2051 1159 2102 cognatis
1178 2048 1402 2088 necessario
1422 2047 1605 2086 facienda

138 2118 232 2150 sunt
247 2125 270 2150 :⁴
286 2112 356 2150 sed
368 2112 539 2164 plurima
554 2119 658 2159 sunt,
675 2126 764 2164 quae
777 2113 843 2151 lex
855 2113 985 2151 facere
998 2112 1109 2162 jubet
1121 2118 1327 2163 cognatos,
1342 2123 1471 2162 neque
1483 2110 1607 2148 ullum

138 2174 322 2225 effugium
349 2174 532 2226 relinquit
554 2188 630 2226 quo
653 2176 781 2214 minus
800 2188 854 2214 ea
883 2176 1009 2214 facere
1038 2175 1086 2213 sit
1113 2187 1288 2213 necesse.
1345 2173 1452 2217 Quin
1481 2173 1607 2224 ipsam

137 2236 266 2288 legem
284 2236 450 2288 primum
465 2237 594 2276 recita.

819 2342 936 2380 LEX.

181 2428 375 2468 Pupillarum
390 2429 537 2470 aliquam,
553 2440 624 2471 quae
638 2430 669 2461 in
685 2430 924 2469 proletariorum
941 2429 1048 2460 ordine
1069 2434 1152 2464 sunt,
1176 2426 1202 2459 si
1218 2429 1330 2459 habere
1345 2426 1480 2458 noluerit
1495 2436 1607 2467 genere

133 2479 314 2520 proximus,
332 2481 404 2512 dote
419 2481 492 2512 data
508 2481 640 2519 elocato,
659 2481 819 2521 patricius,
836 2481 1010 2521 quingentis
1032 2480 1203 2518 draclnnis3
1226 2490 1333 2520 eques,
1359 2477 1529 2516 trecentis3
1561 2487 1608 2507 se-

131 2531 289 2573 ¹znieqnes‚
305 2537 427 2564 centum
442 2533 663 2574 quinquaginta
679 2537 794 2573 praeter
811 2543 847 2564 ea
863 2544 931 2573 quae
946 2533 1017 2572 ipsa
1032 2533 1134 2563 habet.
1181 2531 1216 2562 Si
1233 2541 1306 2561 vero
1322 2531 1427 2570 plures
1445 2529 1560 2559 suerint
1575 2528 1608 2558 in

141 2583 248 2614 eadem
264 2583 390 2621 familia,
418 2595 475 2625 pro
498 2583 640 2625 portione
665 2585 797 2625 quisque
822 2584 949 2625 pupillae
976 2585 1122 2614 conferat.
1170 2583 1263 2621 Quod
1292 2582 1317 2613 si
1342 2582 1487 2613 mulieres
1505 2580 1609 2619 plures

140 2635 266 2673 fuerint,
278 2647 316 2668 ne
330 2647 459 2668 necesse
477 2637 516 2667 sit
530 2643 661 2676 cognato
678 2637 749 2676 plus
766 2647 827 2667 una
843 2636 986 2667 elocare:
1011 2637 1064 2666 sed
1079 2636 1240 2676 proximus
1257 2640 1308 2665 aut
1324 2635 1456 2668 elocam,
1473 2637 1523 2662 aut
1539 2632 1608 2671 ipse

140 2687 256 2719 ducito.
301 2689 393 2726 Quod
408 2688 470 2719 nisi
485 2699 596 2729 genere
608 2689 770 2729 proximus
787 2699 853 2719 eam
870 2688 920 2719 vel
936 2688 1076 2724 elocarit,
1090 2688 1139 2718 vel
1153 2687 1290 2722 duxerit,
1305 2691 1420 2727 praelor
1435 2695 1503 2716 eum
1517 2687 1607 2722 cogat

141 2742 194 2769 aut
207 2739 340 2776 elocare,
356 2745 408 2770 ant
423 2741 525 2781 ipsum
539 2741 665 2771 ducere.
709 2741 804 2778 Quod
830 2741 861 2771 ni
885 2745 999 2782 praetor
1025 2740 1174 2780 coegerit,
1190 2740 1302 2769 debeat
1326 2738 1412 2768 mille
1438 2736 1611 2770 drachmas,

144 2799 246 2830 stores
260 2791 389 2823 Junoni.
435 2792 520 2823 eitet
535 2798 635 2829 autem
651 2803 720 2823 eum
735 2792 790 2833 qui
806 2791 986 2823 detrectarit
1001 2792 1105 2831 quivis
1121 2791 1159 2821 ad
1177 2796 1350 2832 praetorem.

144 2864 251 2908 Quid
281 2866 346 2906 lex
372 2867 491 2915 dieat,
518 2868 693 2914 Judices,
722 2868 876 2907 auditis.
935 2867 1033 2906 Cum
1070 2872 1196 2904 autem
1229 2865 1277 2902 de
1307 2863 1457 2915 pupilla
1485 2862 1611 2900 disce-

132 2927 335 2979 »ptandum
362 2937 474 2969 -esset
503 2930 770 2982 Phylornacha
801 2930 916 2979 hujus
947 2928 1055 2980 pueri
1087 2935 1226 2972 matre,
1245 2933 1337 2963 nata
1368 2939 1415 2963 cx
1447 2924 1612 2977 patrueli

142 2989 328 3042 Hagniae,
348 3003 424 3041 ego
442 2991 531 3030 veni
549 2992 674 3044 legem
691 2999 882 3038 metuens,
899 2999 938 3030 et
954 3004 1039 3030 eam
1058 2989 1149 3028 mihi
1166 2987 1358 3028 vindicavi
1378 3000 1467 3028 cum
1487 3000 1611 3026 essem

843 3057 868 3091 4
888 3067 913 3091 K
