1998 3306
306 230 382 265 524
708 223 1000 262 ADVERSUS
1032 222 1369 262 APATURIUM.

304 328 482 380 pactione
501 327 618 374 facta,
639 339 846 379 sponsores
873 328 1008 365 harum
1039 339 1164 364 rerum
1198 325 1297 371 inter
1324 336 1367 362 se
1395 322 1602 368 dederunt,
1621 321 1694 361 iste
1714 320 1769 359 illi

307 387 552 437 Aristoclem‚
574 388 766 428 Parmeno
799 388 858 427 isti
889 388 1127 439 Archippum
1159 383 1478 439 Myrrhinusium.
1535 383 1594 421 Ac
1620 382 1769 434 pactio-

306 464 394 490 nem
410 451 572 502 primum
593 451 697 502 apud
720 450 940 488 Phocritum
959 463 968 493 ;
999 449 1153 495 deinde,
1167 461 1256 487 curn
1273 445 1480 485 Phocritus
1500 457 1584 483 eam
1605 443 1669 482 alii
1688 443 1768 482 cui-

307 515 396 552 dam
427 514 527 552 tradi
553 514 749 564 jussisset,
768 513 869 564 apud
900 512 1129 550 Aristoclem
1160 510 1376 561 deponunt.
1433 508 1493 545 Ac
1520 512 1564 545 ut
1588 519 1679 544 vera
1709 518 1771 544 me

305 576 432 614 dicere
453 582 617 623 constet,
637 575 767 614 audite
789 574 1023 613 testimonia.

853 717 1208 757 TESTIMONIA.

287 851 298 855 -
363 818 399 854 5.
430 816 660 868 Depositam
693 816 808 866 igitur
836 814 957 852 fuisse
973 813 1190 865 pactionem
1211 811 1313 863 apud
1344 810 1592 856 Aristoclem,
1620 808 1771 860 negoti-

305 890 449 928 umque
481 877 665 916 Phocrito
694 883 732 914 et
755 875 936 913 Aristocli
965 881 1004 913 et
1029 874 1120 912 mihi
1152 873 1272 911 fuisse
1299 872 1564 918 commissum,
1593 870 1771 908 homines

303 939 356 975 rei
377 938 486 989 gnari
505 938 608 989 apud
629 951 698 976 vos
718 937 848 975 testati
878 943 993 974 suut:
1022 948 1117 985 rogo
1146 942 1272 973 autern
1300 947 1387 979 vos,
1408 933 1585 978 Judices,
1613 939 1656 969 ut
1681 945 1769 983 quae

304 1007 393 1050 post
411 1000 638 1036 acciderunt
658 1012 707 1035 ex
727 1011 787 1035 me
807 999 983 1035 audiatis.
1044 996 1142 1033 Inde
1169 996 1284 1042 enim,
1310 995 1402 1033 mihi
1421 994 1657 1033 calumniam
1688 994 1771 1032 fieri

304 1062 353 1098 ab
372 1059 576 1111 Apaturio‚
591 1058 797 1108 perspicue
816 1058 1076 1108 cognoscetis.
1136 1057 1210 1094 Ubi
1237 1056 1510 1094 animadvertit
1527 1069 1590 1094 me
1609 1063 1649 1094 et
1667 1056 1772 1094 Pho-

302 1122 440 1159 critum
460 1119 694 1165 consentire,
715 1126 754 1157 et
780 1131 821 1156 se
843 1131 866 1156 a
884 1118 997 1156 nobis
1017 1118 1246 1156 damnatum
1267 1118 1310 1155 iri
1330 1117 1438 1165 vidit,
1461 1117 1644 1156 abolendi
1665 1131 1772 1156 com-

302 1182 481 1234 promissi
501 1175 680 1232 cupidus,
701 1180 862 1232 perdere
882 1180 1036 1218 tabulas
1058 1193 1149 1218 cum
1175 1193 1221 1219 eo
1248 1193 1317 1230 per
1336 1192 1450 1231 quem
1472 1180 1773 1219 asservabantur

303 1245 494 1283 instituit:
527 1250 566 1281 et
585 1242 825 1281 contendere
845 1242 976 1293 coepit,
998 1242 1182 1280 arbitrum
1204 1242 1275 1280 sibi
1295 1254 1381 1280 esse
1400 1241 1648 1289 Aristoclern‚
1668 1241 1773 1280 Pho-

303 1307 441 1345 critum
462 1312 593 1343 autern
612 1312 651 1342 et
671 1318 731 1342 me
758 1317 835 1342 non
864 1304 970 1342 aliud
998 1303 1141 1342 habere
1161 1303 1418 1349 auctoritatis,
1437 1303 1511 1341 nisi
1530 1303 1676 1354 negotii
1695 1317 1774 1342 una.

285 1366 559 1417 “transigendi
630 1363 763 1403 Verba
795 1365 879 1402 haec
919 1378 1022 1416 aegre
1055 1364 1183 1403 ferens
1227 1364 1434 1411 Parmeno,
1466 1365 1693 1416 postulabat
1730 1372 1776 1404 ut

305 1428 517 1466 Aristocles
539 1427 692 1466 tabulas
712 1427 914 1479 proferret,
935 1440 1014 1465 non
1033 1426 1168 1477 procul
1189 1440 1272 1465 esse
1291 1426 1547 1478 quaerendum
1566 1435 1774 1478 argumen-

306 1500 389 1531 tum
422 1491 620 1536 dictitans,
641 1489 765 1540 siqua
784 1489 890 1527 fraus
919 1488 958 1526 in
976 1489 1120 1527 tabulis
1141 1490 1351 1528 commissa
1369 1495 1474 1528 esset
1482 1502 1493 1533 ;
1523 1501 1620 1540 quas
1640 1501 1774 1527 servus

304 1566 395 1591 suus
423 1552 653 1604 scripsisset.
711 1552 910 1590 Assensus
933 1551 1153 1590 Aristocles
1185 1564 1227 1589 se
1260 1550 1500 1602 prolaturum
1526 1550 1772 1603 pactionem,

305 1617 342 1653 in
380 1625 634 1666 conspectum
668 1628 741 1653 nec
764 1614 882 1652 hodie
913 1614 1101 1664 protulit:
1146 1614 1216 1652 sed
1243 1615 1294 1652 ad
1324 1614 1468 1652 dictam
1497 1614 1600 1652 diem
1628 1614 1668 1652 in
1688 1613 1774 1652 aede

304 1677 472 1715 Vulcani
502 1677 705 1715 nobiscum
738 1689 985 1727 congressus,
1005 1677 1248 1726 praetexebat
1267 1689 1444 1728 puerum,
1464 1676 1558 1714 dum
1583 1689 1626 1714 se
1654 1676 1686 1714 is
1706 1689 1772 1714 ex-

306 1746 514 1791 spectaret,
535 1738 709 1777 amisisse
736 1737 890 1775 tabulas
911 1737 1181 1775 dormientem.
1222 1738 1370 1776 Auctor
1390 1745 1522 1776 autem
1550 1744 1589 1776 et
1618 1736 1774 1788 adjutor

304 1801 414 1839 istius
455 1799 663 1837 commenti
697 1805 770 1843 est,
801 1798 866 1836 ille
900 1812 920 1836 e
962 1798 1127 1843 Piraeeo,
1156 1798 1328 1836 medicus
1365 1798 1554 1850 Euryxias
1590 1798 1772 1837 Aristocli

304 1861 528 1904 familiaris:
558 1861 624 1911 qui
643 1860 760 1903 idem,
780 1860 885 1911 quod
904 1860 1082 1896 inimicus
1111 1859 1203 1897 mihi
1231 1866 1303 1906 est,
1322 1859 1360 1896 in
1381 1860 1457 1898 hoc
1477 1859 1685 1898 discrimen
1709 1873 1770 1898 me

306 1923 484 1961 adduxit.
542 1921 614 1967 Ac,
639 1920 894 1972 praetendisse
931 1920 1165 1958 Aristoclem
1199 1921 1446 1959 amissionem
1479 1921 1715 1967 tabularum,
1749 1936 1769 1959 e

305 1983 533 2023 testimoniis
551 1982 728 2021 audietis.

855 2094 1222 2134 TESTIMONIA.

305 2183 396 2221 Jam
424 2182 541 2233 igitur
560 2182 748 2220 abolitum
768 2188 851 2219 erat
873 2181 1208 2232 compromissum,
1228 2181 1407 2231 pactione
1428 2180 1575 2218 abolita
1601 2186 1641 2218 et
1671 2182 1771 2218 arbi-

306 2244 373 2282 tris
394 2243 633 2295 repudiatis:
663 2243 776 2281 aliam
797 2250 927 2281 autem
956 2243 1124 2280 scribere
1142 2242 1363 2294 pactionem
1394 2255 1482 2279 cum
1511 2241 1770 2287 instituerent,

306 2304 353 2343 de
374 2317 420 2342 ea
440 2304 722 2350 dissenserunt,
737 2304 844 2354 quod
865 2304 934 2342 iste
954 2304 1004 2341 ad
1024 2303 1272 2348 Aristoclem,
1293 2303 1484 2340 Parmeno
1504 2302 1554 2340 ad
1574 2309 1651 2340 tres
1669 2303 1770 2347 illos,

305 2367 446 2418 quibus
478 2365 586 2403 initio
615 2367 822 2403 commissa
853 2374 969 2411 esset,
989 2378 1068 2402 rem
1099 2364 1239 2402 deferri
1258 2364 1426 2403 volebat.
1484 2365 1681 2402 Caeterum
1700 2376 1769 2416 pa-

305 2429 435 2467 ctione
468 2427 543 2465 alia
566 2440 644 2465 non
666 2427 821 2478 scripta,
843 2426 1042 2477 primaque
1065 2426 1221 2471 abolita,
1248 2438 1295 2464 eo
1315 2425 1567 2477 impudentiae
1587 2429 1773 2477 processit

303 2490 336 2527 is
366 2489 431 2540 qui
460 2488 612 2526 tabulas
640 2489 876 2533 aboleverat,
896 2494 940 2525 ut
965 2488 1049 2538 ipse
1069 2500 1170 2525 unus
1192 2500 1233 2524 se
1253 2500 1323 2538 pro
1351 2487 1508 2526 arbitrio
1538 2488 1771 2539 pronuncia-

303 2558 430 2588 turum
467 2550 687 2588 affirmaret.
746 2550 939 2587 Parmeno
976 2555 1105 2586 autem
1140 2549 1305 2586 testibus
1336 2549 1550 2595 advocatis,
1572 2550 1771 2588 interdixit

306 2610 490 2649 Aristocli
510 2624 559 2649 ne
579 2618 717 2649 contra
746 2611 965 2662 pactionem
995 2609 1077 2647 sine
1097 2609 1298 2647 coarbitris
1319 2617 1453 2648 contra
1478 2624 1519 2648 se
1540 2611 1659 2649 ferret
1678 2624 1767 2650 sen-

302 2673 476 2711 tentiam.
532 2672 603 2717 Ac,
625 2671 765 2724 quibus
789 2672 1048 2723 praesentibus
1067 2670 1243 2716 vetuerit,
1263 2671 1392 2709 audite
1413 2671 1685 2710 testimonium.

832 2813 1239 2852 TESTIMONIUM.

359 2909 395 2945 6.
434 2908 530 2946 Post
558 2908 641 2946 haec
674 2909 973 2947 Parmenoutein
1005 2909 1144 2946 acerba
1177 2908 1310 2947 clades
1341 2891 1765 2961 oppressits’Judices:

305 2981 394 3006 cum
414 2969 515 3006 enim
536 2975 580 3006 ut
600 2969 722 3019 patria
748 2969 883 3020 pulsus
917 2968 1107 3020 Ophrynii
1138 2968 1344 3017 habitaret,
1365 2970 1431 3008 illo
1450 2977 1672 3010 terraemotu
1700 2972 1765 3023 qui
