<?xml version="1.0" encoding="UTF-8"?>
<!DOCTYPE html PUBLIC "-//W3C//DTD XHTML 1.0 Transitional//EN"
    "http://www.w3.org/TR/xhtml1/DTD/xhtml1-transitional.dtd">
<html xmlns="http://www.w3.org/1999/xhtml" xml:lang="en" lang="en">
 <head>
  <title>
</title>
<meta http-equiv="Content-Type" content="text/html;charset=utf-8" />
  <meta name='ocr-system' content='tesseract 3.04.00' />
  <meta name='ocr-capabilities' content='ocr_page ocr_carea ocr_par ocr_line ocrx_word'/>
</head>
<body>
  <div class='ocr_page' id='page_1' title='image "./oratoresatticie16dobs_0332.png"; bbox 0 0 1948 3306; ppageno 0'>
   <div class='ocr_carea' id='block_1_1' title="bbox 335 161 1392 202">
    <p class='ocr_par' dir='ltr' id='par_1_1' title="bbox 335 161 1392 202">
     <span class='ocr_line' id='line_1_1' title="bbox 335 161 1392 202; baseline 0.003 -4"><span class='ocrx_word' id='word_1_1' title='bbox 335 162 411 199; x_wconf 79' lang='lat'>832</span> <span class='ocrx_word' id='word_1_2' title='bbox 752 163 1001 202; x_wconf 88' lang='lat' dir='ltr'>EXORDIA</span> <span class='ocrx_word' id='word_1_3' title='bbox 1033 161 1392 201; x_wconf 86' lang='lat' dir='ltr'>CONClONUM.</span> 
     </span>
    </p>
   </div>
   <div class='ocr_carea' id='block_1_2' title="bbox 331 264 1797 627">
    <p class='ocr_par' dir='ltr' id='par_1_2' title="bbox 331 264 1797 627">
     <span class='ocr_line' id='line_1_2' title="bbox 334 264 1793 319; baseline 0.003 -18"><span class='ocrx_word' id='word_1_4' title='bbox 334 277 376 301; x_wconf 87' lang='lat' dir='ltr'>se</span> <span class='ocrx_word' id='word_1_5' title='bbox 410 264 502 303; x_wconf 82' lang='lat' dir='ltr'>utile</span> <span class='ocrx_word' id='word_1_6' title='bbox 533 264 678 316; x_wconf 84' lang='lat' dir='ltr'>aliquid</span> <span class='ocrx_word' id='word_1_7' title='bbox 698 268 885 318; x_wconf 83' lang='lat' dir='ltr'>reperisse</span> <span class='ocrx_word' id='word_1_8' title='bbox 913 273 1023 319; x_wconf 83' lang='lat' dir='ltr'>putat</span> <span class='ocrx_word' id='word_1_9' title='bbox 1056 266 1106 304; x_wconf 86' lang='lat' dir='ltr'>ad</span> <span class='ocrx_word' id='word_1_10' title='bbox 1135 266 1342 304; x_wconf 90' lang='lat' dir='ltr'>dicendum</span> <span class='ocrx_word' id='word_1_11' title='bbox 1364 273 1522 318; x_wconf 82' lang='lat' dir='ltr'>surgat:</span> <span class='ocrx_word' id='word_1_12' title='bbox 1554 267 1624 307; x_wconf 90' lang='lat' dir='ltr'>sed</span> <span class='ocrx_word' id='word_1_13' title='bbox 1653 280 1793 319; x_wconf 82' lang='lat' dir='ltr'>cogere</span> 
     </span>
     <span class='ocr_line' id='line_1_3' title="bbox 332 325 1796 382; baseline 0.003 -20"><span class='ocrx_word' id='word_1_14' title='bbox 332 325 473 364; x_wconf 86' lang='lat' dir='ltr'>invitos</span> <span class='ocrx_word' id='word_1_15' title='bbox 494 326 544 364; x_wconf 86' lang='lat' dir='ltr'>ad</span> <span class='ocrx_word' id='word_1_16' title='bbox 572 327 822 374; x_wconf 85' lang='lat' dir='ltr'>audiendum,</span> <span class='ocrx_word' id='word_1_17' title='bbox 854 329 892 366; x_wconf 88' lang='lat' dir='ltr'>id</span> <span class='ocrx_word' id='word_1_18' title='bbox 913 337 986 379; x_wconf 82' lang='lat' dir='ltr'>ego</span> <span class='ocrx_word' id='word_1_19' title='bbox 1006 341 1164 380; x_wconf 88' lang='lat' dir='ltr'>prorsus</span> <span class='ocrx_word' id='word_1_20' title='bbox 1183 341 1270 367; x_wconf 85' lang='lat' dir='ltr'>esse</span> <span class='ocrx_word' id='word_1_21' title='bbox 1290 335 1400 380; x_wconf 86' lang='lat' dir='ltr'><strong>turpe</strong></span> <span class='ocrx_word' id='word_1_22' title='bbox 1421 329 1612 368; x_wconf 88' lang='lat' dir='ltr'>existimo.</span> <span class='ocrx_word' id='word_1_23' title='bbox 1674 329 1796 382; x_wconf 90' lang='lat' dir='ltr'>Spero</span> 
     </span>
     <span class='ocr_line' id='line_1_4' title="bbox 333 389 1797 442; baseline 0.005 -18"><span class='ocrx_word' id='word_1_24' title='bbox 333 393 477 434; x_wconf 81' lang='lat' dir='ltr'>autem,</span> <span class='ocrx_word' id='word_1_25' title='bbox 498 389 530 426; x_wconf 88' lang='lat' dir='ltr'>si</span> <span class='ocrx_word' id='word_1_26' title='bbox 562 389 654 428; x_wconf 86' lang='lat' dir='ltr'>mihi</span> <span class='ocrx_word' id='word_1_27' title='bbox 680 389 793 428; x_wconf 85' lang='lat' dir='ltr'>hodie</span> <span class='ocrx_word' id='word_1_28' title='bbox 827 390 1110 437; x_wconf 82' lang='lat' dir='ltr'><strong>auscultabitis,</strong></span> <span class='ocrx_word' id='word_1_29' title='bbox 1139 403 1210 429; x_wconf 89' lang='lat' dir='ltr'>vos</span> <span class='ocrx_word' id='word_1_30' title='bbox 1243 396 1284 428; x_wconf 87' lang='lat' dir='ltr'>et</span> <span class='ocrx_word' id='word_1_31' title='bbox 1314 390 1355 429; x_wconf 91' lang='lat' dir='ltr'>id</span> <span class='ocrx_word' id='word_1_32' title='bbox 1389 390 1495 441; x_wconf 88' lang='lat' dir='ltr'>quod</span> <span class='ocrx_word' id='word_1_33' title='bbox 1526 390 1715 442; x_wconf 89' lang='lat' dir='ltr'>optimum</span> <span class='ocrx_word' id='word_1_34' title='bbox 1734 399 1797 431; x_wconf 84' lang='lat' dir='ltr'>est</span> 
     </span>
     <span class='ocr_line' id='line_1_5' title="bbox 332 449 1795 503; baseline 0.005 -17"><span class='ocrx_word' id='word_1_35' title='bbox 332 449 473 488; x_wconf 83' lang='lat' dir='ltr'>rectius</span> <span class='ocrx_word' id='word_1_36' title='bbox 492 450 696 498; x_wconf 85' lang='lat' dir='ltr'><strong>electuros,</strong></span> <span class='ocrx_word' id='word_1_37' title='bbox 717 459 756 490; x_wconf 88' lang='lat' dir='ltr'>et</span> <span class='ocrx_word' id='word_1_38' title='bbox 777 458 1002 503; x_wconf 76' lang='lat' dir='ltr'>suggestum</span> <span class='ocrx_word' id='word_1_39' title='bbox 1023 451 1371 491; x_wconf 83' lang='lat' dir='ltr'>conscendentium</span> <span class='ocrx_word' id='word_1_40' title='bbox 1403 464 1599 491; x_wconf 85' lang='lat' dir='ltr'>sermones</span> <span class='ocrx_word' id='word_1_41' title='bbox 1623 453 1795 493; x_wconf 78' lang='lat' dir='ltr'>facturos</span> 
     </span>
     <span class='ocr_line' id='line_1_6' title="bbox 331 512 1794 563; baseline 0.004 -16"><span class='ocrx_word' id='word_1_42' title='bbox 331 523 418 549; x_wconf 86' lang='lat' dir='ltr'>esse</span> <span class='ocrx_word' id='word_1_43' title='bbox 447 512 599 551; x_wconf 86' lang='lat' dir='ltr'>breves.</span> <span class='ocrx_word' id='word_1_44' title='bbox 656 513 761 557; x_wconf 89' lang='lat' dir='ltr'>Quid</span> <span class='ocrx_word' id='word_1_45' title='bbox 794 513 912 563; x_wconf 84' lang='lat' dir='ltr'>igitur</span> <span class='ocrx_word' id='word_1_46' title='bbox 940 514 1114 552; x_wconf 82' lang='lat' dir='ltr'>suadeo?</span> <span class='ocrx_word' id='word_1_47' title='bbox 1160 514 1346 561; x_wconf 84' lang='lat' dir='ltr'>Primum,</span> <span class='ocrx_word' id='word_1_48' title='bbox 1379 513 1651 560; x_wconf 85' lang='lat' dir='ltr'>Athenienses,</span> <span class='ocrx_word' id='word_1_49' title='bbox 1671 521 1716 552; x_wconf 88' lang='lat' dir='ltr'>ut</span> <span class='ocrx_word' id='word_1_50' title='bbox 1747 515 1794 553; x_wconf 86' lang='lat' dir='ltr'>de</span> 
     </span>
     <span class='ocr_line' id='line_1_7' title="bbox 331 571 1796 627; baseline 0.004 -19"><span class='ocrx_word' id='word_1_51' title='bbox 331 571 392 609; x_wconf 87' lang='lat' dir='ltr'>his</span> <span class='ocrx_word' id='word_1_52' title='bbox 412 573 505 624; x_wconf 86' lang='lat' dir='ltr'>ipsis</span> <span class='ocrx_word' id='word_1_53' title='bbox 526 587 613 625; x_wconf 84' lang='lat' dir='ltr'>quae</span> <span class='ocrx_word' id='word_1_54' title='bbox 633 575 671 612; x_wconf 89' lang='lat' dir='ltr'>in</span> <span class='ocrx_word' id='word_1_55' title='bbox 692 574 965 613; x_wconf 82' lang='lat' dir='ltr'>deliberatione</span> <span class='ocrx_word' id='word_1_56' title='bbox 987 582 1079 614; x_wconf 83' lang='lat' dir='ltr'>sunt</span> <span class='ocrx_word' id='word_1_57' title='bbox 1101 575 1359 627; x_wconf 86' lang='lat' dir='ltr'>prodeuntem</span> <span class='ocrx_word' id='word_1_58' title='bbox 1379 588 1573 627; x_wconf 81' lang='lat' dir='ltr'>quemque</span> <span class='ocrx_word' id='word_1_59' title='bbox 1590 575 1717 614; x_wconf 90' lang='lat' dir='ltr'>dicere</span> <span class='ocrx_word' id='word_1_60' title='bbox 1731 578 1796 625; x_wconf 89' lang='lat' dir='ltr'>ju—</span> 
     </span>
    </p>
   </div>
   <div class='ocr_carea' id='block_1_3' title="bbox 330 634 1829 690">
    <p class='ocr_par' dir='ltr' id='par_1_3' title="bbox 330 634 1829 690">
     <span class='ocr_line' id='line_1_8' title="bbox 330 634 1829 690; baseline 0.003 -18"><span class='ocrx_word' id='word_1_61' title='bbox 330 634 470 673; x_wconf 88' lang='lat' dir='ltr'>beatis.</span> <span class='ocrx_word' id='word_1_62' title='bbox 527 635 656 674; x_wconf 80' lang='lat' dir='ltr'>Multa</span> <span class='ocrx_word' id='word_1_63' title='bbox 688 636 792 674; x_wconf 89' lang='lat' dir='ltr'>enim</span> <span class='ocrx_word' id='word_1_64' title='bbox 825 638 901 675; x_wconf 80' lang='lat' dir='ltr'>alia</span> <span class='ocrx_word' id='word_1_65' title='bbox 930 637 1137 689; x_wconf 80' lang='lat' dir='ltr'>complecti</span> <span class='ocrx_word' id='word_1_66' title='bbox 1168 637 1343 676; x_wconf 90' lang='lat' dir='ltr'>oratione</span> <span class='ocrx_word' id='word_1_67' title='bbox 1371 637 1497 690; x_wconf 90' lang='lat' dir='ltr'>possis</span> <span class='ocrx_word' id='word_1_68' title='bbox 1536 650 1659 689; x_wconf 85' lang='lat' dir='ltr'>eaque</span> <span class='ocrx_word' id='word_1_69' title='bbox 1686 637 1796 677; x_wconf 85' lang='lat' dir='ltr'>dictu</span> <span class='ocrx_word' id='word_1_70' title='bbox 1824 647 1829 658; x_wconf 77' lang='grc'><strong>“</strong></span> 
     </span>
    </p>
   </div>
   <div class='ocr_carea' id='block_1_4' title="bbox 325 696 1797 1609">
    <p class='ocr_par' dir='ltr' id='par_1_4' title="bbox 325 696 1797 1609">
     <span class='ocr_line' id='line_1_9' title="bbox 325 696 1795 751; baseline 0.003 -17"><span class='ocrx_word' id='word_1_71' title='bbox 325 696 514 748; x_wconf 86' lang='lat' dir='ltr'>jucunda,</span> <span class='ocrx_word' id='word_1_72' title='bbox 535 699 567 737; x_wconf 91' lang='lat' dir='ltr'>si</span> <span class='ocrx_word' id='word_1_73' title='bbox 595 698 809 749; x_wconf 81' lang='lat' dir='ltr'>praesertim</span> <span class='ocrx_word' id='word_1_74' title='bbox 838 706 882 738; x_wconf 88' lang='lat' dir='ltr'>ut</span> <span class='ocrx_word' id='word_1_75' title='bbox 913 699 1075 738; x_wconf 88' lang='lat' dir='ltr'>istorum</span> <span class='ocrx_word' id='word_1_76' title='bbox 1104 699 1262 751; x_wconf 88' lang='lat' dir='ltr'>quidam</span> <span class='ocrx_word' id='word_1_77' title='bbox 1288 700 1456 739; x_wconf 90' lang='lat' dir='ltr'>dicendo</span> <span class='ocrx_word' id='word_1_78' title='bbox 1475 700 1620 740; x_wconf 85' lang='lat' dir='ltr'>valeas.</span> <span class='ocrx_word' id='word_1_79' title='bbox 1678 700 1795 744; x_wconf 88' lang='lat' dir='ltr'>Quod</span> 
     </span>
     <span class='ocr_line' id='line_1_10' title="bbox 331 760 1796 811; baseline 0.003 -14"><span class='ocrx_word' id='word_1_80' title='bbox 331 760 363 797; x_wconf 87' lang='lat' dir='ltr'>si</span> <span class='ocrx_word' id='word_1_81' title='bbox 382 767 537 811; x_wconf 87' lang='lat' dir='ltr'>propter</span> <span class='ocrx_word' id='word_1_82' title='bbox 558 760 753 799; x_wconf 88' lang='lat' dir='ltr'>audienda</span> <span class='ocrx_word' id='word_1_83' title='bbox 782 763 900 801; x_wconf 88' lang='lat' dir='ltr'>verba</span> <span class='ocrx_word' id='word_1_84' title='bbox 920 762 1168 810; x_wconf 85' lang='lat' dir='ltr'>convenistis,</span> <span class='ocrx_word' id='word_1_85' title='bbox 1189 775 1236 801; x_wconf 82' lang='lat' dir='ltr'>ea</span> <span class='ocrx_word' id='word_1_86' title='bbox 1264 768 1346 801; x_wconf 91' lang='lat' dir='ltr'>tum</span> <span class='ocrx_word' id='word_1_87' title='bbox 1367 762 1490 801; x_wconf 88' lang='lat' dir='ltr'>audiri</span> <span class='ocrx_word' id='word_1_88' title='bbox 1519 770 1602 801; x_wconf 90' lang='lat' dir='ltr'>tum</span> <span class='ocrx_word' id='word_1_89' title='bbox 1632 762 1709 801; x_wconf 88' lang='lat' dir='ltr'>dici</span> <span class='ocrx_word' id='word_1_90' title='bbox 1728 762 1796 801; x_wconf 87' lang='lat' dir='ltr'>de-</span> 
     </span>
     <span class='ocr_line' id='line_1_11' title="bbox 330 821 1797 877; baseline 0.003 -19"><span class='ocrx_word' id='word_1_91' title='bbox 330 821 448 859; x_wconf 88' lang='lat' dir='ltr'>bent:</span> <span class='ocrx_word' id='word_1_92' title='bbox 479 822 537 860; x_wconf 90' lang='lat' dir='ltr'>sin</span> <span class='ocrx_word' id='word_1_93' title='bbox 570 823 619 860; x_wconf 91' lang='lat' dir='ltr'>de</span> <span class='ocrx_word' id='word_1_94' title='bbox 650 836 777 861; x_wconf 88' lang='lat' dir='ltr'>rerum</span> <span class='ocrx_word' id='word_1_95' title='bbox 808 824 964 863; x_wconf 85' lang='lat' dir='ltr'>delectu</span> <span class='ocrx_word' id='word_1_96' title='bbox 993 824 1255 872; x_wconf 83' lang='lat' dir='ltr'>deliberaturi,</span> <span class='ocrx_word' id='word_1_97' title='bbox 1275 837 1415 863; x_wconf 89' lang='lat' dir='ltr'>moneo</span> <span class='ocrx_word' id='word_1_98' title='bbox 1432 837 1502 863; x_wconf 86' lang='lat' dir='ltr'>vos</span> <span class='ocrx_word' id='word_1_99' title='bbox 1532 830 1578 863; x_wconf 83' lang='lat' dir='ltr'>ut</span> <span class='ocrx_word' id='word_1_100' title='bbox 1601 824 1708 877; x_wconf 89' lang='lat' dir='ltr'>ipsas</span> <span class='ocrx_word' id='word_1_101' title='bbox 1736 837 1797 862; x_wconf 88' lang='lat' dir='ltr'>res</span> 
     </span>
     <span class='ocr_line' id='line_1_12' title="bbox 330 883 1797 938; baseline 0.003 -18"><span class='ocrx_word' id='word_1_102' title='bbox 330 883 494 922; x_wconf 83' lang='lat' dir='ltr'>maxime</span> <span class='ocrx_word' id='word_1_103' title='bbox 520 884 645 923; x_wconf 91' lang='lat' dir='ltr'>nudas</span> <span class='ocrx_word' id='word_1_104' title='bbox 672 884 904 936; x_wconf 87' lang='lat' dir='ltr'>dijudicetis,</span> <span class='ocrx_word' id='word_1_105' title='bbox 925 886 1138 938; x_wconf 85' lang='lat' dir='ltr'>repudiatis</span> <span class='ocrx_word' id='word_1_106' title='bbox 1157 886 1283 925; x_wconf 88' lang='lat' dir='ltr'>verbis</span> <span class='ocrx_word' id='word_1_107' title='bbox 1302 886 1483 925; x_wconf 90' lang='lat' dir='ltr'>omnibus</span> <span class='ocrx_word' id='word_1_108' title='bbox 1501 899 1590 938; x_wconf 90' lang='lat' dir='ltr'>quae</span> <span class='ocrx_word' id='word_1_109' title='bbox 1611 886 1797 925; x_wconf 86' lang='lat' dir='ltr'>seducere</span> 
     </span>
     <span class='ocr_line' id='line_1_13' title="bbox 328 947 1796 1000; baseline 0.001 -17"><span class='ocrx_word' id='word_1_110' title='bbox 328 952 505 997; x_wconf 87' lang='lat' dir='ltr'>possunt.</span> <span class='ocrx_word' id='word_1_111' title='bbox 563 947 654 986; x_wconf 90' lang='lat' dir='ltr'>Hoc</span> <span class='ocrx_word' id='word_1_112' title='bbox 686 947 801 998; x_wconf 86' lang='lat' dir='ltr'>igitur</span> <span class='ocrx_word' id='word_1_113' title='bbox 831 962 953 987; x_wconf 90' lang='lat' dir='ltr'>unum</span> <span class='ocrx_word' id='word_1_114' title='bbox 987 955 1048 987; x_wconf 85' lang='lat' dir='ltr'>est</span> <span class='ocrx_word' id='word_1_115' title='bbox 1079 949 1186 1000; x_wconf 89' lang='lat' dir='ltr'>quod</span> <span class='ocrx_word' id='word_1_116' title='bbox 1210 948 1324 988; x_wconf 88' lang='lat' dir='ltr'>dico:</span> <span class='ocrx_word' id='word_1_117' title='bbox 1354 949 1519 987; x_wconf 87' lang='lat' dir='ltr'>alterum</span> <span class='ocrx_word' id='word_1_118' title='bbox 1548 947 1660 996; x_wconf 91' lang='lat' dir='ltr'>illud,</span> <span class='ocrx_word' id='word_1_119' title='bbox 1689 947 1796 999; x_wconf 90' lang='lat' dir='ltr'>quod</span> 
     </span>
     <span class='ocr_line' id='line_1_14' title="bbox 328 1008 1797 1061; baseline 0.001 -15"><span class='ocrx_word' id='word_1_120' title='bbox 328 1008 495 1047; x_wconf 84' lang='lat' dir='ltr'>fortasse</span> <span class='ocrx_word' id='word_1_121' title='bbox 529 1009 762 1061; x_wconf 89' lang='lat' dir='ltr'>quibusdam</span> <span class='ocrx_word' id='word_1_122' title='bbox 808 1011 1033 1050; x_wconf 83' lang='lat' dir='ltr'>admirabile</span> <span class='ocrx_word' id='word_1_123' title='bbox 1064 1010 1253 1059; x_wconf 86' lang='lat' dir='ltr'>videatur,</span> <span class='ocrx_word' id='word_1_124' title='bbox 1288 1017 1345 1058; x_wconf 93' lang='lat' dir='ltr'>ut,</span> <span class='ocrx_word' id='word_1_125' title='bbox 1376 1010 1408 1049; x_wconf 90' lang='lat' dir='ltr'>si</span> <span class='ocrx_word' id='word_1_126' title='bbox 1444 1010 1639 1049; x_wconf 88' lang='lat' dir='ltr'>orationes</span> <span class='ocrx_word' id='word_1_127' title='bbox 1677 1009 1797 1048; x_wconf 90' lang='lat' dir='ltr'>minui</span> 
     </span>
     <span class='ocr_line' id='line_1_15' title="bbox 329 1064 1797 1124; baseline 0.002 -17"><span class='ocrx_word' id='word_1_128' title='bbox 329 1064 470 1119; x_wconf 83' lang='lat' dir='ltr'>velitis,</span> <span class='ocrx_word' id='word_1_129' title='bbox 488 1084 576 1109; x_wconf 88' lang='lat' dir='ltr'>cum</span> <span class='ocrx_word' id='word_1_130' title='bbox 596 1071 749 1110; x_wconf 91' lang='lat' dir='ltr'>silentio</span> <span class='ocrx_word' id='word_1_131' title='bbox 770 1073 1011 1112; x_wconf 88' lang='lat' dir='ltr'>auscultetis.</span> <span class='ocrx_word' id='word_1_132' title='bbox 1069 1073 1172 1112; x_wconf 88' lang='lat' dir='ltr'>Nam</span> <span class='ocrx_word' id='word_1_133' title='bbox 1193 1073 1243 1111; x_wconf 91' lang='lat' dir='ltr'>de</span> <span class='ocrx_word' id='word_1_134' title='bbox 1262 1085 1309 1111; x_wconf 90' lang='lat' dir='ltr'>eo</span> <span class='ocrx_word' id='word_1_135' title='bbox 1328 1071 1486 1123; x_wconf 87' lang='lat' dir='ltr'>quidem</span> <span class='ocrx_word' id='word_1_136' title='bbox 1506 1072 1612 1124; x_wconf 91' lang='lat' dir='ltr'>quod</span> <span class='ocrx_word' id='word_1_137' title='bbox 1626 1077 1694 1110; x_wconf 87' lang='lat' dir='ltr'>aut</span> <span class='ocrx_word' id='word_1_138' title='bbox 1710 1071 1797 1110; x_wconf 84' lang='lat' dir='ltr'>haec</span> 
     </span>
     <span class='ocr_line' id='line_1_16' title="bbox 329 1133 1795 1186; baseline 0 -15"><span class='ocrx_word' id='word_1_139' title='bbox 329 1139 397 1171; x_wconf 88' lang='lat' dir='ltr'>aut</span> <span class='ocrx_word' id='word_1_140' title='bbox 416 1133 482 1173; x_wconf 85' lang='lat' dir='ltr'>illa</span> <span class='ocrx_word' id='word_1_141' title='bbox 501 1133 738 1181; x_wconf 82' lang='lat' dir='ltr'>conducant,</span> <span class='ocrx_word' id='word_1_142' title='bbox 761 1141 828 1173; x_wconf 89' lang='lat' dir='ltr'>aut</span> <span class='ocrx_word' id='word_1_143' title='bbox 857 1148 945 1185; x_wconf 84' lang='lat' dir='ltr'>quae</span> <span class='ocrx_word' id='word_1_144' title='bbox 976 1136 1117 1186; x_wconf 87' lang='lat' dir='ltr'>quibus</span> <span class='ocrx_word' id='word_1_145' title='bbox 1146 1135 1186 1173; x_wconf 89' lang='lat' dir='ltr'>in</span> <span class='ocrx_word' id='word_1_146' title='bbox 1206 1133 1425 1186; x_wconf 80' lang='lat' dir='ltr'>Republica</span> <span class='ocrx_word' id='word_1_147' title='bbox 1443 1133 1687 1186; x_wconf 82' lang='lat' dir='ltr'>praeferenda</span> <span class='ocrx_word' id='word_1_148' title='bbox 1705 1133 1795 1181; x_wconf 89' lang='lat' dir='ltr'>sint,</span> 
     </span>
     <span class='ocr_line' id='line_1_17' title="bbox 328 1195 1795 1249; baseline -0.001 -15"><span class='ocrx_word' id='word_1_149' title='bbox 328 1208 457 1247; x_wconf 88' lang='lat' dir='ltr'>neque</span> <span class='ocrx_word' id='word_1_150' title='bbox 474 1197 592 1235; x_wconf 88' lang='lat' dir='ltr'>verba</span> <span class='ocrx_word' id='word_1_151' title='bbox 610 1195 734 1235; x_wconf 86' lang='lat' dir='ltr'>multa</span> <span class='ocrx_word' id='word_1_152' title='bbox 760 1203 989 1248; x_wconf 88' lang='lat' dir='ltr'>suppetunt,</span> <span class='ocrx_word' id='word_1_153' title='bbox 1008 1196 1083 1236; x_wconf 88' lang='lat' dir='ltr'>nisi</span> <span class='ocrx_word' id='word_1_154' title='bbox 1101 1197 1188 1249; x_wconf 89' lang='lat' dir='ltr'>quis</span> <span class='ocrx_word' id='word_1_155' title='bbox 1216 1197 1360 1235; x_wconf 85' lang='lat' dir='ltr'>frustra</span> <span class='ocrx_word' id='word_1_156' title='bbox 1386 1195 1524 1247; x_wconf 87' lang='lat' dir='ltr'>nugari</span> <span class='ocrx_word' id='word_1_157' title='bbox 1541 1195 1647 1243; x_wconf 88' lang='lat' dir='ltr'>velit,</span> <span class='ocrx_word' id='word_1_158' title='bbox 1667 1208 1795 1246; x_wconf 89' lang='lat' dir='ltr'>neque</span> 
     </span>
     <span class='ocr_line' id='line_1_18' title="bbox 329 1257 1795 1310; baseline 0.001 -15"><span class='ocrx_word' id='word_1_159' title='bbox 329 1258 534 1309; x_wconf 90' lang='lat' dir='ltr'>quisquam</span> <span class='ocrx_word' id='word_1_160' title='bbox 553 1258 690 1297; x_wconf 87' lang='lat' dir='ltr'>eadem</span> <span class='ocrx_word' id='word_1_161' title='bbox 711 1258 907 1297; x_wconf 85' lang='lat' dir='ltr'>inculcare</span> <span class='ocrx_word' id='word_1_162' title='bbox 928 1259 1060 1297; x_wconf 89' lang='lat' dir='ltr'>denuo</span> <span class='ocrx_word' id='word_1_163' title='bbox 1079 1258 1206 1298; x_wconf 84' lang='lat' dir='ltr'>ausit:</span> <span class='ocrx_word' id='word_1_164' title='bbox 1230 1258 1382 1310; x_wconf 86' lang='lat' dir='ltr'>justum</span> <span class='ocrx_word' id='word_1_165' title='bbox 1401 1263 1530 1296; x_wconf 80' lang='lat' dir='ltr'>autem</span> <span class='ocrx_word' id='word_1_166' title='bbox 1553 1270 1640 1296; x_wconf 88' lang='lat' dir='ltr'>esse</span> <span class='ocrx_word' id='word_1_167' title='bbox 1665 1257 1795 1296; x_wconf 90' lang='lat' dir='ltr'>dicere</span> 
     </span>
     <span class='ocr_line' id='line_1_19' title="bbox 327 1320 1796 1373; baseline -0.001 -15"><span class='ocrx_word' id='word_1_168' title='bbox 327 1325 373 1357; x_wconf 87' lang='lat' dir='ltr'>ut</span> <span class='ocrx_word' id='word_1_169' title='bbox 402 1320 540 1372; x_wconf 87' lang='lat' dir='ltr'>aliquis</span> <span class='ocrx_word' id='word_1_170' title='bbox 572 1321 765 1368; x_wconf 82' lang='lat' dir='ltr'>audiatur,</span> <span class='ocrx_word' id='word_1_171' title='bbox 786 1327 826 1360; x_wconf 90' lang='lat' dir='ltr'>et</span> <span class='ocrx_word' id='word_1_172' title='bbox 845 1320 896 1360; x_wconf 88' lang='lat' dir='ltr'>ad</span> <span class='ocrx_word' id='word_1_173' title='bbox 925 1321 1133 1360; x_wconf 86' lang='lat' dir='ltr'>tumultum</span> <span class='ocrx_word' id='word_1_174' title='bbox 1162 1320 1410 1373; x_wconf 87' lang='lat' dir='ltr'>respondere,</span> <span class='ocrx_word' id='word_1_175' title='bbox 1431 1325 1472 1358; x_wconf 86' lang='lat' dir='ltr'>et</span> <span class='ocrx_word' id='word_1_176' title='bbox 1497 1332 1712 1358; x_wconf 88' lang='lat' dir='ltr'>sermonem</span> <span class='ocrx_word' id='word_1_177' title='bbox 1746 1332 1796 1358; x_wconf 86' lang='lat' dir='ltr'>ex</span> 
     </span>
     <span class='ocr_line' id='line_1_20' title="bbox 330 1381 1794 1439; baseline 0.001 -20"><span class='ocrx_word' id='word_1_178' title='bbox 330 1394 506 1422; x_wconf 86' lang='lat' dir='ltr'>sermone</span> <span class='ocrx_word' id='word_1_179' title='bbox 527 1396 667 1430; x_wconf 87' lang='lat' dir='ltr'>serere,</span> <span class='ocrx_word' id='word_1_180' title='bbox 688 1396 802 1422; x_wconf 92' lang='lat' dir='ltr'>nemo</span> <span class='ocrx_word' id='word_1_181' title='bbox 835 1390 894 1422; x_wconf 86' lang='lat' dir='ltr'>est</span> <span class='ocrx_word' id='word_1_182' title='bbox 925 1383 1019 1435; x_wconf 87' lang='lat' dir='ltr'>quin</span> <span class='ocrx_word' id='word_1_183' title='bbox 1051 1383 1187 1436; x_wconf 83' lang='lat' dir='ltr'>possit.</span> <span class='ocrx_word' id='word_1_184' title='bbox 1243 1381 1536 1422; x_wconf 88' lang='lat' dir='ltr'>Tumultuando</span> <span class='ocrx_word' id='word_1_185' title='bbox 1566 1381 1684 1439; x_wconf 77' lang='lat' dir='ltr'>igitur</span> <span class='ocrx_word' id='word_1_186' title='bbox 1714 1394 1794 1420; x_wconf 90' lang='lat' dir='ltr'>non</span> 
     </span>
     <span class='ocr_line' id='line_1_21' title="bbox 326 1442 1795 1498; baseline -0.002 -14"><span class='ocrx_word' id='word_1_187' title='bbox 326 1443 543 1486; x_wconf 76' lang='lat' dir='ltr'>liberamini</span> <span class='ocrx_word' id='word_1_188' title='bbox 562 1446 814 1493; x_wconf 85' lang='lat' dir='ltr'>orationibus,</span> <span class='ocrx_word' id='word_1_189' title='bbox 826 1446 896 1485; x_wconf 89' lang='lat' dir='ltr'>sed</span> <span class='ocrx_word' id='word_1_190' title='bbox 916 1452 956 1484; x_wconf 87' lang='lat' dir='ltr'>et</span> <span class='ocrx_word' id='word_1_191' title='bbox 975 1458 1264 1498; x_wconf 89' lang='lat' dir='ltr'>supervacanea</span> <span class='ocrx_word' id='word_1_192' title='bbox 1283 1444 1466 1497; x_wconf 82' lang='lat' dir='ltr'>quaedam</span> <span class='ocrx_word' id='word_1_193' title='bbox 1485 1442 1617 1482; x_wconf 88' lang='lat' dir='ltr'>audire</span> <span class='ocrx_word' id='word_1_194' title='bbox 1634 1456 1795 1482; x_wconf 90' lang='lat' dir='ltr'>necesse</span> 
     </span>
     <span class='ocr_line' id='line_1_22' title="bbox 330 1504 1794 1560; baseline 0 -15"><span class='ocrx_word' id='word_1_195' title='bbox 330 1507 496 1546; x_wconf 86' lang='lat' dir='ltr'>habetis.</span> <span class='ocrx_word' id='word_1_196' title='bbox 555 1507 648 1547; x_wconf 88' lang='lat' dir='ltr'>Mea</span> <span class='ocrx_word' id='word_1_197' title='bbox 680 1520 771 1548; x_wconf 87' lang='lat' dir='ltr'>vero</span> <span class='ocrx_word' id='word_1_198' title='bbox 804 1507 998 1548; x_wconf 85' lang='lat' dir='ltr'>sententia</span> <span class='ocrx_word' id='word_1_199' title='bbox 1019 1507 1066 1547; x_wconf 90' lang='lat' dir='ltr'>de</span> <span class='ocrx_word' id='word_1_200' title='bbox 1098 1508 1159 1547; x_wconf 91' lang='lat' dir='ltr'>his</span> <span class='ocrx_word' id='word_1_201' title='bbox 1186 1508 1303 1548; x_wconf 85' lang='lat' dir='ltr'>rebus</span> <span class='ocrx_word' id='word_1_202' title='bbox 1333 1506 1382 1547; x_wconf 88' lang='lat' dir='ltr'>de</span> <span class='ocrx_word' id='word_1_203' title='bbox 1408 1506 1551 1560; x_wconf 85' lang='lat' dir='ltr'>quibus</span> <span class='ocrx_word' id='word_1_204' title='bbox 1571 1504 1794 1548; x_wconf 86' lang='lat' dir='ltr'>deliberatis</span> 
     </span>
     <span class='ocr_line' id='line_1_23' title="bbox 327 1570 506 1609; baseline 0.006 -1"><span class='ocrx_word' id='word_1_205' title='bbox 327 1570 415 1609; x_wconf 84' lang='lat' dir='ltr'>haec</span> <span class='ocrx_word' id='word_1_206' title='bbox 433 1575 506 1609; x_wconf 87' lang='lat' dir='ltr'>est.</span> 
     </span>
    </p>
   </div>
  </div>
 </body>
</html>
