1948 3306
346 155 395 194 '22
751 159 973 198 CONTRA
1008 158 1366 198 TIMARCHUM.

345 267 668 311 commemoratis,
698 265 802 310 Quid
836 280 941 318 ergo,
971 266 1106 317 inquit,
1139 266 1289 304 consilii
1319 265 1369 303 do
1399 264 1536 304 vobis?
1577 265 1619 303 Si
1649 268 1805 304 senatus

341 330 454 368 istum
474 328 619 380 injuriae
643 328 957 375 condemnatum,
988 336 1028 367 et
1052 328 1247 367 frondium
1273 328 1455 380 suffragio
1481 328 1723 380 repudiatum
1741 332 1804 378 ju-

343 392 442 430 dicio
459 391 674 438 tradiderit,
689 392 886 443 praemium
905 392 952 429 de
968 405 1073 430 more
1095 391 1150 430 eis
1169 391 1325 429 datote:
1347 391 1380 429 si
1395 403 1486 429 vero
1502 404 1581 428 non
1599 391 1806 441 punierint,

341 466 389 490 ne
405 452 550 500 datote,
567 452 635 490 sed
652 452 716 490 illo
738 453 798 490 die
819 453 1088 490 recordamini.
1121 453 1217 491 Post
1233 459 1391 491 senatus
1405 452 1444 489 in
1465 452 1609 490 curiam
1626 465 1805 490 reversus

340 515 537 552 frondium
569 514 726 565 quidem
753 514 935 564 suffragio
955 515 1071 552 istum
1093 516 1220 566 ejecit,
1248 515 1317 553 sed
1344 514 1511 552 dicenda
1529 514 1722 552 sententia
1746 527 1805 551 re-

342 578 454 629 cepit.
486 577 590 620 Quia
603 590 693 614 vcro
709 577 937 628 necjudicio
950 577 1174 623 tradiderat,
1189 591 1262 616 nec
1275 592 1295 615 e
1312 577 1418 615 curia
1433 577 1598 628 ejecerat
1615 575 1808 627 (equidem

343 652 433 677 cum
455 639 588 677 dolore
614 638 715 684 dico,
736 638 806 675 sed
827 637 914 675 dico
941 639 1179 685 necessario)
1197 638 1358 689 praemio
1378 638 1514 676 caruit.
1546 637 1676 674 Nolite
1694 637 1810 687 igitur
1829 650 1834 659 ⁸

341 701 594 746 committere,
616 699 890 744 Athenienses,
912 713 1001 736 cum
1023 700 1174 737 senatui
1194 700 1507 745 succensueritis,
1528 705 1567 737 et
1585 698 1810 749 quingentis

343 763 491 801 civibus
511 774 676 799 coronas
706 761 924 797 ademeritis
946 768 1099 811 propter
1128 761 1244 798 istum
1264 774 1343 798 non
1362 761 1555 810 punitum,
1574 767 1618 797 ut
1637 760 1805 797 eundem

343 824 417 875 ipsi
432 836 510 860 non
531 821 700 872 puniatis
717 833 726 859 t
761 828 799 859 et
814 828 1006 859 oratorem
1028 821 1094 871 qui
1114 821 1264 859 senatui
1285 834 1363 858 non
1378 821 1536 872 profuit,
1556 821 1700 872 populo
1715 834 1807 859 con-

339 893 516 923 servetis.

394 948 459 982 24.
490 945 544 982 At
563 945 600 981 in
616 944 907 994 magistratibus
925 951 1025 981 sorte
1042 943 1340 982 obvenientibus
1355 950 1414 982 est
1428 944 1515 981 talis
1531 956 1539 981 :
1561 944 1599 981 in
1618 944 1664 981 iis
1680 950 1810 981 autem

341 1008 406 1058 qui
426 1006 616 1045 electione
637 1013 829 1049 creantur,
848 1005 992 1042 melior.
1024 1005 1169 1056 Ecquis
1185 1018 1275 1043 vero
1290 1012 1461 1043 vestrum
1483 1005 1650 1056 ignorat,
1665 1012 1811 1055 quanta

340 1064 429 1107 cum
448 1067 608 1106 infamia
638 1067 839 1118 peculatus
861 1067 910 1105 sit
929 1067 1160 1105 convictus?
1190 1067 1335 1105 Missus
1357 1068 1458 1106 enim
1481 1080 1503 1105 a
1530 1067 1639 1105 vobis
1664 1066 1714 1104 ad
1740 1066 1810 1104 ha-

338 1130 509 1169 bendum
530 1129 727 1175 delectum
749 1128 1037 1179 peregrinorum
1059 1128 1221 1166 Eretriae
1241 1129 1419 1174 militum,
1443 1128 1549 1166 solus
1571 1128 1810 1178 collegarum

340 1206 381 1230 se
402 1198 604 1243 argentum
619 1190 816 1241 accepisse
837 1191 1054 1228 fatebatur:
1085 1204 1211 1242 neque
1228 1204 1386 1229 causam
1407 1190 1576 1237 dicebat,
1597 1190 1666 1229 sed
1680 1190 1810 1228 statim

339 1255 517 1306 injuriam
538 1254 745 1298 confitens,
765 1253 952 1290 mulctam
987 1253 1201 1303 graviorem
1231 1253 1525 1304 deprecabatur.
1570 1252 1651 1289 Vos
1682 1258 1812 1290 autem

339 1330 472 1355 eorum
493 1316 631 1366 cuique
652 1315 717 1365 qui
733 1314 878 1352 inficias
894 1315 1018 1352 ierant
1033 1315 1218 1353 mulctam
1238 1315 1386 1352 talento
1404 1313 1641 1360 aestimastis,
1660 1313 1723 1351 isti
1744 1314 1811 1351 tri-

339 1378 450 1429 ginta
468 1377 580 1414 minis
596 1389 605 1414 ε
637 1389 725 1413 cum
746 1376 854 1426 leges
868 1375 1035 1427 jubeant
1049 1376 1173 1414 furem
1192 1377 1444 1413 confitentem
1461 1376 1586 1426 capite
1602 1375 1733 1425 plecti,
1748 1388 1811 1412 ne-

339 1443 497 1490 gantem
515 1439 551 1475 in
565 1437 758 1489 judicium
777 1437 931 1475 adduci.
963 1437 1133 1475 Proinde
1151 1437 1205 1476 ita
1219 1450 1288 1478 vos
1304 1437 1550 1488 contempsit,
1569 1443 1613 1474 ut
1631 1434 1669 1474 iri
1683 1436 1810 1474 feren-

339 1500 398 1537 dis
428 1500 474 1538 de
498 1500 587 1551 jure
607 1498 774 1536 civitatis
805 1498 997 1549 suffragiis
1017 1499 1077 1536 bis
1097 1499 1203 1536 mille
1223 1499 1426 1537 drachmas
1448 1499 1655 1553 acceperit.
1706 1498 1809 1536 Nam

337 1577 426 1602 cum
448 1563 695 1601 Philotadem
724 1563 1116 1615 Cydafflenaeensem,
1137 1564 1331 1602 hominem
1352 1563 1489 1609 civem,
1520 1563 1700 1601 libertum
1725 1576 1809 1600 esse

340 1639 454 1663 suum
475 1625 721 1669 asseruisset,
743 1637 787 1661 ac
806 1625 1058 1675 popularibus
1076 1626 1351 1676 persuasisset,
1371 1632 1414 1663 ut
1433 1639 1522 1663 eum
1540 1624 1808 1675 repudiarent:

338 1693 520 1738 suscepta
538 1686 576 1723 in
596 1685 745 1737 judicio
765 1687 1031 1733 accusatione,
1052 1687 1250 1736 sacrisque
1270 1687 1308 1723 in
1328 1700 1466 1724 manus
1487 1687 1674 1737 acceptis,
1696 1686 1809 1724 dato-

336 1762 412 1800 que
426 1747 682 1800 jurejurando
699 1753 882 1791 testatus,
905 1760 946 1784 se
961 1747 1065 1785 dona
1079 1760 1151 1785 nec
1167 1747 1333 1798 cepisse,
1347 1759 1473 1797 neque
1488 1754 1693 1798 capturum
1708 1760 1810 1794 esse,

338 1811 434 1848 deos
448 1808 702 1861 jurisjurandi
734 1808 919 1860 praesides
954 1810 1187 1854 obtestatus,
1213 1815 1250 1846 et
1279 1808 1438 1846 exitium
1467 1808 1538 1845 sibi
1570 1808 1643 1859 ipsi
1668 1809 1809 1858 impre-

337 1879 464 1919 catus,
485 1872 611 1910 celare
624 1884 700 1907 non
717 1871 854 1921 potuit,
875 1883 915 1908 se
931 1883 954 1907 a
975 1870 1196 1908 Leuconide
1217 1869 1435 1907 Philotadis
1455 1870 1569 1907 affine
1587 1883 1656 1921 per
1678 1870 1808 1908 Phile-

338 1946 493 1971 monem
522 1932 753 1970 histri0nem
777 1945 852 1969 xx.
882 1931 1007 1970 minas
1042 1932 1257 1982 accepisse,
1281 1945 1379 1982 quas
1407 1930 1546 1981 exiguo
1574 1938 1748 1983 tempore
1770 1933 1808 1969 in

339 1995 592 2032 Philoxenam
615 1993 855 2031 meretricem
874 1993 1075 2043 impendit.
1106 1993 1169 2030 Sic
1195 2000 1234 2030 et
1253 1992 1528 2043 praevaricatus
1549 1999 1622 2038 est,
1645 2000 1685 2031 et
1703 1993 1809 2045 peje-

337 2056 448 2093 ravit.
479 2056 537 2093 Ae
559 2061 601 2092 ut
619 2068 709 2092 vera
727 2055 856 2093 dicere
876 2068 936 2092 me
952 2061 1116 2101 constet,
1136 2068 1234 2092 voca
1251 2054 1343 2092 mihi
1363 2055 1641 2102 Philemonem,
1663 2055 1729 2106 qui
1750 2069 1807 2093 ar-

339 2124 499 2168 gentum
519 2117 723 2155 Timarcho
751 2116 872 2167 dedit,
897 2123 936 2155 et
960 2116 1222 2155 Leuconidem
1249 2116 1467 2154 Philotadis
1489 2117 1658 2163 affinem,
1681 2123 1720 2155 et
1738 2131 1808 2168 pa·

339 2180 480 2218 ctionis
496 2179 717 2231 exemplum
735 2179 869 2225 recita,
889 2185 934 2217 ut
946 2178 1106 2218 videant
1124 2192 1202 2229 quo
1219 2185 1333 2230 pacto
1352 2192 1509 2217 causam
1522 2179 1752 2218 vendiderit.

744 2308 1152 2348 TESTIMONIUM.
1189 2307 1404 2346 PACTIO.

393 2411 458 2448 25.
490 2408 626 2453 Qualis
646 2408 813 2459 igiturin
833 2409 936 2446 cives
951 2416 990 2447 et
1009 2416 1197 2460 cognatos
1219 2422 1308 2447 suos
1323 2409 1454 2454 fuerit,
1474 2414 1515 2446 et
1531 2409 1807 2460 patrimonium

337 2484 452 2522 quam
469 2471 632 2521 turpiter
653 2470 926 2520 absumpserit,
946 2478 983 2509 et
1005 2478 1048 2507 ut
1067 2484 1180 2508 suum
1200 2484 1339 2522 corpus
1360 2470 1461 2508 affici
1479 2470 1628 2521 probris
1641 2471 1726 2508 >non
1745 2484 1803 2509 re—

337 2532 497 2579 cusarit,
512 2532 551 2569 id
570 2531 722 2582 quidem
746 2531 925 2575 scivistis‚
945 2532 1048 2582 prius
1069 2533 1185 2570 etiam
1206 2546 1322 2583 quam
1342 2546 1417 2583 ego
1437 2532 1649 2570 dixissem:
1679 2533 1748 2570 sed
1768 2540 1808 2571 et

336 2607 424 2631 mea
441 2606 512 2631 vos
538 2593 674 2637 oratio,
702 2599 891 2643 quantum
921 2594 1013 2631 satis
1042 2601 1112 2641 est,
1144 2594 1454 2632 commonefecit.
1497 2593 1667 2644 Reliqua
1690 2607 1806 2645 porro

336 2655 431 2693 mihi
452 2656 530 2692 duo
550 2661 640 2692 sunt
659 2654 918 2692 accusationis
948 2668 1116 2705 genera:
1145 2655 1193 2692 de
1219 2655 1360 2705 quibus
1388 2662 1433 2693 ut
1452 2662 1490 2692 et
1509 2668 1583 2706 ego
1603 2655 1657 2693 ita
1676 2656 1807 2694 dicere

338 2730 479 2768 queam
499 2729 569 2768 pro
581 2716 791 2767 republica,
809 2724 853 2753 ut
871 2716 1032 2763 institui,
1053 2717 1146 2755 deos
1165 2717 1400 2755 immortales
1421 2729 1580 2767 precor:
1611 2723 1650 2755 et
1668 2730 1738 2755 vos
1757 2731 1805 2755 ea

335 2791 424 2828 quae
447 2777 622 2815 dicturus
647 2785 745 2823 sum,
768 2783 916 2815 attente
944 2784 1059 2828 atque
1074 2778 1337 2829 intelligenter
1363 2777 1496 2815 audire
1518 2778 1666 2845 vellem.
1698 2778 1803 2816 Con—

337 2839 436 2877 tinet
450 2845 577 2877 autem
599 2838 700 2890 prior
721 2851 806 2876 mea
826 2840 946 2877 oratio
965 2840 1306 2890 praenaxrationem
1328 2839 1580 2884 defensionis,
1609 2852 1724 2889 quam
1745 2840 1803 2877 in-

339 2902 512 2941 stitutam
526 2915 613 2941 esse
627 2901 743 2940 audio
760 2915 769 2940 :
801 2915 848 2941 ue
863 2915 910 2941 ea
924 2902 1197 2953 praetermissa,
1213 2903 1245 2941 is
1266 2902 1389 2955 quise
1404 2901 1694 2941 dicendiartem
1712 2902 1806 2940 ado-
