1948 3306
316 159 366 195 48
631 159 707 197 DE
739 160 901 198 MALE
931 160 1105 199 GESTA
1138 160 1468 200 LEGATIONE.

669 317 980 356 DECRETUM
1019 315 1434 360 DEMOSTHENIS.

319 411 456 461 ltaque
478 411 633 450 decreta
650 419 692 450 ut
710 414 900 464 principio
921 414 1065 465 scripta
1083 420 1186 458 sunt,
1208 413 1261 450 ita
1276 417 1445 456 manent,
1463 411 1785 449 calumniatorum

319 481 446 510 autem
469 474 585 512 verba
604 473 641 510 in
656 474 738 512 dies
758 488 826 525 pro
848 483 1022 525 tempore
1037 482 1250 513 mutantur.
1287 474 1397 511 Facit
1412 479 1540 510 autem
1562 473 1786 511 concionem

319 546 441 571 meam
459 542 663 573 accusator
683 537 873 586 geminam
892 549 900 573 :
937 536 1133 574 decretum
1157 545 1195 574 et
1214 536 1370 580 veritas,
1393 548 1528 572 unam.
1565 535 1666 572 Cum
1686 534 1787 572 enirn

315 597 527 646 posteriorc
562 599 749 635 concione
770 598 926 635 dicendi
947 605 1121 648 potestas
1142 599 1235 636 data
1268 611 1345 636 non
1366 605 1484 643 esset,
1514 598 1581 637 sed
1603 596 1787 647 praesides

316 658 579 708 prohiberent,
600 660 716 697 verba
738 661 865 697 facere
895 673 973 697 non
994 660 1112 697 licuit.
1153 660 1256 702 Quid
1277 673 1367 698 vero
1393 659 1485 697 mihi
1514 658 1737 705 voluissem,
1758 659 1789 695 si
1830 677 1835 689 ι

321 719 555 758 Philocratis
587 728 735 758 sectam
759 722 961 771 sequebar,
981 734 1027 759 eo
1056 721 1179 771 pridie
1207 722 1308 771 apud
1331 722 1488 759 eosdem
1509 720 1704 758 auditores
1725 732 1789 757 ac-

317 782 509 825 cusando,
540 789 579 819 ct
599 789 692 832 post
711 783 958 820 intervallum
986 783 1111 820 noctis
1132 782 1244 819 unius
1267 782 1540 820 defendendo?
1571 783 1712 820 Utrum
1745 789 1789 819 ut

316 842 390 892 ipsi
419 843 510 879 mihi
539 844 744 881 accederet
764 844 1007 881 auctoritas?
1036 844 1097 880 An
1127 851 1171 881 ut
1197 844 1252 882 illi
1271 844 1516 881 commodum
1537 844 1693 894 aliquod
1721 857 1790 894 per

319 918 379 941 nie
395 906 710 957 compararetur?
741 907 887 944 Verum
909 920 987 944 non
1008 907 1118 945 licuit
1137 914 1343 958 utrumque
1361 907 1547 957 consequi
1564 919 1590 953 t,
1606 907 1675 952 sed
1696 907 1790 945 illud

317 967 503 1011 restabat,
524 975 568 1005 ut
588 976 624 1005 et
643 968 816 1005 omnium
836 969 1056 1006 voluntates
1078 982 1100 1006 a
1120 982 1180 1006 me
1209 968 1434 1015 alienarem,
1465 975 1504 1006 et
1523 968 1616 1005 nihil
1639 982 1791 1019 promo-

317 1029 460 1066 verem.
490 1029 599 1067 Voca
619 1029 710 1067 mihi
729 1031 978 1082 Amyntorem
1001 1031 1272 1077 Ercffiensem,
1289 1037 1326 1068 et
1341 1030 1424 1081 ejus
1445 1029 1706 1068 testimonium
1731 1040 1789 1069 re-'

317 1090 426 1127 citas
452 1090 540 1134 Quo
569 1098 697 1129 autem
719 1098 832 1142 pacto
852 1092 892 1129 id
920 1091 1105 1143 scriptum
1129 1093 1190 1137 sit,
1219 1093 1256 1129 in
1288 1091 1420 1143 primis
1447 1105 1639 1143 exponam
1667 1093 1790 1131 vobis.

317 1152 595 1208 Testimonium
615 1154 794 1205 perhibet
813 1155 1003 1206 Amyntor
1031 1154 1216 1201 AEschini,
1237 1168 1323 1192 cum
1345 1154 1513 1206 populus
1535 1154 1583 1192 de
1604 1153 1790 1192 societate

318 1227 405 1250 cum
436 1214 616 1266 Philippo
635 1215 807 1254 ineunda
827 1216 874 1253 de
893 1216 1086 1254 sententia
1107 1216 1382 1253 Demosthenis
1408 1216 1445 1253 in
1464 1215 1673 1266 posteriore
1695 1216 1791 1254 dua-

316 1289 401 1313 rum
422 1277 652 1314 concionum
674 1278 919 1323 deliberaret,
943 1292 989 1316 ac
1020 1279 1139 1315 verba
1165 1278 1293 1315 facere
1321 1291 1399 1315 non
1430 1278 1585 1315 liceret:
1617 1277 1685 1315 sed
1719 1278 1787 1314 de-

317 1345 438 1383 creta,
463 1339 512 1376 de
548 1352 643 1389 pace
681 1347 720 1377 et
752 1339 938 1377 societate
972 1340 1090 1383 facta,
1118 1339 1409 1389 comprobanda
1437 1345 1505 1376 aut
1537 1337 1793 1388 improbanda

319 1407 464 1446 essent,
501 1402 539 1437 in
566 1414 612 1438 ea
635 1394 824 1440 concione
858 1401 1168 1438 Demosthenem
1199 1400 1436 1438 assidentem
1473 1400 1545 1437 sibi
1573 1399 1792 1437 ostendisse

319 1462 506 1513 scriptum
528 1463 743 1508 decretum,
764 1462 826 1500 cui
847 1475 987 1499 nomen
1018 1461 1294 1500 Demosthenis
1316 1462 1585 1513 praescriptum
1603 1464 1718 1507 esset,
1745 1475 1792 1499 ac

320 1523 580 1568 consuluisse,
618 1538 667 1562 an
699 1524 809 1562 daret
830 1524 981 1568 scribae,
1003 1530 1045 1561 ut
1066 1523 1296 1574 praesidibus
1317 1523 1494 1561 offerret:
1528 1523 1567 1560 in
1596 1536 1673 1574 quo
1698 1524 1791 1560 scri—

318 1585 475 1635 psisset,
495 1599 630 1635 pacem
652 1594 690 1625 et
718 1587 942 1625 societatem
963 1586 1101 1624 iisdem
1131 1586 1419 1624 conditionibus
1447 1581 1531 1624 esse
1559 1586 1791 1632 faciendam,

319 1647 459 1696 quibus
489 1647 732 1686 Philocrates
754 1649 971 1700 scripserat.
1007 1649 1115 1686 Voca
1135 1647 1228 1685 mihi
1250 1649 1506 1700 Amyntorem
1528 1648 1791 1695 Erchiensem,

313 1714 361 1745 et
380 1709 514 1757 citato,
542 1710 616 1748 nisi
641 1710 716 1748 huc
736 1710 888 1762 prodire
915 1710 1093 1749 voluerit.

663 1839 1061 1877 TESTIMONIUM
1098 1839 1334 1877 AMYNTO
1343 1839 1445 1877 RIS.

321 1935 601 1973 Testimonium
621 1935 777 1985 quidem
796 1935 1012 1981 audivistis,
1040 1934 1316 1972 Athenienses.
1370 1934 1630 1972 Considerate
1659 1935 1789 1985 igitur,

320 2005 448 2035 utrum
477 1998 654 2036 videatur
686 1998 796 2035 vobis
819 1997 1106 2035 Demosthenes
1127 2010 1188 2034 me
1212 2009 1443 2035 accusasse:
1473 2009 1523 2034 an
1551 2005 1688 2034 contra
1716 1996 1788 2035 sub
1824 1998 1828 1999 ⁷

320 2073 407 2099 ineo
427 2060 580 2098 nomine
601 2060 852 2110 semetipsum
870 2058 886 2095 ’ἓ

374 2124 439 2160 24.
469 2122 661 2165 Quoniam
682 2129 810 2160 autem
831 2121 1058 2159 concionem
1079 2124 1234 2172 quoque
1254 2133 1378 2159 meam
1401 2119 1640 2167 criminatur,
1660 2127 1700 2157 et
1719 2120 1789 2158 ha-

318 2184 420 2222 bitas
443 2198 465 2221 a
493 2198 552 2221 me
590 2184 784 2221 orationes
815 2183 915 2221 male
953 2183 1145 2221 narrando
1176 2184 1389 2234 depravat:
1428 2195 1502 2233 ego
1530 2195 1601 2220 nec
1621 2183 1789 2233 'defugio

320 2260 451 2284 eorum
475 2260 562 2297 quae
589 2254 668 2283 tum
691 2246 784 2291 dixi,
807 2259 932 2296 neque
953 2246 1125 2296 negarim
1147 2245 1382 2296 quicquam:
1423 2257 1587 2295 quorum
1607 2244 1706 2282 adeo
1727 2258 1788 2282 me

320 2321 395 2346 nou
413 2308 548 2358 pudet,
571 2316 611 2344 ut
633 2321 679 2345 ea
699 2307 804 2345 laudi
821 2320 974 2358 quoque
994 2307 1085 2345 milii
1105 2307 1261 2345 ducam.
1298 2307 1506 2344 Revocabo
1527 2313 1655 2344 autem
1678 2307 1787 2344 vobis

319 2369 355 2406 in
375 2369 597 2406 memoriam
615 2377 688 2406 tem
697 2382 831 2419 porum
854 2369 1130 2413 conditionem,
1149 2368 1287 2418 quibus
1308 2367 1595 2406 deliberabatis.
1632 2368 1787 2404 Bellum

318 2431 505 2481 principio
521 2431 760 2481 suscepimus
776 2443 846 2480 pro
866 2430 1102 2480 Amphipoli.
1136 2430 1216 2467 Res
1233 2436 1362 2467 autem
1383 2442 1428 2467 eo
1442 2429 1634 2467 redierat:
1656 2435 1790 2466 noster

318 2493 525 2542 imperator
544 2492 753 2529 foederatas
776 2492 891 2528 urbes
916 2504 955 2528 v.
977 2500 1016 2528 et
1037 2503 1133 2529 Lxx.
1157 2492 1352 2536 amiserat,
1375 2503 1538 2541 quarum
1561 2490 1787 2527 Timotheus

321 2554 492 2596 Cononis
515 2567 550 2591 F.
580 2553 726 2604 potitus
755 2561 852 2598 erat,
878 2565 1057 2602 quasque
1079 2559 1210 2589 nostro
1230 2552 1397 2590 concilio
1418 2551 1788 2603 adjunxerat‚—de·

319 2617 420 2654 crevi
441 2617 540 2654 enim
563 2615 655 2652 nihil
677 2614 934 2659 dissimulare,
954 2620 994 2651 et
1021 2613 1139 2650 libere
1160 2613 1274 2650 simul
1294 2625 1459 2663 vereque
1480 2612 1674 2663 loquendo
1694 2625 1788 2650 con-

318 2677 475 2721 servari,
497 2676 686 2720 sinaliter
707 2675 912 2719 senseritis,
935 2675 1063 2712 animo
1084 2681 1213 2712 tamen
1233 2688 1320 2712 meo
1341 2674 1516 2724 obsequi,
1541 2688 1664 2724 neque
1685 2674 1787 2711 enim

319 2741 669 2790 tergiversabor—-z
686 2746 724 2776 et
738 2753 824 2776 cum
843 2751 908 2776 cr„
921 2739 1094 2777 triremes
1112 2752 1132 2775 e
1150 2738 1354 2776 navalibus
1371 2738 1600 2788 accepisset,
1619 2751 1789 2775 xrvui.

318 2802 711 2850 reduxerut‚—atque
731 2801 817 2838 haec
838 2801 946 2838 vobis
969 2809 1218 2838 accusatores
1237 2800 1276 2837 in
1298 2800 1477 2839 Charetis
1498 2800 1678 2850 periculis
1697 2801 1788 2837 sub-

319 2863 407 2900 inde
421 2864 712 2902 ostendunt——z
733 2870 771 2899 et
789 2875 866 2899 MD.
886 2861 1033 2900 talenta
1053 2875 1131 2900 non
1147 2861 1184 2899 in
1204 2861 1359 2906 milites,
1381 2861 1450 2898 sed
1470 2861 1508 2898 in
1523 2861 1666 2898 ducum
1685 2861 1789 2898 inso-

315 2925 472 2964 lentiam
494 2926 690 2976 insumpta
708 2932 838 2963 erant:
869 2925 908 2962 in
926 2924 1122 2970 Deiarmn,
1146 2923 1377 2974 Deipyrum,
1403 2922 1702 2974 Polyphontem,
1722 2923 1786 2972 qui
