1915 3356
443 211 515 249 DE
549 211 704 249 MALE
737 208 919 248 GESTA
955 208 1289 246 LEGATIONE.
1547 208 1597 244 65

131 312 203 351 sed
221 312 375 351 laedunt
405 314 694 366 rempublicam,
723 314 831 365 pacis
851 313 1100 362 interpretem
1127 311 1383 358 mule-tabunt,
1412 323 1480 349 vos
1509 323 1600 348 vero

132 374 197 424 qui
218 374 385 412 fructum
406 375 615 427 percipitis,
636 388 702 413 eos
729 376 793 426 qui
814 373 945 412 utilem
976 373 1197 424 reipublicae
1217 384 1373 424 operam
1396 379 1602 419 navarunt,

132 435 321 473 deseretis
337 436 353 473 ἲ

186 499 251 534 51.
283 497 372 535 Una
399 511 487 536 cum
508 498 686 549 Philippo
707 496 859 535 cantica
875 495 1125 546 triumphalia
1152 495 1291 541 cecini,
1324 496 1468 533 eversis
1498 494 1602 533 Pho-

129 558 306 596 censium
326 560 501 605 urbibus,
522 566 567 597 ut
594 560 645 597 alt
665 566 882 597 accusator.
932 559 1022 602 Quo
1044 565 1174 596 autem
1202 557 1238 594 id
1262 565 1491 607 argumento
1517 572 1604 609 per-

132 620 267 670 spicue
296 622 438 671 poterit
463 621 756 659 demonstrare?
788 621 881 658 Sum
910 621 1011 658 enim
1032 633 1121 658 cum
1142 619 1282 656 ceteris
1302 619 1444 656 nostris
1463 619 1603 670 legatis

131 680 183 718 ad
207 680 417 732 hospitium
450 681 660 727 invitatus3
691 682 850 720 fuerunt
881 689 1008 719 autem
1036 681 1176 727 vocati,
1198 687 1237 718 et
1265 681 1485 718 concoenati
1515 688 1606 719 sunt

129 755 220 780 curn
241 742 500 793 legationibus
523 743 766 790 Graecorum,
796 757 875 781 non
904 742 1108 794 pauciores
1136 741 1331 780 ducentis.
1374 741 1480 779 Inter
1506 755 1604 792 quos

129 816 204 854 ego
231 804 379 843 scilicet
392 805 631 856 conspicuus
660 806 729 851 fui,
761 819 839 842 non
871 805 1084 850 subticens,
1117 804 1186 841 sed
1220 803 1449 849 concinens,
1479 810 1521 840 ut
1555 804 1609 840 ait

133 865 446 905 Demosthenes:
476 867 540 917 qui
559 881 632 905 nec
653 867 735 918 ipse
766 866 817 904 ibi
846 866 985 913 adfuit,
1006 879 1077 903 nec
1104 878 1236 903 eorum
1256 865 1320 914 qui
1347 864 1608 902 interfuerunt

130 926 254 964 ullum
275 934 412 965 testem
436 928 629 978 produxit.
694 927 743 964 Et
761 927 846 978 quis
876 941 937 965 me
958 940 1075 964 nosse
1097 926 1238 977 potuit,
1259 926 1332 963 nisi
1356 926 1468 972 forte,
1493 932 1537 964 ut
1566 927 1607 963 in

130 987 314 1035 coetibus,
341 990 555 1041 praecinui?
585 990 720 1040 Itaque
748 989 781 1027 si
802 989 920 1035 tacui,
947 989 1046 1026 falso
1081 1000 1141 1025 me
1173 999 1363 1025 accusas:
1396 987 1455 1025 sin
1482 988 1609 1038 patria

131 1057 264 1089 nostra
278 1051 474 1098 incolumi,
496 1059 536 1089 et
551 1051 699 1090 civibus
721 1051 828 1089 nulla
847 1051 1066 1089 calamitate
1096 1049 1254 1101 publica
1275 1048 1606 1096 conflictantibus,

133 1113 314 1152 Paeanem
330 1127 417 1152 cum
438 1115 576 1153 ceteris
598 1114 736 1165 legatis
758 1114 1061 1160 concinui,'cum
1082 1119 1121 1150 et
1141 1112 1215 1150 deo
1232 1112 1358 1150 honos
1384 1112 1607 1161 haberetur,

131 1181 170 1213 et
189 1176 446 1214 Athenienses
467 1176 576 1214 nulla
592 1176 805 1227 ignominia
821 1176 1082 1221 afficerentur,
1102 1173 1163 1225 pie
1185 1174 1273 1219 feci,
1294 1187 1371 1211 non
1393 1174 1549 1225 injuste,
1570 1181 1610 1212 et

125 1237 212 1287 jure
228 1238 499 1275 conservabor.
537 1237 587 1274 Et
606 1250 680 1288 ego
705 1243 861 1288 propter
886 1237 970 1275 haec
991 1235 1258 1274 immisericors
1284 1235 1400 1272 homo
1423 1248 1509 1273 sum
1529 1248 1537 1273 :
1567 1242 1609 1273 tu

130 1311 221 1336 vero
241 1299 341 1350 pius,
361 1298 427 1349 qui
455 1299 507 1337 sis
528 1311 675 1344 eorum,
697 1299 761 1348 qui
781 1298 918 1335 iisdem
939 1306 1068 1335 tecum
1091 1304 1132 1334 et
1150 1296 1399 1334 libationibus
1421 1304 1460 1334 et
1482 1297 1609 1348 epulis

132 1361 191 1397 usi
214 1367 320 1406 sunt,
343 1368 561 1398 accusator.

186 1423 252 1459 52.
283 1422 410 1472 Atque
432 1422 546 1459 etiam
568 1422 869 1460 inconstantiam
902 1422 941 1459 in
971 1421 1144 1472 gerenda
1165 1420 1368 1472 republica
1386 1419 1479 1457 mihi
1503 1420 1610 1471 obje-

132 1483 231 1529 cisti,
253 1483 358 1533 quod
380 1496 466 1521 cum
490 1483 594 1534 prius
627 1483 788 1521 Graecos
821 1490 957 1521 contra
984 1482 1209 1533 Philippum
1243 1481 1519 1528 concitassem‚
1551 1481 1607 1519 le-

133 1552 246 1595 gatus
278 1543 326 1582 ad
357 1557 444 1582 eum
484 1545 631 1582 iverim.
660 1545 888 1583 ,Enimvero
923 1545 1026 1582 idem
1060 1545 1203 1582 crimen
1236 1545 1394 1595 publice
1429 1545 1618 1582 omnibus*

135 1606 443 1643 Atheniensibus
465 1605 638 1657 objicies.
675 1606 829 1644 Bellum
849 1606 1027 1656 gessistis
1050 1619 1137 1643 cum
1159 1605 1487 1643 Lacedaemoniis:
1518 1618 1607 1643 eos-

131 1668 220 1707 dem
239 1675 328 1719 post
343 1668 593 1706 Leuctricam
608 1669 870 1706 calamitatem
886 1667 1130 1706 defendistis.
1152 1668 1362 1705 Thebanos
1379 1667 1607 1705 exsulantes

132 1731 169 1767 in
186 1730 346 1781 patriam
363 1730 584 1768 restituistis
601 1743 609 1768 :
640 1737 677 1767 et
691 1743 820 1768 rursus
838 1730 996 1768 eosdem
1014 1730 1065 1767 ad
1079 1730 1322 1767 Mantineam
1339 1729 1610 1780 oppugnastis.

133 1792 406 1843 Oppugnastis
446 1792 685 1830 Eretrienses
712 1800 751 1829 et
781 1792 1082 1830 Themisonem:
1114 1801 1230 1842 atque
1256 1791 1415 1829 eosdem
1453 1804 1611 1829 conser-

132 1853 265 1892 vastis.
308 1853 358 1891 Et
390 1853 552 1891 Graecos
582 1853 753 1891 infinitos
773 1853 907 1891 eodem
930 1854 1046 1891 modo
1073 1853 1281 1891 tractastis.
1325 1853 1425 1890 Nam
1447 1853 1612 1903 tempori

133 1914 287 1960 servire,
308 1920 347 1952 et
376 1915 522 1965 optima
540 1928 706 1965 quaeque
726 1915 907 1966 amplecti
931 1915 1084 1966 publice
1107 1921 1145 1951 et
1164 1914 1356 1965 privatim,
1387 1928 1522 1952 omnes
1542 1927 1612 1952 ne-

131 1990 243 2015 cesse
259 1978 419 2015 habent.
450 1977 555 2020 Quid
578 1984 708 2015 autem
725 1978 830 2014 bono
852 1977 1019 2015 senatori
1039 1984 1099 2014 est
1119 1976 1346 2028 agendum?
1378 1976 1519 2014 Nonne
1538 1977 1611 2014 rei·

134 2039 304 2089 publicae
331 2052 400 2090 pro
421 2052 460 2076 re
487 2045 593 2084 nata,
620 2052 667 2076 ea
687 2053 773 2089 quae
806 2039 1010 2076 utilissima
1039 2039 1129 2083 sint,
1161 2038 1397 2076 suadenda?
1430 2039 1612 2089 Improbo

131 2113 246 2151 porro
266 2100 482 2138 accusatori
514 2100 608 2151 quid
630 2107 691 2137 est
720 2099 961 2137 dicendum?
991 2099 1132 2137 Nonne
1153 2099 1392 2150 temporibus
1428 2099 1610 2136 dissimu-

133 2161 220 2201 latis
242 2175 303 2200 res
321 2169 443 2213 gestae
460 2160 724 2199 accusandae?
746 2161 860 2197 Unde
875 2174 988 2211 porro
1004 2161 1121 2198 homo
1137 2160 1186 2198 ad
1203 2161 1463 2211 proditionem
1479 2168 1608 2207 natus,

131 2230 194 2262 est
210 2223 480 2274 spectandus?
511 2223 602 2260 Non
623 2222 689 2267 ita,
707 2228 751 2259 ut
764 2230 808 2259 tu
829 2222 871 2259 iis
894 2235 984 2259 usus
998 2235 1039 2259 es
1054 2222 1119 2273 qui
1134 2222 1204 2259 tibi
1219 2222 1427 2260 familiares
1443 2222 1614 2268 fuerunt,

136 2293 172 2324 et
193 2286 311 2323 fidem
331 2285 572 2323 habuerunt:
605 2285 670 2336 qui
690 2286 739 2322 ob
761 2284 977 2322 mercedem
1000 2285 1195 2322 orationes
1217 2285 1266 2322 ad
1281 2285 1432 2335 judicia
1453 2286 1611 2331 scribat,

137 2361 280 2397 easque
303 2348 444 2398 prodat
475 2345 735 2385 adversariis?
766 2346 992 2384 Orationem
1027 2347 1216 2397 scripsisti
1252 2347 1475 2385 Phormioni
1507 2361 1615 2385 men-

135 2410 252 2456 sario,
274 2409 443 2460 pecunia
472 2416 659 2460 accepta:
691 2409 854 2446 eandem
885 2408 1126 2460 Apollodoro
1158 2409 1369 2459 tradidisti,
1395 2410 1461 2460 qui
1490 2409 1614 2447 Phor-

134 2472 303 2509 mionem
337 2470 475 2522 capitis
508 2471 733 2508 accusabat.
777 2470 983 2521 Ingressus
1018 2483 1059 2507 es
1092 2470 1126 2507 in
1161 2470 1364 2508 florentem
1403 2470 1616 2508 Aristarchi

136 2533 310 2580 domum,
333 2532 489 2571 Moschi
513 2545 565 2580 F.,
594 2544 678 2570 eam
707 2532 922 2583 perdidisti.
954 2532 1178 2584 Praecepisti
1201 2533 1275 2570 tria
1293 2532 1441 2569 talenta
1461 2533 1509 2568 ab
1531 2533 1616 2569 Ari-

135 2595 290 2633 starcho
310 2594 376 2645 qui
403 2594 580 2632 exsulat:
611 2606 700 2632 eum
721 2593 843 2631 exsilii
871 2594 1014 2632 viatico
1036 2593 1227 2645 spoliasti,
1250 2594 1390 2630 famam
1422 2593 1516 2630 nihil
1549 2607 1616 2631 ve—

137 2657 244 2701 ritus,
266 2669 352 2694 cum
384 2662 422 2694 te
450 2656 575 2693 mirari
603 2655 764 2692 formam
785 2655 1045 2693 adolescentis
1072 2655 1310 2693 simulasses.
1344 2655 1481 2704 Neque
1513 2655 1615 2692 enim

136 2731 224 2756 vere
246 2719 403 2756 miratus
421 2731 475 2756 eS.
513 2717 651 2768 Neque
667 2717 767 2755 enim
787 2730 900 2754 verus
911 2730 1019 2755 amor
1032 2716 1319 2768 improbitatem
1338 2716 1518 2753 admittit.
1554 2716 1614 2753 Ex

136 2778 210 2823 his,
231 2777 497 2829 similibusque
518 2780 645 2825 rebus,
667 2779 919 2816 aestimandus
941 2785 1000 2815 cst
1018 2778 1207 2829 proditor.

188 2842 253 2878 53.
284 2839 466 2884 Quodam
496 2841 612 2879 etiam
633 2841 721 2879 loco
751 2840 898 2877 militiae
925 2840 1163 2877 mentionem
1196 2839 1302 2884 fecit,
1332 2852 1473 2889 meque
1505 2853 1614 2890 egre-

135 2903 241 2953 gium
272 2901 382 2939 illum
413 2901 571 2939 militem
594 2901 829 2954 appellavit3
862 2914 936 2951 ego
965 2913 1055 2938 vero
1085 2913 1162 2938 non
1192 2907 1351 2951 propter
1384 2900 1485 2938 illins
1520 2914 1616 2938 con-

132 2961 290 3009 vicium,
318 2962 387 3001 sed
423 2962 652 3002 discriminis
682 2963 797 3014 hujus
828 2962 961 3000 habita
992 2963 1153 3001 ratione,
1185 2962 1267 2999 sinc
1298 2961 1443 2998 invidia
1472 2961 1520 3000 de
1552 2963 1610 2999 his

837 3028 857 3051 ³⁸¹
886 3038 908 3061 ι(
