1981 3356
269 215 556 255 ADVERSUS
588 214 1017 254 NAUSIMACHUM
1049 213 1120 252 ET
1150 212 1536 252 XENOPITHEM.
1566 216 1643 253 573

179 320 343 372 Bospori
363 327 495 364 esset:
527 333 605 372 quo
624 318 858 359 Demaretus
880 328 1082 370 nunquam
1100 317 1233 356 venit:
1255 330 1332 369 quo
1355 324 1471 369 pacto
1488 317 1647 368 exegit?

177 383 231 421 At
251 383 421 422 Hercule
441 383 558 430 misit,
578 382 725 433 inquiet
751 381 904 433 aliquis,
926 382 991 432 qui
1012 380 1197 432 exigeret.
1255 380 1301 418 Id
1321 391 1411 418 vero
1440 381 1495 418 ita
1513 380 1643 418 consi·

177 447 324 485 der-ate.
382 446 528 485 Debuit
543 447 768 484 Hermonax
789 452 954 483 stateres
974 453 1148 491 centum,
1162 457 1185 482 a
1198 443 1429 482 Nausicrate
1444 450 1642 495 acceptos.

175 509 347 548 Istorum
366 517 472 548 tutor
490 516 531 548 et
546 515 698 548 curator
719 507 999 547 Aristaechmus
1019 508 1094 545 fuit
1113 507 1284 546 sedecim
1306 519 1443 544 annos.
1503 507 1643 559 Neque

174 584 281 618 vero,
314 584 428 623 quam
462 571 542 609 istis
577 570 721 608 adultis
754 571 962 622 pecuniam
994 583 1123 609 coram
1153 571 1237 622 ipse
1269 569 1384 608 solvit
1404 569 1643 616 Hermonax,

174 645 260 671 eam
279 633 464 680 reddidit,
492 633 585 671 dum
615 632 725 684 pueri
751 640 904 672 essent:
935 645 1063 684 neque
1088 633 1190 671 enim
1222 632 1282 670 bis
1314 631 1479 670 eandem
1508 645 1643 670 nume-

174 695 284 733 ravit.
341 694 414 733 Est
442 707 531 733 vero
559 694 765 746 quisquam
785 694 1007 734 mortalium
1026 695 1080 733 ita
1098 695 1266 746 ineptus,
1288 703 1344 741 ut,
1364 707 1454 746 quae
1480 707 1528 732 ne
1555 694 1644 732 red-

175 756 285 795 deret
313 756 420 808 ipsos
451 755 628 795 dominos
660 757 807 795 tamdiu
839 758 968 804 elusit,
989 771 1037 796 ea
1063 757 1119 795 illi
1139 757 1205 808 qui
1225 757 1405 795 dominus
1425 770 1504 796 non
1525 764 1643 806 esset,

173 819 299 858 missis
319 819 451 867 literis,
472 819 574 858 ultro
598 819 845 858 numeraret?
886 819 1076 871 Equidem
1097 832 1176 858 non
1202 818 1378 857 arbitror.
1435 819 1490 856 Ut
1510 824 1641 857 autem

173 893 234 919 me
265 894 355 919 vera
386 881 531 929 dicere,
550 888 590 920 et
618 888 767 933 patrem
798 882 930 920 statim
963 889 1054 934 post
1079 881 1384 920 transactionem
1413 881 1570 928 obiisse,
1604 889 1644 921 et

171 941 426 981 Demaretum
443 956 641 995 nunquam
663 944 711 982 ab
731 943 815 982 istis
834 944 884 982 de
911 957 959 982 ea
986 943 1155 996 pecunia
1184 943 1225 982 in
1251 943 1318 995 jus
1337 950 1519 982 vocatum
1540 956 1641 991 esse,

170 1018 298 1057 neque
330 1005 500 1057 denique
534 1019 730 1058 quoquam
760 1006 966 1058 navigasse
1002 1020 1130 1058 neque
1167 1005 1260 1044 illuc
1291 1005 1512 1059 profectum
1539 1019 1642 1053 esse,

169 1074 338 1115 constet,
361 1080 460 1121 cape
478 1068 565 1108 haec
586 1068 822 1108 testimonia.
968 1076 973 1081 ¹

722 1196 1082 1235 TESTIMONIA.

168 1289 336 1329 Proinde
367 1304 492 1343 neque
534 1299 685 1344 patrem
721 1299 811 1344 post
844 1290 1148 1330 transactionem
1183 1291 1390 1342 pecuniam
1430 1291 1640 1343 redegisse,

166 1365 294 1405 neque
327 1362 468 1406 sponte
499 1368 720 1407 quenquam
752 1355 874 1393 fuisse
905 1354 1089 1392 daturum
1121 1352 1153 1391 si
1174 1353 1344 1392 misisset
1372 1353 1464 1392 illuc
1493 1353 1638 1393 Dema-

165 1422 287 1463 retus,
308 1430 382 1455 nec
401 1418 434 1456 si
453 1417 535 1469 ipse
554 1418 780 1469 navigasset
799 1424 868 1455 aut
893 1416 984 1455 illuc
1005 1414 1260 1468 pervenisset,
1281 1417 1392 1454 vobis
1422 1422 1461 1455 et
1490 1423 1639 1468 tempo-

164 1477 269 1517 ribus
288 1486 328 1517 et
347 1480 512 1518 testibus
533 1486 595 1519 est
613 1479 869 1532 declaratum.

219 1543 257 1578 4.
280 1541 411 1593 Atque
432 1541 531 1598 adeo
550 1542 589 1580 in
609 1541 831 1581 universum
850 1539 1056 1579 ostendam
1077 1552 1145 1578 eos
1177 1546 1302 1578 totam
1333 1552 1413 1578 rem
1447 1540 1637 1579 ementiri.

167 1603 235 1641 Isti
253 1603 291 1641 in
311 1616 410 1651 eam,
430 1616 510 1655 qua
528 1617 601 1643 nos
621 1604 738 1642 modo
758 1616 841 1642 reos
861 1610 1000 1654 agunt,
1021 1601 1315 1640 accusationem
1340 1601 1636 1654 inscripserunt,

165 1665 308 1705 debere
327 1679 398 1705 nos
417 1665 638 1717 pecuniam,
657 1679 774 1717 quam
798 1672 909 1717 pater
933 1664 1135 1716 receperit,
1154 1677 1244 1702 cum
1266 1663 1305 1700 id
1325 1677 1378 1701 aes
1399 1664 1568 1703 alienum
1596 1665 1636 1702 in

165 1727 298 1766 tutelae
330 1727 560 1775 rationibus,
579 1734 625 1766 ut
653 1726 758 1779 quod
789 1727 997 1766 deberetur
1027 1725 1170 1776 adhuc,
1203 1725 1443 1764 tradidisset.
1502 1726 1634 1777 Ipsam

165 1790 454 1828 accusationem
475 1802 571 1842 cape
592 1796 632 1828 et
650 1789 785 1828 recita.

727 1914 1061 1956 ACCUSATIO.

164 2012 319 2052 Auditis
357 2013 396 2051 in
440 2012 691 2051 accusatione
730 2012 917 2064 scriptum
956 2024 1042 2049 esse
1087 2023 1107 2049 c
1124 2023 1147 2047 u
1164 2023 1201 2048 m
1253 2023 1290 2048 m
1305 2010 1375 2048 ihi
1416 2011 1450 2048 A
1465 2024 1482 2049 r
1496 2010 1536 2050 is
1549 2017 1565 2049 t
1579 2025 1633 2050 ae·

164 2075 346 2114 chmus
392 2075 445 2113 id
487 2088 556 2113 aes
599 2074 834 2113 alienum
877 2073 926 2110 in
955 2072 1141 2111 tutelae
1180 2071 1498 2120 rationibus
1532 2080 1634 2112 tra-

165 2134 276 2177 didi
293 2150 341 2176 ss
357 2137 433 2175 et?
476 2137 530 2175 At
555 2148 643 2175 cum
674 2143 822 2188 patrem
854 2135 990 2173 tutelae
1011 2147 1128 2184 reum,
1145 2134 1332 2181 facerent,
1352 2134 1413 2172 his
1440 2135 1635 2173 contraria

165 2201 430 2253 scripserunt:
460 2206 622 2252 apparet
641 2199 743 2237 enim
763 2211 829 2237 eos
850 2198 883 2236 ei
911 2204 951 2236 et
968 2197 1044 2235 hoc
1064 2204 1108 2235 ut
1127 2197 1300 2235 nondum
1322 2197 1453 2235 relatis
1475 2197 1632 2236 rationi-

161 2264 236 2318 bus
268 2261 500 2315 objectasse.
560 2261 700 2300 Recita
731 2261 855 2313 ipsam
890 2261 1099 2307 actionem,
1119 2272 1235 2310 quam
1266 2267 1350 2297 tum
1376 2259 1474 2310 patri
1506 2260 1631 2299 inten-

162 2325 315 2365 derunt.

728 2434 1052 2473 ACCUSATIO.

163 2535 251 2580 Qua
269 2534 385 2586 igitur
404 2532 566 2579 ratione,
587 2531 793 2571 tradidisse
813 2544 916 2577 eum,
939 2543 1042 2568 nunc
1074 2529 1182 2581 queri
1209 2529 1389 2580 potestis,
1411 2529 1632 2580 Xenopithe

161 2604 202 2636 et
221 2595 510 2635 Nausimache?
540 2595 638 2632 Tum
655 2594 770 2640 enim,
789 2601 833 2631 ut
851 2593 917 2644 qui
938 2605 1016 2630 non
1037 2591 1273 2636 tradidisset,
1295 2591 1332 2628 in
1348 2591 1413 2642 jus
1431 2592 1629 2630 vocabatis

161 2666 200 2698 et
218 2657 422 2710 pecuniam
442 2656 698 2709 postulabatis
716 2669 725 2694 ε
760 2669 864 2693 nunc
893 2642 1004 2705 quasi
1025 2653 1229 2692 tradiderit
1249 2653 1456 2691 accusatis.
1515 2654 1631 2697 Quod

164 2721 197 2759 si
223 2727 426 2771 utramque
459 2720 497 2757 in
529 2725 680 2771 partem
708 2717 819 2757 vobis
847 2715 1074 2755 calumniari
1101 2715 1248 2762 licebit,
1269 2724 1309 2752 et
1340 2728 1442 2752 nunc
1473 2724 1634 2766 propter

162 2782 366 2833 pecuniam
400 2794 479 2819 non
511 2779 692 2819 traditam
713 2772 1043 2824 vexabitis,'nunc
1072 2784 1230 2830 propter
1261 2776 1439 2814 traditam
1471 2789 1631 2816 accusa-

161 2842 266 2890 bitis,
286 2843 380 2881 nihil
400 2842 616 2894 prohibebit
633 2855 710 2893 quo
736 2842 863 2879 minus
884 2849 923 2879 et
953 2840 1109 2878 tertium
1142 2838 1342 2890 quippiam
1368 2837 1532 2890 posthac
1564 2853 1631 2877 ex-

164 2903 340 2956 cogitetis
360 2904 409 2942 de
428 2918 505 2956 quo
524 2905 661 2943 iterum
684 2904 876 2942 actionem
901 2903 1111 2941 instituatis
1130 2915 1138 2939 ε
1171 2901 1240 2939 sed
1261 2901 1370 2953 leges
1391 2902 1465 2940 ista
1485 2910 1630 2949 vetant,
1680 2893 1682 2895 ¹

163 2973 203 3005 et
224 2966 344 3005 semel
362 2966 499 3006 iisdem
520 2967 568 3007 de
588 2968 703 3006 rebus
724 2979 813 3005 cum
834 2964 972 3005 eodem
995 2964 1057 3016 agi
1074 2964 1227 3015 jubent.
