1915 3356
611 182 816 222 ORATIO
845 181 1151 221 AMATORIA.
1530 184 1609 222 799

149 284 370 324 usuvenerit
386 291 430 323 ut
445 286 625 324 omnibus
644 298 762 337 supra
780 285 938 323 modum
957 286 1128 337 placeas.
1185 286 1231 324 Id
1251 286 1356 338 quod
1375 286 1531 338 signum
1549 292 1611 324 est

146 354 223 384 tuae
249 346 399 385 virtutis
434 346 779 386 evidentissimum.
839 346 995 384 Nemini
1024 347 1127 385 enim
1154 359 1202 385 ea
1231 349 1394 399 negasti,
1422 361 1509 399 quae
1522 347 1612 399 jure

145 407 384 459 honesteque
411 408 527 446 tribui
548 416 734 459 possunt:
764 421 851 459 quae
877 421 969 447 vero
997 421 1085 446 cum
1105 409 1246 459 probro
1267 411 1474 462 conjuncta
1507 416 1613 457 sunt,

144 481 191 508 ea
220 482 292 508 nec
324 482 477 521 sperare
506 470 711 520 quisquam
742 469 781 507 in
809 469 980 508 animum
1010 469 1184 514 inducit3
1215 477 1363 509 tantam
1394 473 1544 511 virtutis
1573 477 1615 510 et

145 531 360 570 honestatis
390 530 660 582 appetentibus
692 536 943 581 potestatem,
971 531 1261 583 impudentibus
1289 533 1612 583 desperationem,

144 591 257 631 affert
276 599 344 630 tua
362 591 564 630 modestia.
622 591 830 638 Praeterea,
851 606 938 631 cum
973 592 1013 630 in
1043 593 1307 632 adolescentia
1337 594 1510 646 plerique
1530 609 1613 634 mo-

143 654 283 692 destiae
306 653 460 692 laudem
488 654 748 693 taciturnitate
767 660 970 702 venentur,
992 663 1034 692 tu
1055 647 1205 693 tantum
1237 656 1392 707 ingenio
1412 656 1550 708 polles,
1570 663 1614 694 ut

144 715 385 754 sermonibus
415 723 454 753 et
473 715 678 767 colloquiis
700 717 776 754 tuis
811 730 888 754 non
909 718 1093 756 minorem
1116 731 1234 770 quam
1255 719 1404 758 caeteris
1433 718 1613 757 omnibus

143 777 259 815 rebus
276 776 380 828 apud
399 776 605 816 familiares
626 784 714 816 tuos
734 777 888 815 laudem
912 778 963 816 sis
991 786 1218 817 assecutus:
1248 785 1378 818 tantus
1398 785 1488 818 tuus
1508 779 1615 830 lepos

143 845 217 886 est,
242 845 352 877 tanta
371 839 554 885 suavitas,
576 846 660 878 tum
688 840 796 879 seriis
815 846 898 879 tum
919 841 1064 893 jocosis
1084 840 1124 879 in
1144 842 1274 879 rebus.
1331 842 1432 880 Cum
1454 849 1494 881 et
1521 842 1614 880 sim-

141 900 231 953 plex
251 900 302 939 sis
330 901 477 952 absque
503 900 660 949 delicto,
679 908 719 940 et
738 909 874 941 acutus
895 904 1045 954 absque
1063 903 1223 950 malitia,
1245 910 1285 941 et
1311 903 1504 943 humanus
1524 917 1615 942 cum

142 963 396 1015 ingenuitate,
416 977 462 1003 ac
482 963 650 1016 denique
669 964 771 1012 talis,
792 965 916 1016 qualis
936 966 1059 1004 ferme
1087 965 1188 1003 filius
1206 965 1391 1018 Cupidini
1412 979 1434 1004 e
1460 965 1615 1005 Virtute

150 1033 390 1066 nasceretur.

200 1089 238 1126 6.
256 1088 319 1126 De
333 1086 562 1127 fortitudine
576 1095 851 1128 autem-nam
865 1094 906 1128 et
920 1088 1024 1128 hanc
1039 1090 1235 1141 praeterire
1247 1102 1326 1128 non
1338 1090 1467 1138 decet,
1488 1102 1614 1142 quan-

144 1161 260 1201 quam
294 1156 364 1188 tua
401 1149 558 1200 quidem
591 1157 733 1190 natura
763 1151 908 1190 multas
939 1151 1069 1190 adhuc
1096 1151 1339 1191 accessiones
1376 1152 1525 1205 recipit,
1553 1166 1616 1192 se·

140 1224 343 1263 quensque
373 1218 526 1263 tempus
556 1212 769 1251 laudaturis
790 1226 974 1264 magnam
1003 1213 1157 1266 copiam
1183 1214 1460 1266 suppeditabit,
1483 1221 1615 1253 tamen

139 1273 410 1325 pulcherrimae
441 1280 534 1312 sunt
559 1274 635 1313 ista
661 1281 778 1314 aetate
811 1274 964 1322 laudes,
984 1289 1063 1327 qua
1088 1275 1182 1314 nihil
1209 1276 1435 1327 delinquere
1465 1276 1615 1315 caeteris
1644 1315 1648 1319 ,

139 1342 199 1374 est
217 1335 490 1387 optabile—ac
517 1343 586 1375 tua
612 1336 771 1388 quidem
796 1336 983 1376 fortitudo
1003 1351 1092 1377 cum
1110 1351 1159 1376 ex
1179 1338 1264 1377 aliis
1291 1339 1408 1378 rebus
1429 1338 1615 1378 celebrari

140 1398 292 1450 possit,⁴
308 1393 393 1436 tum
421 1412 513 1438 vero
543 1406 703 1451 propter
728 1399 1057 1448 exercitationem,
1078 1400 1191 1452 cujus
1218 1400 1281 1439 vel
1313 1400 1466 1452 plurimi
1494 1407 1614 1440 testes

140 1460 386 1499 exstiterunt.
444 1461 640 1500 Fortassis
668 1468 799 1500 autem
826 1462 866 1500 in
885 1462 1017 1514 primis
1045 1462 1258 1501 dicendum
1289 1471 1363 1509 est,
1385 1477 1502 1515 quam
1522 1477 1616 1515 pru-

142 1521 278 1561 denter
297 1523 336 1561 id
364 1521 536 1562 studium
569 1524 719 1562 caeteris
750 1524 981 1576 praetuleris.
1039 1525 1143 1564 Nam
1168 1525 1342 1577 prudens
1370 1526 1613 1577 agendarum

138 1598 266 1623 rerum
280 1585 457 1625 delectus
477 1586 516 1624 in
531 1586 793 1633 adolescente,
809 1600 1014 1625 commune
1029 1586 1182 1639 signum
1197 1593 1259 1625 est
1278 1595 1318 1626 et
1339 1587 1455 1626 animi
1474 1587 1613 1626 libera-

138 1647 187 1685 lis
208 1654 247 1686 et
267 1648 418 1688 cordati
433 1648 593 1700 ingenii.
651 1650 900 1702 Quapropter
914 1663 986 1689 nec
1006 1650 1118 1689 istius
1138 1649 1303 1689 instituti
1322 1649 1407 1688 laus
1427 1658 1486 1689 est
1511 1664 1612 1703 prae-

140 1709 402 1750 termittenda.
459 1711 561 1750 Cum
580 1711 698 1762 igitur
718 1711 839 1750 scires
859 1725 882 1751 a
910 1712 1066 1764 reliquis
1092 1713 1369 1753 certaminibus
1389 1726 1460 1752 nec
1481 1726 1612 1752 servos

140 1784 214 1810 nec
245 1773 470 1824 peregrinos
502 1773 670 1821 excludi,
689 1774 792 1812 istud
812 1788 904 1813 vero
934 1775 1028 1814 solis
1061 1775 1306 1827 propositum
1333 1789 1422 1814 esse
1449 1775 1612 1822 civibus,

139 1847 213 1872 nec
233 1835 308 1873 nisi
340 1837 389 1873 ab
416 1835 665 1887 optimatibus
688 1837 831 1887 expeti,
852 1837 908 1875 sic
941 1851 988 1876 eo
1022 1846 1059 1875 te
1091 1837 1299 1876 contulisti.
1359 1838 1425 1876 Ad
1448 1838 1546 1884 hoec,
1579 1837 1612 1876 si

140 1897 207 1948 qui
227 1897 420 1936 currendo
436 1911 477 1936 se
507 1898 687 1948 fatigent,
708 1910 841 1936 eorum
871 1912 943 1938 nec
974 1899 1238 1938 fortitudinem
1260 1912 1333 1938 nec
1359 1900 1476 1938 animi
1509 1914 1611 1952 prae-

140 1959 322 1998 stantiam
343 1961 488 2012 augeri,
506 1973 574 1999 eos
591 1973 681 1999 vero
696 1960 763 2011 qui
780 1961 956 2012 pugilatu
976 1969 1044 2000 aut
1063 1962 1148 2000 aliis
1169 1962 1253 2014 ejus
1274 1963 1426 2014 generis
1446 1963 1546 2003 ludis
1567 1976 1611 2002 se

140 2029 364 2070 exerceant,
395 2028 537 2074 praeter
564 2022 669 2062 mala
699 2023 886 2075 corporis,
912 2023 1029 2063 etiam
1065 2024 1222 2076 ingenia
1249 2038 1493 2077 corrumpere
1520 2039 1609 2064 cum

136 2083 348 2134 judicares,
369 2083 724 2135 splendidissimum
750 2085 1128 2138 pulcherrimumque
1161 2088 1453 2126 exercitationis
1484 2102 1609 2139 genus

140 2155 296 2198 tuaeque
329 2153 479 2185 naturae
511 2147 754 2199 aptissimum
784 2147 953 2199 elegisti,
974 2149 1081 2200 quod
1107 2156 1146 2188 et
1174 2163 1367 2188 armorum
1398 2159 1608 2190 cousuetu-

141 2207 244 2255 dine,
263 2214 303 2246 et
322 2221 508 2247 cursuum
527 2209 745 2256 tolerantia,
763 2209 856 2248 belli
887 2210 1133 2249 simulacrum
1162 2218 1417 2263 repraesentet
1429 2225 1439 2256 ;
1470 2219 1509 2250 et
1528 2226 1608 2251 ma-

140 2269 378 2320 gnificentia,
400 2277 441 2309 et
467 2270 675 2322 splendore
695 2278 918 2323 apparatus,
938 2272 1124 2324 potentiae
1150 2273 1311 2312 deorum
1339 2274 1461 2313 simile
1479 2274 1608 2313 videa-

140 2339 227 2371 tur:
257 2339 449 2384 praeterea
469 2340 508 2372 et
527 2340 707 2385 spectatu
721 2334 1071 2382 jucundisssimum
1092 2335 1153 2382 sit,
1174 2343 1213 2374 et
1240 2350 1261 2374 e
1281 2337 1455 2388 plurimis
1475 2338 1608 2376 variis-

139 2408 216 2446 que
249 2396 455 2446 generibus
484 2402 649 2444 constet,
688 2404 727 2435 et
759 2396 932 2448 ingentia
967 2399 1127 2450 praemia
1158 2399 1296 2438 merito
1334 2407 1606 2452 consequatur.

140 2456 286 2496 Praeter
306 2457 408 2496 enim
429 2471 476 2497 ea
493 2472 581 2510 quae
601 2458 836 2506 tribuuntur,
857 2460 942 2511 ipsa
966 2460 1081 2498 etiam
1103 2461 1328 2500 exercitatio
1348 2468 1388 2501 et
1406 2470 1484 2501 tam
1508 2476 1606 2514 prae-

140 2518 286 2561 clarum
321 2520 494 2558 studium
526 2533 605 2558 non
643 2534 804 2573 parvum
840 2521 1041 2572 praemium
1075 2522 1224 2561 hcmini
1263 2524 1326 2562 vel
1364 2523 1606 2562 mediocriter

139 2580 289 2620 virtutis
309 2582 484 2622 studioso
502 2583 694 2623 videatur.
750 2583 867 2629 Quod
890 2584 1088 2623 Homerici
1108 2586 1288 2624 carminis
1309 2587 1529 2625 testimonio
1546 2587 1605 2625 vel

139 2642 179 2681 in
196 2644 329 2695 primis
349 2647 637 2697 comprobatur,
658 2646 696 2684 in
716 2658 794 2697 quo
813 2653 853 2685 et
872 2645 1036 2686 Graecos
1056 2654 1095 2686 et
1115 2647 1309 2687 Barbaros
1330 2649 1395 2687 tali
1419 2654 1606 2700 apparatu

141 2705 308 2755 gessisse
326 2707 473 2747 bellum
499 2708 592 2747 fecit
619 2708 717 2748 inter
742 2722 852 2747 sese:
884 2715 1071 2759 praeterea
1090 2710 1206 2748 etiam
1233 2710 1348 2750 hodie
1379 2710 1604 2750 Graecarum

141 2767 294 2806 urbium
310 2782 389 2806 non
409 2770 693 2823 abjectissimis,
710 2771 779 2810 sed
800 2771 990 2818 maximis,
1005 2772 1043 2810 in
1064 2774 1336 2812 certaminibus
1357 2773 1413 2812 uti
1429 2786 1476 2812 eo
1496 2773 1605 2812 fami-

142 2827 240 2867 liare
261 2836 334 2868 est.

194 2891 232 2929 7.
263 2891 489 2932 Institutum
515 2895 630 2947 igitur
659 2895 869 2935 honestum
895 2909 1008 2947 aeque
1035 2909 1080 2935 ac
1102 2897 1288 2936 dilectum
1309 2898 1495 2938 universis
1523 2911 1604 2937 om<

142 2951 253 2990 nibus
274 2960 343 2993 est.
383 2954 486 2998 Quia
504 2969 594 2996 vero
613 2959 781 3009 putabas
803 2957 895 2996 nihil
917 2958 1101 3009 prodesse
1123 2973 1248 2999 rerum
1265 2960 1603 3011 pulcherrimarum
