1915 3356
644 185 700 223 IN
736 183 1176 223 CTESIPHONTEM.
1591 183 1640 219 89

178 295 220 326 et
237 288 276 326 in
293 287 507 327 Euboicum
523 288 628 340 quod
649 288 865 340 appellatur
878 286 1082 325 concilium
1099 285 1377 324 transtulerint.
1407 285 1497 328 Qua
1511 289 1640 322 autem

178 349 326 387 ratione
354 356 392 387 et
415 351 553 400 quibus
579 350 760 401 improbis
790 347 1007 400 praestigiis,
1034 347 1073 383 id
1104 361 1208 385 nunc
1238 360 1366 398 operae
1387 347 1552 398 pretium
1581 353 1643 383 est

178 410 326 448 audire.
371 411 488 449 Venit
512 412 613 449 enim
634 412 806 462 nonjam
826 422 894 461 per
913 409 1081 459 legatOS,
1104 408 1174 446 sed
1204 408 1285 458 ipse
1307 409 1356 446 ad
1384 421 1453 447 vos
1482 407 1641 454 Callias,

179 477 220 509 et
240 485 466 522 progressus
486 473 523 510 in
552 474 778 511 concionem
809 471 1020 508 orationem
1052 469 1188 506 habuit
1221 470 1293 506 sibi
1323 483 1347 507 a
1376 469 1642 507 Demosthene

178 532 430 571 elaboratam.
471 534 583 571 Dixit
603 547 643 571 se
672 545 796 583 nuper
818 544 863 569 ex
893 531 1167 581 Peloponneso
1197 530 1360 576 venisse,
1386 531 1438 568 ibi
1459 530 1642 582 stipendii

176 594 384 633 collectam
404 596 588 633 adversus
620 594 840 645 Philippum
868 594 918 631 ad
945 601 1100 631 centum
1129 593 1278 630 talenta
1301 592 1493 642 exegisse,
1526 592 1644 631 ratio-

176 668 346 706 nemque
365 656 499 706 inibat,
529 663 718 706 quantum
740 668 916 706 quosque
946 653 1111 705 populos
1140 653 1319 691 conferre
1349 659 1556 704 oporteret,
1588 654 1642 690 A-

177 717 308 755 chaeos
328 730 462 755 omnes
482 726 521 755 et
548 718 807 768 Megarenses
839 716 986 754 talenta
1009 716 1227 766 sexaginta,
1249 715 1447 754 Euboicas
1469 714 1643 752 civitates

177 778 377 816 universas
405 778 688 830 quadraginta:
719 779 779 816 his
800 778 973 830 pecuniis
992 790 1108 828 posse
1128 777 1342 833 comparari
1361 784 1401 815 et
1420 776 1586 814 classem
1606 783 1646 814 et

177 839 309 889 copias
329 840 563 890 pedestres:
593 853 679 878 esse
707 853 822 890 porro
855 839 998 876 multos
1029 838 1260 877 Graecorum
1293 839 1404 885 alios,
1432 837 1498 889 qui
1526 837 1643 888 hujus

176 900 395 939 collationis
415 908 564 953 partem
586 902 714 939 subire
735 902 894 947 vellent,
914 901 967 939 ita
986 914 1114 952 neque
1135 901 1312 953 pecuniae
1332 913 1460 951 neque
1479 899 1645 938 militum

174 962 257 1000 fore
278 963 490 1013 penuriam.
554 965 684 1014 Atque
704 963 789 1002 haec
808 964 961 1014 quidem
991 970 1124 1014 aperta
1144 976 1230 1001 esse
1250 977 1258 1001 :
1285 962 1380 1001 alias
1407 969 1535 1001 autem
1559 974 1644 1000 mo-

174 1023 234 1060 liri
255 1037 297 1061 se
317 1025 446 1062 aiebat
463 1037 523 1062 res
545 1037 720 1070 arcanas,
742 1038 905 1075 quarum
926 1032 1047 1063 testes
1069 1039 1153 1064 esse
1182 1025 1392 1063 nonnullos
1413 1025 1555 1063 civium
1579 1037 1646 1062 ve-

174 1090 367 1129 strorum;
403 1093 598 1138 postremo
637 1087 865 1125 nominatim
907 1087 1214 1128 Demosthenem
1254 1087 1485 1133 advocabat,
1523 1092 1644 1136 utque

167 1145 258 1184 haec
277 1160 354 1185 una
373 1160 505 1186 secum
527 1148 694 1186 dicendo
714 1148 961 1187 confirmaret
983 1150 1152 1199 petebat.
1193 1148 1269 1187 Hic
1300 1161 1391 1186 vero
1411 1146 1549 1198 grandi
1574 1146 1644 1185 ad-

174 1207 334 1245 modum
352 1208 507 1247 incessu
526 1210 564 1247 in
585 1210 754 1247 medium
771 1222 1002 1261 progressus
1020 1211 1178 1248 mirifice
1197 1210 1383 1248 laudabat
1404 1209 1583 1256 Calliam,
1604 1217 1644 1248 et

173 1270 307 1307 arcani
322 1283 364 1307 se
384 1271 585 1308 conscium
606 1284 691 1309 esse
711 1272 946 1309 simulabat:
984 1272 1222 1322 legationem
1237 1279 1366 1310 autem
1381 1285 1403 1309 a
1424 1284 1467 1310 se
1483 1271 1642 1317 obitam,

171 1337 255 1368 tum
286 1330 325 1368 in
346 1330 617 1383 Peloponneso
646 1339 727 1369 tum
760 1332 798 1369 in
828 1333 1067 1379 Acarnania,
1086 1333 1187 1371 velle
1209 1347 1250 1371 se
1264 1333 1348 1384 jam
1365 1332 1477 1370 vobis
1498 1345 1642 1370 renun-

168 1392 265 1430 tiare
286 1393 453 1432 dicebat.
484 1394 680 1432 Orationis
701 1407 815 1444 porro
836 1394 920 1445 ejus
941 1393 1027 1432 haec
1045 1407 1198 1432 summa
1217 1401 1312 1441 erat,
1329 1393 1641 1445 Peloponnesios

170 1467 318 1500 omnes,
337 1468 552 1506 omnesque
571 1457 662 1493 item
679 1456 904 1493 Acarnanas
925 1469 1009 1493 esse
1025 1470 1048 1493 a
1063 1470 1104 1494 se
1121 1456 1255 1494 ordine
1270 1457 1486 1507 descriptos
1502 1455 1552 1494 ad
1571 1468 1641 1506 pe-

171 1517 326 1554 cuniam
361 1516 549 1554 adversus
580 1517 803 1568 Philippum
836 1517 1135 1556 conferendam:
1173 1518 1476 1569 descriptionem
1510 1524 1640 1556 autem

171 1590 258 1615 eam
287 1590 374 1615 esse
398 1577 555 1622 factam,
589 1591 675 1628 quae
705 1568 943 1616 ad'centum
976 1591 1096 1616 naves
1124 1579 1316 1617 actuarias
1344 1578 1559 1626 ornandas,
1589 1577 1640 1617 ad

171 1639 309 1677 decem
328 1639 447 1677 millia
465 1638 655 1690 peditum,
673 1639 822 1690 equites
842 1639 947 1677 mille
964 1640 1126 1678 alendos
1148 1648 1394 1693 suppeteret:
1428 1641 1487 1679 his
1508 1654 1640 1679 acces-

169 1713 280 1738 suras
313 1700 552 1751 singularum
573 1700 690 1739 etiam
717 1701 915 1739 civitatum
944 1701 1092 1753 copias,
1112 1715 1157 1740 ex
1178 1701 1452 1753 Peloponneso
1475 1702 1640 1753 amplius

171 1762 249 1800 duo
268 1761 388 1799 millia
412 1763 539 1813 gravis
572 1770 792 1809 armaturae,
825 1775 873 1800 ex
902 1763 1121 1802 Acarnania
1146 1764 1308 1803 totidem
1337 1764 1484 1802 altera:
1511 1765 1559 1802 ab
1579 1763 1640 1801 his

171 1824 348 1862 omnibus
367 1824 541 1862 delatum
559 1825 662 1862 ultro
678 1824 786 1863 vobis
803 1838 889 1863 esse
907 1825 1163 1877 principatum
1181 1840 1189 1864 :
1220 1839 1348 1878 neque
1368 1840 1459 1865 vero
1477 1827 1640 1878 longum

168 1886 251 1923 fore
271 1898 361 1922 cum
387 1884 470 1923 haec
499 1887 790 1936 perficerentur,
819 1886 890 1924 sed
911 1886 960 1924 ad
980 1887 1174 1926 decimum
1206 1895 1360 1926 sextum
1389 1889 1534 1926 mensis
1555 1889 1638 1926 An-

170 1947 444 1991 thesterionis;
481 1947 645 1998 singulis
666 1948 764 1985 enim
786 1948 1006 1986 civitatibus
1028 1962 1051 1986 a
1070 1962 1110 1987 se
1129 1949 1360 2001 praedicturn
1379 1963 1468 1988 esse
1497 1963 1542 1988 ac
1572 1950 1641 1988 de-

168 2009 404 2054 nuntiatum,
425 2015 469 2046 ut
486 2022 621 2046 omnes
642 2009 818 2047 Athenas
838 2009 879 2046 in
899 2010 1107 2048 concilium
1132 2012 1385 2050 convenirent
1403 2011 1453 2049 ad
1470 2011 1639 2062 plenilu-

169 2071 290 2108 nium.
326 2070 479 2108 Etenim
500 2070 601 2108 hanc
622 2071 693 2108 sibi
710 2071 828 2109 homo
847 2072 1042 2123 propriam
1062 2080 1102 2110 et
1127 2086 1205 2110 non
1229 2074 1311 2125 jam
1340 2074 1511 2111 omnium
1533 2086 1639 2112 com-

169 2144 328 2170 munem
349 2132 466 2171 habet
498 2133 737 2171 facultatem.
782 2133 912 2171 Ceteri
940 2134 1042 2171 enim
1071 2135 1266 2186 vaniloqui
1294 2139 1522 2184 jactatores,
1549 2148 1639 2173 cum

169 2194 264 2245 quid
285 2195 536 2240 mentiuntur,
557 2195 652 2232 dant
667 2208 823 2246 operam
842 2202 886 2234 ut
900 2196 1102 2234 indefinita
1119 2197 1300 2249 quaedam
1318 2204 1358 2236 et
1374 2199 1537 2236 obscura
1552 2210 1640 2249 pro-

170 2255 308 2301 ferant,
330 2256 439 2294 veriti
470 2269 520 2294 ne
550 2264 839 2308 coarguantur:
871 2264 911 2295 at
941 2257 1241 2303 Demosthenes,
1270 2258 1301 2298 si
1332 2259 1426 2310 quid
1455 2272 1639 2310 arrogan-

169 2318 246 2355 tius
263 2316 464 2369 confingit,
479 2318 642 2369 primum
661 2319 818 2369 quidem
835 2319 1000 2371 perjurio
1016 2320 1259 2359 mendacium
1276 2322 1464 2368 cumulat,
1479 2321 1637 2360 exitium

167 2378 239 2417 sibi
260 2378 488 2429 imprecans,
510 2379 665 2426 deinde,
686 2394 772 2431 quae
794 2387 902 2418 certo
924 2381 997 2419 scit
1015 2395 1217 2432 nunquam
1235 2382 1378 2430 futura,
1399 2383 1517 2422 audet
1535 2383 1638 2421 affir-

169 2453 287 2486 mare,
308 2440 456 2478 ratione
477 2441 592 2478 etiam
614 2441 709 2479 inita
728 2442 886 2492 quando
907 2443 986 2481 sint
1010 2452 1196 2482 eventura
1226 2444 1374 2490 definit,
1403 2452 1444 2483 et
1466 2457 1564 2496 quos
1590 2458 1637 2482 ne

169 2502 218 2540 de
246 2502 344 2540 facie
364 2502 519 2552 quidem
541 2503 661 2549 novit,
690 2517 824 2542 eorum
844 2506 1003 2543 nomina
1021 2505 1061 2543 iu
1082 2519 1148 2544 ore
1166 2506 1298 2553 habet,
1325 2508 1480 2545 auribus
1499 2507 1638 2545 vestris

170 2565 330 2610 abusus,
349 2577 494 2615 eosque
512 2565 578 2615 qui
596 2578 688 2604 vera
706 2566 920 2618 loquuntur
947 2568 1132 2607 imitatus.
1170 2570 1364 2612 Quocirca
1395 2577 1434 2607 et
1465 2569 1556 2607 odio
1575 2570 1637 2607 vel

171 2625 418 2664 acerbissimo
438 2626 580 2678 dignus
600 2635 673 2675 est,
693 2629 798 2680 quod
816 2629 1014 2680 improbus
1033 2643 1122 2668 cum
1142 2631 1190 2669 sit
1211 2631 1376 2669 virorum
1392 2644 1546 2682 quoque
1568 2632 1638 2670 bo-

170 2699 309 2725 norum
337 2687 480 2726 indicia
497 2689 720 2741 corrumpit.
767 2690 842 2729 His
872 2691 989 2742 igitur
1017 2692 1132 2730 dictis
1162 2693 1364 2731 decretum
1398 2693 1467 2731 dat
1499 2693 1637 2731 scrihae

171 2748 426 2796 recitandum,
447 2749 569 2789 Iliade
593 2752 752 2802 quidem
772 2753 973 2804 prolixius,
1002 2755 1130 2793 verbis
1151 2764 1294 2801 autem,
1329 2768 1415 2806 quae
1438 2755 1543 2806 loqui
1575 2768 1637 2794 so-

172 2811 238 2856 let,
255 2816 295 2848 et
322 2810 416 2857 vita,
437 2824 554 2862 quam
574 2813 669 2864 egit,
698 2815 865 2861 inanius,
895 2827 963 2866 spe
993 2815 1158 2867 denique
1186 2816 1319 2855 fallaci
1348 2823 1387 2854 et
1405 2817 1637 2856 exercitibus

172 2884 371 2923 nunquam
392 2874 640 2913 conventuris
659 2876 914 2915 cumulatum.
963 2877 1064 2915 Cum
1096 2884 1228 2916 autem
1256 2891 1325 2915 vos
1352 2890 1377 2915 a
1395 2877 1485 2915 furti
1513 2879 1637 2930 suspi-

171 2934 283 2972 cione
313 2933 552 2980 abduxisset,
583 2942 622 2974 et
650 2950 720 2988 spe
754 2937 855 2976 futili
886 2951 1098 2990 suspensos
1128 2939 1330 2985 tenuisset,
1367 2939 1443 2977 illic
1474 2952 1563 2978 vero
1594 2953 1637 2980 se

870 2998 889 3018 ⁸
912 3013 937 3037 N
