1948 3306
368 155 442 191 738
733 157 957 197 CONTRA
987 157 1461 198 DIONYSODORUM.

366 257 587 309 decipienti,
612 266 652 298 et
675 262 951 301 transactiones
984 276 1074 301 cum
1104 263 1258 314 reliquis
1292 263 1547 302 creditoribus
1581 263 1658 302 huc
1691 262 1822 301 confe-

365 320 489 358 renti:
520 321 589 360 sed
620 322 669 361 ad
695 325 954 376 syngrapham
986 338 1074 363 eum
1102 332 1301 374 revocate,
1331 332 1369 364 et
1399 324 1450 364 ad
1480 338 1526 364 ea
1550 325 1638 376 jura
1663 337 1752 376 quae
1783 323 1822 361 in

365 384 587 434 syngrapha
607 386 870 425 continentur.

424 446 483 481 10.
516 445 614 484 Nam
635 448 731 486 illud
753 448 842 486 mihi
863 448 1025 498 amplius
1046 449 1239 487 edocendi
1266 449 1372 492 estis,
1394 461 1472 499 quo
1492 448 1563 486 iste
1580 447 1822 499 potissimum

363 504 508 552 nititur,
530 520 720 553 asserens,
741 516 969 547 conservata
987 522 1097 555 nave,
1118 510 1357 548 reddendum
1378 523 1465 548 esse
1490 516 1679 547 mutuum.
1738 508 1823 546 Nos

361 579 514 618 quoque
545 571 780 608 contendere
812 570 866 608 sic
896 583 982 608 esse
1012 570 1247 610 faciendum.
1307 572 1437 610 Lubet
1459 578 1587 614 autem
1617 584 1665 608 ex
1697 569 1822 621 teipso

362 641 548 678 quaerere,
568 639 695 669 utrum
722 632 770 670 de
796 645 891 669 nave
915 638 956 669 ut
986 632 1146 683 perdita,
1169 647 1216 671 an
1238 646 1330 672 vero
1350 640 1393 672 ut
1411 634 1460 672 de
1490 632 1670 671 incolumi
1698 629 1832 670 disse-¹

361 691 453 728 ras?
491 692 592 730 Nam
615 694 646 731 si
666 694 774 731 navis
796 701 979 744 corrupta
1000 701 1058 731 est
1078 702 1192 745 atque
1214 695 1368 742 interiit,
1388 695 1480 746 quid
1510 695 1558 733 de
1578 693 1703 732 usuris
1727 706 1821 732 con·

361 754 501 798 tendis,
538 761 577 792 et
610 755 706 806 petis
745 762 787 793 ut
822 769 956 793 usuras
989 755 1233 795 Rhodienses
1268 756 1532 808 accipiamus?
1575 757 1704 801 Quum
1746 768 1821 794 nec

360 828 497 853 usuras
514 830 584 855 nec
605 825 743 855 sortem
767 831 834 856 nos
858 818 1026 869 recipere
1044 819 1263 857 conveniat.
1312 819 1380 856 Sin
1403 819 1606 857 incolumis
1632 826 1691 857 est
1713 817 1825 856 navis

358 884 397 915 et
417 891 493 916 non
514 878 668 925 interiit,
689 893 756 917 cur
775 880 884 918 nobis
904 880 1105 931 pecuniam
1127 893 1204 918 non
1226 881 1368 927 reddis,
1388 894 1503 932 quain
1533 880 1571 918 in
1599 879 1821 932 syngrapha

360 940 569 989 promisisti
586 941 600 978 ἲ
1803 990 1806 995 ¹

416 1002 476 1045 ll.
508 1003 624 1041 Unde
644 1005 760 1055 igitur
781 1005 993 1043 certissime
1008 1005 1268 1056 cognoscetis,
1290 1004 1563 1051 Athenienses,
1580 1017 1715 1042 navem
1735 1017 1819 1043 esse

358 1066 652 1103 conservatam?
696 1067 867 1104 Maxime
898 1081 945 1105 ex
986 1080 1031 1104 eo
1062 1067 1147 1118 ipso
1182 1067 1286 1118 quod
1320 1080 1365 1105 ea
1398 1066 1435 1104 in
1468 1066 1712 1117 navigatione
1745 1074 1819 1112 est,

358 1139 483 1177 neque
514 1128 639 1166 minus
672 1136 799 1167 tamen
835 1143 882 1167 ex
913 1128 1004 1180 ipsis
1042 1129 1201 1167 istorum
1235 1128 1373 1168 verbis.
1431 1128 1637 1166 Postulant
1670 1129 1767 1166 enim
1797 1141 1820 1167 a

356 1189 465 1227 nobiS
487 1197 529 1228 ut
550 1199 690 1229 sortem
712 1192 942 1243 recipiamus
962 1199 1000 1229 et
1019 1200 1165 1242 partem
1186 1191 1380 1242 quandam
1411 1204 1624 1236 usurarum,
1656 1197 1698 1228 ut
1716 1203 1819 1241 quae,

356 1264 443 1289 cum
463 1253 640 1298 evaserit,
665 1266 740 1291 non
762 1260 890 1292 tamen
912 1266 1064 1291 omnem
1086 1266 1241 1291 cursum
1262 1252 1483 1291 absolverit.
1542 1253 1723 1303 Spectate
1751 1264 1818 1289 au-

355 1318 446 1358 tem,
465 1313 738 1359 Athenienses,
761 1328 893 1360 nosne,
910 1328 958 1352 an
980 1314 1042 1352 isti
1065 1314 1298 1365 syngraphae
1314 1315 1402 1364 jure
1418 1319 1586 1358 utantur,
1605 1313 1669 1364 qui
1691 1326 1817 1365 neque

352 1375 391 1412 in
407 1375 662 1423 constitutum
683 1384 893 1416 mercatum
917 1377 1160 1428 navigarunt,
1183 1377 1251 1415 sed
1274 1376 1455 1414 Rhodum
1475 1383 1511 1413 et
1529 1376 1567 1413 in
1582 1375 1817 1427 AEgyptum?

355 1437 405 1474 Et
424 1446 652 1476 conservata
672 1452 782 1484 nave,
805 1452 882 1476 non
906 1439 1069 1490 perdita,
1090 1451 1131 1476 se
1157 1438 1421 1476 remissionem
1451 1450 1654 1475 usurarum
1681 1438 1815 1476 inven-

353 1508 458 1537 turos
478 1506 635 1550 sperant
663 1500 884 1552 syngrapha
903 1500 1058 1545 violata,
1078 1513 1166 1538 cum
1194 1499 1263 1552 ipsi
1297 1514 1345 1538 ex
1374 1499 1620 1550 navigatione
1649 1499 1817 1539 frumen-

351 1561 448 1599 taria
476 1561 692 1600 Rhodiensi
726 1574 892 1612 magnos
924 1569 1096 1612 quaestus
1124 1562 1297 1610 fecerint,
1330 1568 1582 1612 nostramque
1610 1562 1816 1613 pecuniam

352 1623 515 1661 alterum
532 1624 611 1676 jam
634 1637 776 1662 annum
799 1630 959 1661 teneant
977 1630 1016 1662 et
1035 1630 1254 1662 exerceant.
1313 1623 1465 1662 Novum
1489 1630 1617 1661 autern
1640 1630 1680 1662 et
1699 1623 1814 1662 inusi-

350 1691 474 1724 tatum
495 1685 679 1736 quiddam
701 1685 761 1723 isti
787 1685 1011 1724 moliuntur.
1072 1686 1172 1724 Nam
1199 1699 1317 1737 quum
1348 1693 1489 1724 sortem
1520 1685 1697 1737 pecuniae
1731 1699 1814 1725 mu-

351 1755 428 1785 tuae
448 1748 572 1794 nobis,
593 1754 634 1786 ut
653 1753 804 1785 servata
830 1760 941 1793 nave,
969 1747 1195 1786 restituant:
1226 1748 1353 1786 usuris
1381 1747 1617 1786 fraudandos
1637 1754 1813 1795 censent,

350 1816 531 1860 tanquam
555 1809 720 1861 perdita.
777 1809 1008 1861 Syngrapba
1027 1823 1117 1847 vero
1137 1823 1213 1847 non
1235 1810 1342 1848 aliud
1361 1810 1453 1848 dicit
1473 1810 1520 1848 de
1545 1809 1685 1856 usuris,
1705 1809 1812 1848 aliud

349 1871 398 1910 de
417 1880 518 1910 sorte
538 1878 673 1909 mutua
691 1885 699 1909 :
732 1871 799 1909 sed
819 1872 1039 1909 communia
1052 1871 1141 1922 jura
1159 1872 1208 1909 de
1226 1871 1285 1911 his
1303 1871 1477 1922 utrisque
1495 1878 1599 1919 sunt,
1618 1878 1657 1910 et
1676 1871 1810 1910 eadem

349 1933 578 1984 reposcendi
598 1939 782 1984 potestas.
841 1932 982 1971 Recita
1003 1932 1092 1970 mihi
1115 1932 1246 1972 denuo
1265 1932 1540 1986 syngrapham.

901 2042 1255 2084 SYNGRAPHA.

389 2142 514 2172 Athenis
530 2142 561 2172 in
578 2142 762 2182 AEgyptum,
778 2147 809 2172 et
824 2153 863 2172 ex
880 2142 1019 2182 AEgypto
1037 2142 1182 2172 Athenas-

344 2217 508 2263 Auditis,
532 2218 808 2264 Athenienses,
830 2220 864 2257 A
880 2225 896 2257 t
909 2218 933 2256 h
949 2232 968 2257 e
986 2219 1083 2264 nis,
1105 2217 1240 2269 inquit,
1274 2217 1282 2254 i
1298 2230 1323 2255 n
1347 2216 1392 2254 AE
1404 2230 1466 2269 gy
1480 2229 1506 2269 p
1521 2224 1537 2255 t
1550 2230 1576 2255 u
1591 2229 1643 2264 m,
1668 2230 1689 2256 e
1704 2224 1720 2256 t
1748 2230 1769 2257 e
1781 2230 1806 2255 x

346 2279 572 2333 AEgypto
610 2281 646 2319 A
662 2280 868 2320 thenas.
927 2280 1001 2319 Dic
1022 2280 1180 2332 reliqua.

893 2381 1242 2422 SYNGRAPHA‘.

339 2468 491 2500 Incolumi
507 2479 631 2500 reversa
645 2479 721 2499 nave
734 2469 766 2498 in
784 2467 948 2499 Piraeeum.

337 2545 513 2592 Judices,
543 2544 665 2584 facilis
700 2544 857 2584 omnino
891 2544 988 2583 ratio
1007 2544 1114 2583 vobis
1140 2550 1202 2582 est
1224 2543 1337 2592 hujus
1359 2555 1489 2581 causae
1517 2541 1801 2594 dijudicandae3

336 2621 461 2659 neque
481 2606 612 2645 multis
630 2605 755 2644 verbis
779 2612 840 2644 est
859 2618 972 2658 opus.
1031 2606 1180 2643 Navem
1208 2605 1309 2643 enim
1328 2603 1452 2642 fuisse
1479 2611 1743 2643 conservatam
1763 2612 1803 2645 et

334 2683 421 2709 esse
450 2669 697 2713 incolumem,
717 2667 833 2706 etiam
861 2667 924 2706 isti
955 2667 1027 2719 ipsi
1046 2667 1303 2705 confitentur:
1330 2665 1472 2716 alioqui
1502 2678 1631 2716 neque
1656 2673 1800 2705 sortem

333 2731 541 2769 redderent
566 2743 637 2769 nec
662 2742 861 2767 usurarum
882 2737 1030 2780 partem
1056 2729 1190 2767 ullam.
1249 2727 1307 2765 Ac
1339 2739 1418 2764 non
1449 2726 1638 2778 perducta
1671 2735 1730 2766 est
1759 2728 1800 2766 in

331 2792 534 2830 Piraeeum.
592 2792 649 2830 Eo
669 2793 752 2843 ipso
773 2804 842 2829 nos
873 2790 1083 2830 creditores
1116 2790 1291 2838 injuriam
1321 2787 1486 2827 dicimus
1515 2788 1596 2826 fieri
1617 2790 1740 2836 nobis,
1760 2796 1800 2828 et

328 2866 397 2895 vos
416 2867 658 2898 accusamus,
676 2853 780 2904 quod
802 2854 840 2890 in
860 2853 1115 2891 constitutum
1135 2859 1348 2890 mercatum
1367 2863 1445 2888 non
1466 2851 1671 2903 appulerit.
1700 2850 1796 2889 Dio-

328 2915 546 2968 nysodorus
566 2923 695 2954 autem
715 2928 756 2953 se
776 2928 938 2966 peccare
957 2921 1076 2966 negat
1097 2920 1253 2966 propter
1272 2913 1348 2951 hoc
1368 2912 1516 2965 ipsum:
1545 2925 1673 2965 neque
1691 2912 1793 2953 enim
