1915 3356
597 189 809 230 ORATIO
840 186 1144 226 AMATORIA.
1523 180 1598 218 801

147 294 285 334 fecisse
304 295 525 341 formosam,
543 307 621 334 non
640 308 715 346 quo
734 293 851 332 facile
868 292 918 332 ad
936 291 1175 342 voluptatem
1194 289 1359 341 decepta
1382 285 1601 340 prolabere-

147 362 222 403 tur,
242 355 312 394 sed
334 362 379 394 ut
397 357 575 408 amplexa
587 357 766 395 virtutem
785 354 942 405 gloriam
964 358 1280 403 consequeretur.

199 418 238 456 9.
267 418 499 469 Quanquam
530 424 658 456 autem
690 416 813 454 multo
841 415 954 466 plura
974 414 1022 453 de
1050 421 1088 452 te
1107 425 1410 452 commemorare
1429 421 1601 463 possem,

144 477 206 516 hic
223 478 314 517 mihi
334 479 541 518 finiendam
561 492 648 517 esse
667 485 761 529 puto
779 477 1056 523 laudationem,
1074 476 1210 522 verito‚
1228 488 1277 513 ne
1309 487 1395 512 mea
1421 473 1478 511 tui
1502 485 1603 523 prae-

145 539 290 579 dicatio
320 547 469 579 naturae
498 541 679 578 humanae
709 538 850 576 limites
879 538 1066 577 excedere
1098 537 1284 576 videatur.
1344 535 1447 572 Nam
1478 545 1602 583 usque

145 601 245 640 adeo
263 601 417 640 dicendi
435 602 490 640 vis
510 603 558 640 ab
579 601 766 652 adspectu
784 600 963 647 vincitur,
982 608 1027 638 ut
1045 599 1106 638 his
1134 613 1222 651 quae
1241 600 1313 637 sub
1333 608 1489 635 sensum
1509 606 1603 632 ocu-

143 663 268 702 lorum
287 665 434 703 cadunt
455 664 572 702 fidem
598 677 682 702 esse
703 663 967 715 abrogandam
986 675 1100 701 nemo
1118 668 1252 713 putet:
1282 658 1495 698 eorundem
1512 668 1604 694 vero

142 724 293 772 laudes,
313 726 429 764 etiam
451 727 560 777 justo
579 726 760 771 minores,
778 739 857 763 non
876 738 963 764 esse
982 738 1092 763 veras
1120 724 1338 775 opinentur.
1395 719 1469 758 His
1487 718 1605 769 igitur

143 800 251 826 nunc
282 788 449 834 omissis,
481 801 527 826 ea
560 788 630 826 tibi
658 787 870 839 praecipere
903 787 1088 833 conabor,
1119 799 1188 837 per
1221 798 1309 836 quae
1340 783 1461 822 vitam
1497 788 1604 818 tuam

142 847 427 889 honoratiorem
456 850 614 890 efficias.
670 849 725 887 Te
743 862 834 887 vero
852 849 968 888 velim
988 862 1036 887 ea
1062 861 1148 900 quae
1177 847 1357 886 dicentur
1383 857 1463 883 non
1482 843 1606 882 obiter

143 911 464 959 animadvertere,
504 925 629 962 neque
668 911 900 957 existimare,
935 923 996 948 me
1029 909 1246 948 ostentandi
1280 907 1410 960 potius
1445 904 1604 956 ingenii,

143 986 261 1024 quam
294 974 350 1012 tui
373 974 535 1025 juvandi
561 973 704 1020 studio,
724 973 782 1011 his
802 972 926 1011 verbis
954 985 1038 1010 esse
1068 984 1196 1017 usum,
1222 977 1268 1008 ut
1294 982 1367 1008 nec
1393 981 1416 1006 a
1443 967 1606 1006 veritate

145 1035 313 1082 aberres,
332 1048 404 1073 nec
434 1049 504 1087 pro
536 1034 690 1086 optimis
717 1034 831 1073 obvia
858 1047 1024 1085 quaeque
1056 1033 1272 1085 amplexus,
1290 1031 1400 1083 pejus
1421 1030 1491 1068 tibi
1510 1041 1605 1067 con-

145 1097 264 1135 sulas.
321 1097 471 1135 Etenim
503 1110 664 1149 quorum
702 1098 868 1135 obscura
901 1093 1124 1134 et‘humilis
1154 1101 1295 1132 natura
1326 1099 1399 1138 est⁷
1428 1092 1501 1129 hos
1532 1104 1605 1129 nec

145 1158 273 1209 siquid
293 1172 370 1197 non
390 1166 492 1197 recte
510 1158 674 1198 fecerint
696 1159 946 1211 objurgamus
964 1171 973 1196 ε
1003 1165 1044 1196 at
1063 1170 1226 1209 quorum
1251 1156 1351 1202 laus,
1371 1155 1425 1192 ita
1442 1153 1500 1191 uti
1519 1160 1602 1197 tua,

143 1218 183 1257 in
207 1219 347 1259 illustri
366 1220 452 1259 loco
483 1221 556 1259 sita
582 1227 654 1266 est,
683 1220 741 1258 his
764 1220 1123 1258 honestissimarum
1150 1231 1276 1257 rerum
1305 1216 1367 1255 vel
1387 1215 1606 1267 neglexisse

142 1281 287 1332 aliquid
305 1283 447 1334 probro
467 1282 593 1320 datur.
651 1281 842 1320 Praeterea
870 1282 935 1333 qui
964 1282 1003 1319 in
1023 1281 1107 1319 aliis
1128 1280 1365 1318 orationibus
1378 1276 1605 1330 judicandis

140 1342 441 1390 hallucinantur,
460 1356 537 1382 una
567 1349 719 1382 tantum
749 1344 798 1382 de
825 1357 865 1382 re
897 1356 976 1381 non
1002 1344 1148 1394 optime
1182 1349 1382 1380 statuunt:
1412 1340 1477 1391 qui
1512 1351 1604 1376 vero

141 1405 304 1444 consilia
320 1403 368 1444 de
386 1404 476 1443 vitae
495 1405 630 1443 officiis
659 1418 737 1443 non
755 1412 861 1444 recte
880 1405 1077 1457 accipiunt
1095 1412 1163 1443 aut
1182 1409 1447 1449 contemnunt,
1466 1400 1605 1440 erroris

144 1467 204 1506 sui
222 1481 291 1520 per
309 1481 461 1506 ornnem
484 1480 616 1506 secum
635 1475 790 1506 aetatem
809 1469 1044 1507 monimenta
1062 1465 1351 1506 circumferunt.
1408 1466 1443 1503 A
1463 1464 1604 1516 quibus

143 1531 323 1569 omnibus
355 1537 394 1569 te
418 1529 586 1568 alienum
617 1538 733 1581 atque
761 1531 970 1569 immunem
1000 1544 1083 1568 esse
1114 1531 1240 1575 decet,
1261 1543 1306 1568 ac.
1337 1528 1538 1581 providere
1567 1532 1606 1564 et

141 1593 374 1644 perspicere,
393 1592 486 1644 quid
513 1592 719 1630 maximam
737 1593 777 1631 in
804 1594 918 1631 rebus
944 1592 1120 1631 humanis
1138 1593 1213 1630 vim
1241 1592 1436 1630 obtineat:
1468 1597 1507 1628 et
1526 1602 1603 1640 quo

140 1660 246 1692 recte
278 1653 518 1704 feliciterque
542 1655 755 1694 constituto
782 1655 970 1693 maximos
999 1655 1039 1692 iu
1057 1656 1136 1693 vita
1154 1655 1305 1693 fructus
1331 1653 1602 1706 percipiamus,

140 1728 218 1767 quo
249 1715 342 1754 item
370 1715 550 1770 neglecto
581 1723 648 1754 aut
682 1717 889 1768 depravato
917 1717 956 1755 in
984 1718 1251 1756 acerbissimas
1273 1717 1513 1756 calamitates
1546 1716 1603 1753 in-

139 1777 330 1816 cidamus.
373 1777 512 1828 Neque
531 1778 634 1816 enim
654 1780 862 1818 obscurum
882 1786 955 1827 est,
971 1780 1053 1831 ejus
1075 1780 1126 1818 rei
1145 1793 1276 1817 curam
1296 1781 1335 1817 in
1354 1780 1487 1831 primis
1517 1793 1603 1819 esse

140 1839 537 1892 suscipiendam,quae
550 1841 755 1893 plurimum
772 1843 811 1881 in
824 1850 1026 1895 utramque
1048 1851 1196 1896 partem
1217 1844 1401 1881 momenti
1419 1852 1456 1882 et
1468 1844 1600 1883 virium

139 1901 269 1941 habet.

197 1965 259 2003 10.
289 1965 464 2004 Mentem
495 1974 626 2006 autem
658 1969 913 2008 humanarum
947 1983 1074 2008 rerum
1103 1970 1273 2008 omnium
1303 1983 1390 2009 esse
1425 1970 1602 2009 modera-

137 2025 271 2065 tricem
296 2029 554 2080 reperiemus;
585 2044 702 2082 quam
733 2033 818 2070 sola
848 2032 1092 2084 philosophia
1117 2040 1158 2071 et
1184 2039 1290 2071 recte
1308 2033 1457 2070 erudire
1477 2039 1517 2071 et
1536 2046 1603 2071 ex-

139 2102 272 2128 ercere
305 2099 435 2142 queat.
493 2093 590 2144 Ejus
621 2107 714 2144 ergo
744 2101 784 2133 te
809 2108 887 2133 non
916 2104 1112 2146 expertem
1141 2109 1226 2133 esse
1247 2102 1423 2147 oportere
1448 2109 1603 2138 censeo,

140 2159 208 2190 aut
228 2153 276 2190 ab
295 2166 342 2192 ea
363 2155 551 2193 sectanda
569 2155 765 2195 laboribus
787 2157 927 2208 quibus
947 2171 993 2195 ea
1018 2157 1192 2209 paranda
1211 2165 1271 2195 est
1291 2158 1473 2196 deterreri
1490 2171 1498 2196 :
1537 2171 1604 2197 co-

139 2213 340 2265 gitandum
361 2216 501 2267 potius,
529 2231 598 2269 per
626 2218 820 2269 ignaviam
849 2227 888 2258 et
906 2220 1120 2257 socordiam
1142 2233 1216 2257 nec
1238 2219 1422 2258 facillima
1437 2233 1602 2271 quaeque

137 2289 254 2329 posse
287 2279 577 2330 comprehendi,
597 2280 800 2319 tolerantia
833 2289 962 2320 autem
988 2290 1029 2320 et
1059 2281 1249 2320 industria
1281 2282 1375 2319 nihil
1407 2282 1445 2320 in
1477 2296 1603 2321 rerum

139 2345 279 2377 natura
296 2352 383 2377 esse
400 2340 591 2379 bonorum
606 2342 697 2393 quin
717 2350 973 2394 comparetur.
1029 2345 1158 2394 Atque
1175 2344 1344 2382 omnium
1364 2357 1450 2383 esse
1469 2346 1604 2383 absur-

139 2400 355 2451 dissimum,
373 2404 634 2453 parandarum
655 2418 772 2457 opum
792 2407 1037 2457 augendique
1057 2407 1205 2445 roboris
1226 2414 1265 2444 et
1278 2420 1403 2445 rerum
1424 2408 1603 2445 similium

140 2463 275 2503 ardere
288 2464 501 2516 cupiditate
521 2474 799 2518 proptereaque
817 2468 958 2506 multas
978 2482 1170 2507 aerumnas
1189 2468 1347 2521 perpeti,
1365 2483 1454 2520 quae
1473 2471 1605 2508 omnia

139 2525 315 2565 mortalia
346 2534 438 2566 sunt
471 2529 668 2580 mentique
706 2531 847 2569 servire
874 2539 1136 2570 consuerunt:
1169 2538 1212 2570 ut
1243 2544 1333 2569 vero
1366 2531 1450 2582 ipsa
1481 2545 1603 2579 mens,

141 2600 227 2639 quae
245 2596 385 2627 caetera
405 2591 606 2640 gubernat,
621 2605 709 2643 quae
725 2605 924 2644 nunquam
944 2593 1098 2639 deserit,
1119 2607 1208 2644 quae
1227 2594 1343 2631 totius
1366 2594 1452 2631 vitae
1472 2594 1550 2631 dux
1566 2601 1605 2632 et

139 2651 323 2702 magistra
341 2658 413 2699 est,
433 2653 645 2700 excolatur,
665 2668 744 2693 non
764 2655 974 2694 elaborare.
1009 2655 1246 2694 Praeclarum
1269 2669 1362 2694 sane
1379 2663 1417 2693 et
1436 2656 1603 2693 fortunae

137 2712 323 2752 beneficio
349 2714 449 2752 inter
473 2715 711 2755 excellentes
737 2731 823 2755 esse
843 2717 1106 2755 admirationi:
1139 2717 1209 2755 sed
1237 2717 1358 2754 multo
1379 2717 1604 2768 praeclarius

143 2781 215 2822 est,
231 2782 367 2827 suapte
387 2776 590 2824 industria,
611 2779 799 2830 quicquid
819 2779 998 2817 eximium
1029 2779 1079 2816 sit
1098 2792 1183 2816 esse
1204 2787 1441 2816 assecutum.
1501 2777 1603 2816 Nam

142 2835 208 2874 illa
227 2837 342 2876 etiam
371 2838 552 2890 improbis
586 2853 664 2878 non
695 2854 781 2879 raro
812 2854 898 2879 sese
924 2841 1059 2879 offert:
1106 2841 1192 2878 haec
1213 2853 1301 2878 vero
1333 2840 1473 2878 nemini
1495 2841 1605 2879 adest

144 2897 215 2937 nisi
233 2898 373 2939 virtute
388 2902 719 2952 praestantissimo,
780 2905 842 2942 Ac
863 2904 910 2941 de
939 2902 1183 2954 philosophia
1202 2902 1358 2952 quidem
1387 2903 1603 2944 disserendi

837 2968 860 3002 5
885 2978 908 3002 K

7 3242 11 3258 l

0 3263 358 3356 imos-³2:1³⁵:
