2912 4368
898 710 955 746 iN
988 708 1441 747 CTESIPHONTEM.
1853 709 1901 742 09

433 815 567 851 barum
588 814 778 865 principes
797 814 1000 851 imminens
1015 815 1095 864 jam
1113 812 1326 863 periculum
1345 812 1817 860 reformidarent—neque
1839 812 1896 847 in-

422 875 547 925 juria:
580 889 656 913 non
678 876 779 913 enim
801 889 867 913 eos
897 884 1022 913 orator
1055 876 1195 912 militiae
1226 873 1330 910 rudis
1357 874 1579 923 ordinisque
1614 873 1784 910 desertor
1814 885 1897 909 nio-

428 945 577 983 nuerat,
601 938 669 975 sed
687 937 889 974 Phocense
907 938 998 974 illud
1017 936 1228 974 decennale
1246 935 1389 972 bellum
1411 944 1595 972 {eternum
1617 935 1750 972 aniiris
1776 935 1894 971 docu—

428 1007 601 1036 mentum
634 1000 876 1045 infixerat——,
906 1012 990 1035 cum
1013 999 1095 1035 haec
1128 997 1242 1047 igitur
1272 997 1323 1033 ita
1343 1008 1384 1033 se
1405 996 1602 1042 haberent,
1625 1010 1789 1046 cumque
1813 997 1893 1032 ani-

427 1060 685 1098 madverteret
711 1074 757 1098 ea
788 1059 1088 1104 Demosthenes,
1110 1072 1154 1096 ae
1174 1059 1437 1108 suspicaretur
1459 1057 1679 1094 Boeotorum
1701 1058 1893 1108 principe<

424 1135 559 1171 pacem
581 1123 755 1173 privatim
778 1122 960 1167 coituros,
983 1134 1076 1158 auro
1099 1122 1177 1158 sine
1201 1135 1239 1158 se
1263 1134 1283 1157 a
1306 1120 1486 1169 Philippo
1513 1128 1687 1169 accepto,
1716 1134 1793 1156 uon
1825 1120 1892 1155 sihi

425 1183 632 1221 vivendum
653 1184 871 1228 arbitratus,
902 1184 932 1220 si
953 1197 1029 1233 qua
1059 1183 1272 1233 largitionis
1303 1182 1491 1219 societate
1514 1181 1798 1224 excluderetur,
1835 1195 1891 1217 rt·-

426 1253 540 1295 pente
561 1246 599 1281 in
621 1245 846 1282 concionem
869 1245 1042 1295 prosiliit,
1064 1252 1101 1281 et
1122 1258 1246 1295 neque
1269 1244 1423 1281 dicente
1445 1256 1639 1292 quoquam
1661 1241 1892 1286 mortalium,

424 1319 558 1357 paceni
581 1319 668 1343 cum
690 1306 869 1356 Philippo
891 1307 1016 1343 facere
1038 1314 1226 1356 oportere,
1249 1319 1374 1355 neque
1395 1312 1575 1354 negante,
1607 1303 1674 1340 scd
1696 1302 1785 1352 quia
1805 1316 1893 1339 ceu-

426 1374 527 1405 seret
547 1380 586 1404 se
603 1368 676 1405 hoc
695 1368 815 1405 veluti
847 1369 1040 1418 praeconio
1063 1368 1284 1404 Boeotorum
1308 1367 1545 1417 principibus
1567 1366 1687 1402 multo
1719 1371 1805 1401 ante
1829 1363 1895 1400 de-

425 1429 616 1474 nuntiare,
639 1437 682 1466 ut
713 1442 845 1466 secum
867 1430 1010 1478 praedae
1031 1436 1155 1479 captae
1176 1436 1325 1479 partem
1352 1428 1697 1471 communicarent,
1720 1441 1787 1477 per
1818 1427 1894 1463 Mi-

425 1503 580 1527 nervam
597 1491 764 1540 jurabat,
781 1502 892 1540 quam
916 1490 1063 1527 scilicet
1081 1503 1125 1526 eo
1141 1490 1351 1527 fabricatus
1374 1496 1432 1527 est
1449 1489 1607 1526 Phidias
1628 1496 1669 1525 ut
1686 1489 1772 1525 inde
1789 1501 1893 1537 quee-

425 1558 525 1588 stum
547 1552 690 1589 faceret
704 1559 742 1588 et
762 1552 951 1602 pejeraret
969 1551 1271 1597 Demosthenes,
1289 1553 1318 1589 si
1340 1551 1424 1601 quis
1441 1564 1577 1601 pacem
1593 1564 1676 1588 esse
1694 1564 1780 1587 cum
1803 1550 1893 1585 Phi-

422 1612 527 1663 lippo
547 1614 763 1650 faciendam
793 1614 949 1659 diceret,
971 1628 1011 1650 se
1041 1627 1127 1651 eum
1156 1614 1306 1665 capillis
1329 1621 1522 1664 arreptum
1550 1614 1588 1649 in
1611 1626 1803 1651 carcerem
1827 1613 1892 1649 ab<

422 1674 641 1719 ducturum,
675 1675 928 1726 Cleophontis
963 1676 1134 1712 imitatus
1166 1676 1201 1711 in
1235 1676 1542 1712 administranda
1576 1689 1654 1725 rep.
1692 1676 1893 1717 rationem,

422 1737 485 1786 qui
505 1737 608 1774 bello
630 1737 923 1774 Laeedaemouio
945 1737 1139 1774 civitatem
1160 1737 1299 1774 dicitur
1319 1737 1547 1787 perdidisse.
1580 1737 1655 1773 Sed
1678 1749 1761 1773 cum
1790 1736 1893 1772 The-

421 1799 608 1835 banorum
648 1799 840 1849 principes
880 1800 913 1836 ei
953 1812 1028 1836 uon
1064 1799 1322 1845 attenderent,
1364 1800 1583 1849 militesque
1630 1807 1779 1836 vestros
1813 1802 1894 1845 jam

423 1873 600 1910 egressos
621 1861 876 1905 remisissent,
897 1868 940 1897 ut
961 1874 1028 1898 vos
1051 1861 1097 1897 de
1119 1873 1215 1910 pace
1236 1861 1526 1907 consultamus,
1547 1862 1596 1897 ibi
1617 1874 1708 1897 vero
1738 1861 1894 1897 omnino

423 1935 557 1960 amens
578 1923 713 1968 evasit,
734 1929 772 1959 et
791 1935 1009 1960 conscenso
1037 1930 1227 1972 suggestu
1260 1922 1484 1959 Boeotorum
1513 1923 1707 1973 principes
1730 1922 1894 1959 Graeciae

422 1985 635 2035 proditores
666 1984 886 2034 appellavit,
910 1985 1127 2034 scitumque
1151 1997 1190 2021 se
1212 1985 1404 2021 facturum
1429 1984 1523 2021 dixit
1547 1985 1578 2021 is
1600 1985 1663 2033 qui
1694 1997 1892 2033 nunquam

423 2046 575 2083 hostem
603 2046 717 2083 rectis
738 2045 858 2082 oculis
879 2046 1040 2082 intuitus
1061 2052 1133 2089 est,
1164 2052 1205 2081 ut
1231 2058 1299 2083 vos
1321 2046 1471 2095 legatos
1494 2045 1647 2082 Thebas
1677 2045 1894 2089 mitteretis,

423 2107 531 2157 quia
553 2107 751 2144 Thebanis
782 2107 984 2144 transitum
1016 2108 1262 2157 postularent
1294 2114 1429 2143 contra
1462 2106 1692 2155 Philippum.
1734 2107 1893 2142 Summo

423 2168 538 2218 igitur
553 2168 700 2218 pudore
719 2168 846 2205 affecti
867 2168 1138 2204 Thebanorum
1158 2168 1366 2216 principes,
1384 2180 1427 2203 ac
1449 2167 1555 2203 veriti
1572 2180 1618 2203 ne
1638 2180 1765 2204 revera
1784 2167 1893 2203 Grae-

424 2242 555 2267 corum
593 2229 809 2279 proditores
848 2241 934 2265 esse
973 2228 1205 2274 viderentur,
1239 2241 1260 2264 a
1292 2240 1387 2278 pace
1421 2227 1677 2273 divertebant,
1709 2236 1823 2278 atque
1845 2229 1893 2266 ad

424 2293 547 2329 aciem
568 2292 831 2329 instruendam
852 2291 1120 2341 properabant.

476 2355 541 2391 48.
574 2354 661 2391 Hoc
682 2354 766 2391 loco
788 2353 1017 2403 optimorum
1054 2352 1217 2389 virorum
1254 2352 1474 2389 meminisse
1502 2353 1662 2403 dignum
1696 2361 1764 2397 est,
1796 2367 1893 2403 quos

422 2417 494 2453 iste
517 2429 603 2452 cum
626 2415 742 2452 sacris
764 2427 842 2451 non
864 2414 997 2458 litatis,
1020 2427 1097 2451 non
1129 2414 1405 2460 annuentibus,
1427 2415 1463 2451 in
1485 2423 1658 2465 apertum
1680 2416 1893 2465 periculum

423 2477 660 2527 abhgasset,
677 2488 795 2513 ausus
817 2483 887 2520 est,
908 2476 1111 2525 fugacibus
1143 2482 1181 2512 et
1201 2475 1276 2512 loci
1298 2476 1557 2513 desertoribus
1579 2476 1744 2525 pedibus
1767 2477 1803 2512 in
1834 2485 1893 2513 tu·

423 2540 570 2575 mulum
598 2545 835 2574 mortuorum
875 2537 1100 2582 ascendere,
1124 2550 1333 2587 eorumque
1362 2537 1627 2574 fortitudinem
1657 2538 1892 2575 collaudare.

425 2602 460 2638 O
482 2600 531 2637 ad
552 2613 610 2637 res
629 2611 790 2650 magnas
814 2599 1011 2648 seriusque
1034 2598 1205 2648 agendas
1238 2598 1435 2635 hominum
1465 2599 1636 2635 omnium
1661 2598 1892 2645 futilissime,

424 2663 474 2700 ad
513 2661 695 2699 orationis
735 2660 1012 2698 confidentiam
1054 2660 1225 2696 omnium
1262 2660 1667 2698 accommodatissime
1688 2665 1693 2697 !
1733 2662 1891 2698 hoccine

424 2737 512 2762 mox
539 2736 653 2774 agere
687 2722 917 2768 contendes,
945 2721 981 2758 in
1013 2734 1079 2758 ora
1109 2721 1268 2758 istorum
1299 2722 1467 2764 intuens,
1501 2722 1640 2759 debere
1670 2728 1705 2758 te
1738 2730 1894 2772 propter

425 2785 589 2824 civitatis
623 2785 863 2822 calamitates
900 2796 1043 2821 corona
1079 2783 1303 2821 honestari?
1348 2784 1439 2828 Vos,
1478 2784 1507 2820 si
1540 2784 1568 2820 is
1591 2784 1743 2827 dixerit,
1773 2785 1892 2833 patie-

426 2847 529 2893 mini,
549 2859 705 2897 unaque
732 2859 819 2883 cum
842 2845 885 2882 iis
907 2844 972 2894 qui
995 2844 1168 2881 defuncti
1191 2854 1281 2882 sunt
1302 2853 1431 2882 vestra
1452 2845 1600 2882 scilicet
1622 2846 1894 2882 commorictur

423 2908 637 2946 memoria?¹
668 2908 815 2945 Adeste
844 2906 934 2943 mihi
956 2905 1154 2956 paulisper
1179 2907 1330 2952 animis,
1353 2906 1628 2951 Athenienses,
1652 2920 1726 2943 non
1755 2908 1834 2957 jam
1856 2908 1892 2943 in

418 2971 566 3021 judicio
594 2970 660 3007 sed
687 2970 723 3006 in
755 2969 932 3010 theatr03
967 2968 1095 3019 ponite
1123 2968 1231 3005 vobis
1261 2976 1349 3005 unte
1374 2968 1506 3005 oculos
1537 2982 1755 3019 praeconem
1778 2968 1893 3017 prod—

425 3039 578 3070 euntem
626 3029 1020 3082 pxoedieationemque
1054 3042 1099 3067 cx
1132 3030 1336 3080 plebiscito
1371 3030 1579 3074 facturum,
1616 3043 1658 3067 :ic
1694 3030 1892 3066 vobiscum

426 3094 680 3138 considerate,
720 3099 845 3128 utrum
884 3091 1025 3141 putetis
1058 3098 1295 3128 mortuorum
1335 3093 1570 3141 propinquos
1604 3091 1733 3141 plures
1770 3091 1894 3140 laery-

426 3168 509 3193 mas
549 3155 771 3205 profusuros
806 3155 853 3190 ob
887 3153 1162 3202 tragoediarum
1201 3153 1425 3203 spectacula
1465 3161 1503 3189 et
1537 3152 1693 3189 acerbos
1735 3152 1893 3188 heroum

427 3230 554 3261 casus,
589 3216 654 3265 qui
674 3228 763 3253 mox
790 3214 827 3251 in
852 3227 1005 3251 scenam
1027 3214 1305 3264 producentur,
1326 3227 1373 3251 an
1397 3215 1444 3250 ob
1466 3214 1630 3250 civitatis
1653 3213 1892 3261 iniquitatem

426 3287 466 3317 et
489 3277 736 3315 dementiam.
770 3276 865 3320 Quis
889 3276 1002 3320 enim,
1025 3289 1100 3313 non
1131 3275 1183 3311 vir
1205 3275 1319 3312 modo
1342 3276 1519 3317 Graecus,
1543 3275 1610 3310 scd
1632 3274 1689 3310 vel
1712 3274 1827 3311 homo
1850 3275 1893 3310 li-

426 3341 604 3379 beraliter
638 3340 852 3384 institutus,
874 3352 951 3376 non
973 3339 1216 3388 ingemiscat,
1239 3338 1266 3375 si
1307 3337 1398 3373 nihil
1432 3337 1549 3374 aliud.
1572 3337 1665 3372 illud
1699 3337 1831 3373 saltem
1863 3338 1898 3373 in

428 3403 579 3439 theatro
600 3400 835 3445 recordatus,
859 3400 932 3437 hoc
954 3399 1149 3449 quondam
1172 3399 1232 3436 dic
1257 3407 1343 3448 trag
1356 3398 1465 3436 mdis.
1488 3409 1528 3434 ut
1551 3411 1666 3439 nunc,
1688 3398 1723 3432 in
1745 3412 1899 3435 scenam

432 3462 659 3513 prodituris,
679 3475 753 3512 quo
774 3469 944 3511 tempore
965 3461 1099 3499 melius
1120 3467 1200 3498 crat
1215 3470 1363 3499 morata
1384 3459 1514 3497 cix-iias
1531 3469 1566 3497 ct
1586 3458 1803 3497 melioribus
1826 3474 1890 3500 iru-
