1948 3306
334 195 413 232 616
703 191 994 232 ADVERSUS
1027 191 1424 231 MACARTATUM.

969 346 1153 386 ALIUD.

377 429 544 460 Testantur
560 434 677 469 patrem
690 438 776 459 suurn
791 429 962 459 Stratonem
976 431 1141 466 cognatum
1153 426 1249 458 fnisse
1262 425 1419 458 Polemoni
1435 426 1515 467 patri
1526 425 1668 467 Hagniae,
1677 425 1795 457 etCha·

335 482 453 512 ridemo
469 481 549 521 patri
561 480 766 520 Theopompi,
778 484 809 510 et
827 480 972 518 Philagro
986 479 1066 519 patri
1085 479 1261 516 Eubulidae,
1279 484 1312 509 et
1333 478 1460 509 audisse
1474 488 1490 508 e
1506 482 1592 517 patre
1609 489 1677 516 sun,
1691 478 1797 509 Phila-

337 545 423 575 grum
446 533 575 564 duxisse
604 542 731 562 uxorem
758 531 888 570 primam
908 531 1147 570 Phylomacham
1173 540 1310 560 sororem
1334 529 1511 560 Polemonis
1540 530 1638 570 patris
1664 529 1797 569 Hagniae

336 586 443 616 eodem
460 589 489 614 et
510 589 596 624 patre
613 588 642 613 et
665 588 760 613 matre
775 587 884 618 ortam,
909 585 940 611 et
962 585 1063 611 natum
1086 591 1155 611 esse
1180 581 1325 620 Philagro
1342 591 1358 611 e
1375 580 1581 620 Phylomacha
1599 580 1798 615 Eubulidem,

337 638 480 669 defuncta
507 641 605 666 autern
629 633 853 674 Phylomacha,
871 643 998 663 uxorem
1017 633 1106 662 aliam
1123 632 1253 662 duxisse
1278 631 1456 671 Philagrum
1470 631 1683 671 Telesippam‚
1699 636 1732 662 et
1746 641 1799 661 na·
1820 626 1824 636 ¹

338 696 402 721 tum
419 700 487 719 esse
505 687 715 718 Menestheum
732 686 856 715 fratrem
873 685 1035 715 Eubulidae
1051 688 1138 724 patre
1151 685 1274 724 quidem
1289 685 1410 720 eodem,
1425 683 1479 714 sed
1492 687 1589 714 matre
1605 693 1664 714 non
1679 683 1798 718 eadem,

339 747 381 778 et,
404 751 473 771 cnm
498 738 671 770 Eubulides
689 727 899 767 haereditatem
926 736 1057 776 Hagniae
1083 737 1227 776 petiisset
1250 736 1367 767 ratione
1393 735 1528 775 generis,
1549 736 1676 766 eandem
1699 745 1800 776 neque

339 792 552 823 Menestheum
570 789 713 829 petiisse,
731 799 828 828 neque
851 789 1070 819 Euotemonem
1094 788 1217 818 fratrem
1230 787 1380 828 Philagri,
1394 797 1494 827 neque
1509 786 1602 818 alium
1619 795 1800 827 quemquam

336 845 455 876 ratione
473 843 594 884 generis
609 841 804 873 contendisse
822 845 885 870 tum
901 850 972 870 oum
990 839 1155 871 Eubulide.

972 942 1158 980 ALIUD.

380 1028 526 1057 Testatur
548 1029 665 1065 patrem
690 1033 777 1053 suum
794 1022 1030 1053 Archimachum
1047 1026 1208 1064 cognatum
1221 1021 1319 1053 fuisse
1335 1021 1499 1052 Polemoni
1512 1022 1592 1062 patri
1608 1022 1751 1063 Hagniae,
1769 1027 1802 1053 et

338 1078 522 1110 Charidemo
538 1076 618 1117 patri
631 1074 837 1115 Theopompi,
853 1079 884 1104 et
899 1074 1045 1114 Philagro
1061 1074 1141 1115 patri
1156 1074 1330 1110 Eubulidae,
1345 1084 1440 1113 seque
1458 1084 1474 1103 e
1495 1079 1582 1115 patre
1597 1084 1653 1104 sno
1666 1075 1802 1113 audisse,

338 1129 518 1169 Philagrum
536 1127 668 1163 *duxisse
682 1137 808 1157 uxorem
825 1126 953 1166 primam
971 1126 1210 1165 Phylomacham
1232 1135 1367 1156 sororem
1389 1125 1567 1156 Polemonis
1584 1127 1693 1156 eodem
1714 1132 1802 1166 patre

339 1187 370 1213 et
386 1187 481 1212 matre
499 1186 608 1216 ortam,
631 1189 666 1209 ac
688 1183 788 1208 natum
814 1189 885 1209 esse
909 1190 925 1209 e
948 1178 1158 1218 Phylomacha
1184 1177 1381 1213 Eubulidem,
1402 1177 1610 1217 Phylomacha
1633 1183 1732 1208 autem
1749 1179 1805 1209 de-

338 1235 455 1269 functa,
479 1232 570 1262 aliam
595 1229 723 1261 duxisse
749 1240 875 1260 uxorem
904 1230 1086 1269 Philagrum
1111 1229 1320 1269 Telesippam,
1345 1233 1378 1260 et
1401 1234 1504 1260 natum
1530 1240 1597 1260 esse
1622 1230 1769 1270 Philagro
1785 1242 1803 1262 e

338 1284 507 1324 Telesippa
522 1283 738 1313 Menestheum
763 1282 887 1312 fratrem
915 1282 1078 1312 Eubulidae
1102 1286 1190 1322 patre
1212 1281 1336 1321 quidem
1352 1282 1473 1317 eodem,
1489 1282 1543 1311 sed
1567 1285 1663 1312 matre
1676 1292 1738 1312 non
1753 1292 1805 1313 ea—

339 1337 420 1372 dem,
435 1335 486 1374 qui
504 1334 676 1364 Eubulides
693 1344 764 1364 cum
789 1333 1000 1364 haereditatem
1026 1333 1157 1372 Hugniae
1179 1332 1298 1363 ratione
1320 1333 1443 1372 generis
1465 1337 1597 1372 peteret,
1613 1344 1711 1374 neque
1736 1336 1805 1365 Me-

339 1387 498 1418 nestheum
515 1391 577 1416 tum
595 1385 708 1416 fecisse
727 1385 889 1415 Eubulidae
907 1384 1148 1414 controversiam
1163 1384 1203 1414 de
1224 1384 1416 1420 haereditate,
1438 1394 1493 1414 neo
1510 1385 1730 1418 Euctemanem
1747 1386 1805 1416 fra-

338 1430 416 1469 trem
436 1438 582 1477 Philagri,
599 1448 654 1467 neo
667 1437 759 1468 alium
777 1446 958 1476 quemquam
975 1435 1093 1467 ratione
1109 1435 1241 1476 generis.

986 1544 1169 1584 ALIUD.

382 1635 528 1665 Testatur
543 1645 633 1664 avum
647 1644 735 1664 suum
751 1637 919 1663 maternum
937 1633 1146 1664 Callistratum
1163 1633 1288 1663 fratrem
1301 1633 1397 1664 fnisse
1411 1633 1611 1664 Euctemonis
1628 1644 1722 1673 regno
1737 1635 1806 1665 fun-

339 1686 380 1716 cti
394 1691 425 1716 et
441 1685 579 1726 Philagri
592 1685 757 1716 Eubulidae
774 1685 883 1725 patris,
901 1695 954 1715 eos
971 1689 1072 1715 autem
1085 1685 1243 1725 patrueles
1261 1685 1356 1716 fuisse
1367 1685 1546 1716 Polemonis
1559 1685 1660 1725 patris
1673 1685 1806 1726 Hagniae

339 1742 371 1767 et
387 1737 563 1767 Charidemi
577 1737 675 1778 patris
683 1737 888 1776 Theopompi,
907 1747 1002 1776 seque
1018 1737 1144 1767 audisse
1157 1747 1174 1766 e
1187 1741 1284 1767 matre
1297 1747 1362 1774 sua,
1377 1737 1501 1784 fratrem
1525 1747 1584 1767 non
1601 1736 1697 1768 fuisse
1714 1738 1808 1769 Pole-

338 1788 420 1819 moni
435 1789 513 1828 patri
532 1789 676 1827 Hagniae,
690 1798 827 1818 sororem
844 1789 941 1818 fuisse
966 1793 1065 1818 natam
1083 1788 1190 1818 eodem
1215 1793 1246 1819 et
1261 1794 1348 1828 patre
1375 1793 1406 1818 et
1430 1793 1528 1819 matre
1554 1789 1809 1829 Phylomacham‚
1828 1792 1834 1796 “
1862 1824 1866 1827 ,

340 1845 373 1870 et
387 1851 453 1870 eam
472 1840 706 1879 Phylomacham
734 1839 877 1879 nupsisse
902 1840 1060 1880 Philagro‚
1077 1844 1109 1870 et
1134 1851 1174 1870 ex
1198 1840 1244 1871 eis
1266 1851 1338 1871 esse
1358 1845 1462 1872 natum
1482 1841 1669 1872 Eubulidem
1687 1847 1807 1882 patrem

338 1891 557 1932 Phylomachae
573 1891 706 1922 Sosithei
721 1891 839 1922 uxoris.

342 1976 441 2015 Haec
472 1975 691 2014 testimonia
723 1975 924 2015 recitanda
953 1975 1171 2015 necessario
1203 1978 1323 2025 fuere,
1353 1977 1529 2025 Judices,
1549 1985 1594 2016 ut
1623 1991 1672 2016 ne
1704 1977 1808 2016 idem

341 2039 453 2077 nobis
474 2038 685 2085 accideret,
704 2039 809 2090 quod
829 2038 949 2090 prius,
969 2052 1059 2077 cum
1087 2039 1265 2092 imparati
1290 2039 1465 2092 oppressi
1494 2053 1654 2078 sumus:
1682 2040 1807 2078 multo

340 2107 471 2139 autem
501 2100 721 2140 evidentius
755 2100 870 2139 etiam
901 2108 1038 2139 contra
1064 2114 1106 2139 se
1134 2101 1395 2140 testimonium
1425 2101 1528 2141 dicet
1548 2102 1808 2149 Macartatus‚
1870 2140 1877 2147 ,

339 2165 440 2215 patri
460 2177 531 2202 suo
550 2163 803 2215 Theopompo
822 2162 915 2200 nihil
946 2162 1102 2202 omnino
1135 2163 1270 2203 deberi
1293 2177 1341 2203 ex
1370 2164 1538 2216 Hagniae
1566 2164 1807 2211 haereditate,

340 2239 431 2264 cum
453 2227 503 2264 sit
527 2226 709 2264 remotior
736 2239 879 2278 genere
910 2225 1183 2279 Theopompus
1217 2232 1333 2279 atque
1352 2227 1460 2278 adeo
1489 2240 1564 2267 nec
1593 2241 1642 2267 ex
1673 2227 1809 2266 eadem

340 2289 485 2327 familia
503 2302 676 2340 prorsus.

398 2352 459 2388 12.
482 2351 522 2388 Si
543 2351 628 2402 quis
648 2350 748 2389 enim
771 2350 1000 2398 sciscitetur,
1016 2350 1194 2402 Judices,
1216 2351 1290 2391 iste
1309 2351 1394 2404 quis
1414 2357 1475 2390 est
1493 2351 1560 2403 qui
1581 2364 1672 2390 cum
1689 2365 1810 2404 puero

338 2413 415 2452 hoc
433 2413 482 2451 de
504 2413 672 2465 Hagniae
690 2412 916 2452 haereditate
937 2413 1096 2465 litigat?
1126 2414 1228 2452 Satis
1242 2427 1310 2452 vos
1332 2409 1411 2453 scio
1432 2427 1704 2466 responsuros,
1721 2416 1811 2454 Ma-

339 2480 545 2513 cartatum.
604 2475 693 2519 Quo
725 2481 834 2527 patre
866 2475 1050 2527 genitus?
1079 2476 1346 2528 Theopomp0.
1403 2476 1493 2521 Qua
1521 2476 1674 2516 matre?
1702 2477 1812 2530 Apo-

339 2536 470 2576 lexide
499 2537 579 2576 filia
610 2537 831 2590 Prospalfii,
863 2550 994 2577 sorore
1026 2537 1233 2577 Macartati
1264 2538 1483 2592 Prospaltii.
1536 2539 1813 2592 Theopompus

341 2600 453 2652 cujus
473 2599 548 2638 fuit
565 2599 718 2651 patris?
757 2599 992 2638 Charidemi.
1050 2600 1308 2639 Charidemus
1338 2600 1479 2653 cujus?
1510 2600 1656 2641 Stratii.
1704 2602 1811 2640 Stra-

340 2662 416 2700 tius
434 2661 573 2713 cujus?
606 2662 754 2701 Buseli.
811 2662 911 2700 Haec
932 2669 1006 2707 est,
1024 2661 1202 2708 Judices,
1221 2663 1354 2701 Stratii
1370 2662 1530 2711 familia,
1547 2662 1662 2701 unius
1677 2662 1812 2702 Buseli

340 2723 531 2762 filiorum:
563 2731 601 2762 et
620 2724 767 2776 posteri
788 2723 919 2762 Stratii
935 2730 1027 2762 sunt
1042 2723 1083 2762 hi
1098 2737 1196 2775 quos
1213 2723 1415 2763 audivistis
1433 2738 1444 2763 ι
1471 2737 1596 2776 neque
1610 2723 1673 2763 hic
1685 2724 1810 2763 ullum

341 2798 508 2836 usquam
529 2800 670 2826 nomen
691 2793 751 2825 est
770 2799 902 2825 eorum
923 2786 988 2838 qui
1006 2792 1097 2825 sunt
1115 2799 1163 2825 ex
1179 2785 1391 2838 Hagniana
1404 2786 1564 2835 familia,
1581 2800 1627 2826 ac
1645 2799 1696 2826 ne
1716 2799 1811 2826 con-

342 2846 465 2886 simile
485 2848 655 2899 quidem.
714 2848 862 2888 Rursus
880 2848 998 2901 igitur
1015 2848 1189 2888 sciscitor
1208 2861 1371 2901 puerum
1389 2849 1509 2898 hunc,
1527 2848 1706 2901 quisnam
1725 2848 1812 2901 ipse

344 2909 394 2948 sit
425 2910 491 2961 qui
518 2923 608 2949 cum
642 2910 866 2951 Macartato
893 2912 942 2951 de
972 2911 1141 2963 Hagniae
1165 2910 1393 2951 haereditate
1417 2911 1660 2951 contendat?
1702 2910 1812 2950 Nihil

342 2984 501 3022 prorsus
534 2973 640 3012 aliud
670 2973 910 3027 respondere
937 2980 1057 3026 queat
1087 2987 1198 3026 puer,
1223 2987 1339 3026 quam
1372 2987 1412 3013 se
1445 2987 1533 3014 esse
1563 2973 1810 3014 Eubulidem.
