1981 3356
619 211 908 249 ADVERSUS
940 210 1242 249 LACRITUM.
1586 216 1659 252 547

191 320 460 367 gnerarentur,
480 314 706 365 prioresque
727 314 938 352 creditores
958 313 997 350 in
1019 313 1057 350 id
1079 313 1357 362 consentirent,
1378 324 1664 355 consenserunt

189 384 234 415 ut
261 384 396 415 nostra
427 376 526 414 Chio
556 376 902 427 oppignerarentur
934 373 1044 425 isque
1075 375 1264 413 universis
1298 375 1501 426 potiretur,
1531 377 1662 429 itaque

188 439 390 478 solverunt
409 452 429 476 e
451 437 578 475 Ponto
593 450 681 475 cum
696 436 896 475 Phaselita
914 436 1153 475 naviculario
1175 444 1215 475 et
1228 450 1316 475 cum
1335 438 1434 477 Chio
1450 439 1659 484 creditore3

188 501 284 540 etin
304 501 336 538 F
339 513 448 538 urum
467 505 620 551 portum
641 497 857 550 appellunt,
876 499 916 536 in
935 504 1068 536 nostro
1083 505 1214 537 autem
1234 507 1410 538 mercatu
1437 514 1513 538 non
1540 515 1661 554 appu-

186 563 316 601 lerunt
329 575 339 606 ;
371 568 411 600 et
428 574 547 606 nunc,
564 559 740 607 Judices,
761 560 925 599 Athenis
946 567 1084 599 mutuo
1106 561 1210 599 datae
1230 562 1408 612 pecuniae
1430 562 1469 599 in
1491 563 1661 602 Pontum

186 632 226 663 et
245 631 395 662 rursum
416 635 438 661 e
459 622 587 660 Ponto
607 621 797 669 Athenas,
812 622 852 660 in
868 622 1010 661 Chium
1028 623 1075 660 ab
1098 622 1182 661 istis
1203 622 1377 661 devectae
1398 632 1503 662 sunt.
1544 625 1662 670 Quod

185 687 304 739 igitur
321 685 505 724 orationis
524 683 631 723 initio
651 684 776 735 posui,
797 684 907 722 vobis
928 684 1044 723 etiam
1064 696 1143 723 non
1164 685 1290 722 minor
1309 697 1426 736 quam
1446 685 1559 724 nobis
1576 699 1662 725 ere-

187 748 378 787 ditoribus
418 748 462 786 fit
497 746 650 798 injuria.
708 746 968 789 Considerate
989 746 1119 793 modo,
1141 746 1165 787 J
1171 746 1319 792 udices,
1350 761 1399 786 an
1429 761 1508 786 non
1540 749 1662 788 viole—

185 809 310 849 mini?
351 810 452 848 Cum
469 809 556 861 quis
579 809 734 860 legibus
767 809 908 848 vestris
933 809 1066 848 studet
1092 822 1182 848 esse
1203 809 1396 861 superior,
1429 816 1469 847 et
1503 823 1663 862 syngra-

184 872 282 925 phas·
301 873 479 911 nauticas
504 872 627 910 irritas
658 871 752 909 facit
780 877 820 910 et
851 872 1028 924 abrogat,
1063 885 1086 910 a
1112 872 1224 911 nobis
1245 879 1412 924 accepta
1432 874 1602 925 pecunia
1619 875 1660 912 in

184 933 326 972 Chium
350 934 591 981 transmissa,
625 945 757 971 nonne
789 932 879 973 talis
906 933 1024 972 homo
1047 948 1114 973 vos
1145 934 1262 974 etiam
1281 934 1434 974 violat?
1479 935 1539 973 Ac
1567 935 1660 975 mihi

148 1048 150 1050 Ι
183 995 340 1047 quidem
359 1009 448 1034 cum
475 995 560 1035 istis
587 1008 648 1034 res
679 1001 753 1042 est,
774 995 831 1034 eis
852 996 954 1035 enim
972 997 1182 1048 pecuniam
1215 996 1334 1035 dedi:
1363 996 1440 1050 ipsi
1458 1010 1551 1036 vero
1571 1011 1660 1036 cum

185 1057 386 1097 Phaselita
398 1058 467 1097 illo
487 1057 726 1098 naviculario
747 1065 868 1109 agant
887 1058 969 1098 cive
985 1071 1070 1104 suo,
1091 1061 1154 1098 cui
1170 1073 1211 1097 se
1226 1059 1440 1099 credidisse
1453 1061 1660 1111 pecuniam

184 1119 322 1158 dicunt
347 1120 494 1171 absque
527 1127 664 1157 nostra
697 1120 927 1157 auctoritate
958 1126 1092 1157 contra
1119 1120 1410 1171 syngrapham;
1449 1135 1521 1160 nos
1557 1123 1658 1161 enim

183 1181 278 1220 nihil
297 1182 456 1220 omnino
475 1181 618 1220 scimus
638 1180 732 1231 quid
752 1180 827 1232 ipsi
846 1181 997 1232 egerint
1022 1192 1113 1219 cum
1132 1180 1218 1219 cive
1239 1193 1325 1230 suo,
1347 1182 1421 1234 ipsi
1441 1183 1600 1234 quidem
1619 1183 1659 1222 id

182 1245 324 1284 sciunt.

241 1308 302 1345 15.
332 1299 430 1344 Haec
451 1318 536 1344 esse
557 1318 671 1357 aequa
691 1312 889 1357 putamus,
908 1317 1058 1357 vosque
1079 1317 1250 1352 oramuS,
1268 1305 1295 1344 J
1299 1305 1447 1354 udices,
1467 1312 1512 1344 ut
1532 1306 1658 1358 opitu-

182 1368 444 1408 lemini·nobis
475 1367 656 1419 injuriam
686 1367 830 1420 passiS,
851 1374 892 1406 et
921 1367 1092 1420 puniatis
1111 1367 1301 1407 malarum
1320 1369 1462 1407 artium
1485 1375 1525 1407 et
1541 1369 1657 1407 dece-

181 1431 359 1483 ptionum
379 1429 559 1482 qualibus
578 1429 642 1468 isti
662 1436 824 1468 utuntur
848 1429 1059 1469 studiosos.
1117 1428 1217 1474 Quae
1239 1430 1271 1468 si
1295 1430 1478 1478 feceritis,
1491 1438 1531 1468 et
1545 1430 1654 1469 vobis

181 1493 275 1546 ipsis
301 1493 413 1531 utilia
440 1491 672 1539 decernetis,
693 1499 731 1530 et
754 1492 936 1543 improbis
964 1492 1185 1531 hominibus
1219 1505 1356 1531 omnes
1388 1493 1655 1533 cavillationes

181 1555 364 1608 eripietiS,
383 1554 522 1607 quibus
541 1562 647 1593 nunc
666 1554 783 1606 aliqui
804 1560 1030 1593 contractus
1049 1554 1227 1593 nauticos
1246 1554 1423 1593 eludunt.
