1948 3306
335 151 386 188 26
757 150 988 189 CONTRA
1016 145 1377 189 TIMARCHUM.

333 254 472 292 fecisse
493 253 642 299 dicunt,
658 267 792 292 eorum
811 255 991 305 quaedam
1008 267 1192 305 agnosco,
1208 253 1387 305 quaedam
1406 253 1462 291 ita
1478 264 1577 298 esse,
1593 258 1637 290 ut
1649 252 1696 290 ab
1711 249 1803 290 istis

332 320 513 365 corrupta
531 316 791 365 proferuntur,
810 329 888 353 non
909 317 1097 354 concedo.
1138 316 1320 354 Amorem
1350 328 1461 365 porro
1488 315 1738 352 honestorum
1758 320 1801 351 et

333 375 612 423 modestorum,
643 377 800 415 humani
820 376 983 414 affectus
1013 384 1052 415 et
1082 377 1249 415 liberalis
1280 376 1395 414 animi
1425 388 1510 413 esse
1539 382 1696 413 statuo:
1727 374 1800 412 sed

332 438 500 488 pecunia
515 439 729 477 redimendi
750 440 914 490 aliquem
937 440 1205 490 petulantiam,
1221 439 1289 476 viri
1311 437 1435 489 injurii
1450 444 1490 475 et
1508 436 1635 474 insciti
1655 449 1802 473 munus>

332 512 417 537 esse
438 500 613 538 arbitror.
644 501 773 551 Atque
794 501 908 539 etiam
934 501 1031 538 citra
1054 500 1313 551 corruptelam
1335 499 1467 544 amari,
1487 498 1693 536 honestum
1715 510 1799 535 esse

332 561 506 599 affirmo:
539 560 608 600 sed
635 562 812 601 mercede
841 562 1053 599 adductum
1081 576 1121 600 se
1153 562 1397 613 prostituere,
1425 568 1550 611 turpe.
1599 559 1799 603 Quantum

332 629 462 660 autem
497 623 596 661 inter
620 625 758 662 horum
780 631 989 674 utrumque
1013 624 1178 668 intersit,
1212 631 1439 674 quantoque
1464 635 1581 673 opere
1610 620 1799 668 differant,
1836 657 1840 667 ,

330 690 421 734 post
438 698 507 723 vos
523 685 687 723 edocere
708 687 893 723 conabor.
924 685 1062 723 Patres
1079 686 1181 723 enim
1201 686 1333 731 vestri,
1354 697 1443 722 cum
1463 684 1512 722 de
1525 684 1614 721 vitae
1634 683 1798 727 ratione,

328 744 453 795 iisque
479 753 558 783 tum
581 747 692 784 malis
712 747 819 797 leges
838 747 995 793 ferrent,
1015 760 1103 798 quae
1123 754 1272 785 naturae
1293 746 1445 785 afferret
1466 746 1694 792 necessitas,
1715 754 1797 783 tum

328 807 440 845 bonis
473 821 561 858 quae
592 807 784 858 ingenuos
816 808 997 846 affectare
1025 808 1193 854 deceret,
1218 808 1302 846 haec
1335 808 1453 845 servis
1487 808 1771 845 interdixerunt
1788 820 1798 844 ε

328 882 409 906 ser
425 883 446 907 v
460 883 482 906 u
499 883 532 914 s,
566 868 690 920 inquit
722 869 799 915 lex,
832 883 924 907 non
958 876 1249 908 exerceatur
1279 882 1368 907 nec
1402 869 1604 920 pulvere
1638 882 1796 920 asper-

329 937 470 981 gatur
503 930 763 981 palaestris.
796 931 932 981 Neque
954 945 1044 970 vero
1057 931 1267 982 adscripsit
1281 931 1422 969 etiam:
1452 930 1646 982 ingenuus
1668 937 1797 968 autem

326 1000 495 1043 ungatur
514 999 553 1029 et
572 999 813 1031 exerceatur.
861 993 960 1031 Nam
982 994 1047 1031 ubi
1078 994 1357 1044 legumlatores
1384 999 1590 1044 perspecta
1608 992 1797 1030 exercita-

325 1055 474 1093 tionum
489 1055 710 1101 honestate,
732 1057 780 1092 ab
801 1069 931 1092 earum
952 1069 1027 1092 usu
1049 1068 1181 1092 servos
1201 1055 1443 1106 repulerunt,
1462 1054 1598 1092 eadem
1618 1053 1704 1104 lege
1723 1066 1797 1104 pu-

324 1124 469 1163 tarunt,
484 1129 562 1167 qua
575 1116 661 1153 illos
676 1117 935 1167 prohiberent,
953 1129 993 1153 se
1008 1116 1203 1166 ingenuos
1220 1116 1415 1153 exhortari
1427 1115 1478 1153 ad
1492 1115 1798 1153 exercitationes.

326 1178 478 1216 Rursus
498 1170 599 1215 idem
621 1177 821 1228 legislator
841 1177 974 1221 edixit,
1009 1190 1068 1214 ne
1102 1190 1271 1215 servus
1303 1177 1567 1226 ingenuum
1600 1189 1795 1227 puerum

324 1241 400 1278 vel
426 1246 553 1278 amet
577 1240 656 1277 vel
684 1251 825 1276 assec
839 1244 983 1283 tetur,
1007 1244 1088 1276 aut
1112 1238 1309 1289 publico
1335 1237 1532 1288 flagello
1554 1236 1603 1275 L.
1630 1238 1794 1288 plagis

325 1301 572 1340 afficiatur.
612 1301 792 1351 Ingenuo
813 1307 944 1338 autem
964 1313 1039 1337 non
1062 1299 1275 1346 interdixit,
1298 1313 1346 1338 ne
1365 1300 1427 1337 vel
1447 1306 1607 1346 amaret,
1633 1300 1696 1337 vel
1714 1301 1795 1339 col-

322 1364 559 1414 loqueretur,
578 1362 639 1401 vel
659 1360 943 1400 assectaretur:
976 1375 1102 1412 neque
1122 1361 1163 1399 id
1182 1373 1302 1412 puero
1322 1361 1626 1407 incommodare,
1647 1363 1716 1400 sed
1736 1362 1796 1400 in-

322 1425 514 1476 tegritatis
535 1423 800 1462 testimonium
821 1423 1023 1474 perhibere
1052 1422 1215 1474 putavit.
1264 1421 1369 1460 Nam
1388 1434 1477 1460 cum
1496 1421 1600 1459 idem
1619 1423 1794 1461 nondum

323 1489 372 1526 sit
391 1501 437 1525 eo
451 1487 602 1538 judicio
632 1486 835 1536 praeditus,
858 1492 900 1523 ut
928 1498 1063 1524 verum
1084 1492 1297 1523 amatorem
1331 1498 1354 1522 a
1380 1484 1481 1522 falso
1499 1485 1624 1535 possit
1648 1485 1795 1523 discer-

322 1563 427 1594 nere,
462 1550 589 1600 ipsum
613 1554 823 1586 amatorem
843 1548 1025 1598 castigat,
1060 1555 1100 1585 et
1130 1546 1308 1585 amicitiae
1342 1545 1662 1597 dijudicationem
1687 1549 1793 1586 aetati

321 1611 561 1664 prudentiori
589 1617 625 1648 et
651 1610 814 1661 graviori
835 1615 1028 1647 asservat:
1057 1608 1359 1647 assectationem
1383 1620 1501 1659 porro
1520 1614 1559 1645 et
1586 1607 1793 1659 inspectio-

320 1687 424 1719 nem,
440 1672 644 1710 modestiae
659 1670 876 1710 custodiam
898 1684 985 1709 esse
997 1671 1206 1709 maximam
1222 1669 1472 1708 existimavit.
1504 1669 1671 1719 Proinde
1690 1671 1792 1710 viros

320 1735 368 1773 de
384 1733 584 1786 republica
601 1734 702 1771 bene
729 1734 902 1777 meritos,
925 1739 965 1771 et
990 1732 1129 1770 virtute
1156 1731 1515 1783 praestantissimos,
1537 1731 1793 1771 Harmodium

318 1804 435 1848 atque
457 1796 776 1846 Aristogitonem,
797 1795 999 1832 modestus
1019 1794 1085 1832 ille
1106 1807 1151 1832 ac
1169 1793 1378 1844 legitimus,
1395 1793 1475 1832 sive
1489 1805 1596 1831 amor
1611 1794 1691 1832 sive
1704 1808 1789 1834 mos

319 1865 380 1897 est
400 1857 675 1908 appellandus,
695 1858 750 1894 sic
773 1856 927 1902 erudiit,
947 1863 991 1894 ut
1018 1856 1084 1907 qui
1110 1869 1245 1894 eorum
1275 1856 1380 1894 facta
1408 1855 1623 1902 celebrant,
1653 1856 1789 1895 laudes

317 1934 442 1959 rerum
465 1921 512 1957 ab
529 1919 603 1956 illis
624 1926 823 1969 gestarum
843 1932 922 1956 non
942 1918 1096 1968 assequi
1114 1918 1334 1956 videantur.

373 1983 440 2019 29.
472 1980 641 2025 Quando
658 1987 786 2018 autem
805 1980 970 2017 Achillis
984 1986 1021 2017 et
1040 1980 1211 2017 Patrocli
1223 1979 1466 2025 meministis,
1483 1985 1599 2030 atque
1616 1980 1789 2029 Homeri,

316 2045 559 2093 aliorumque
588 2048 807 2092 poetarum,
832 2041 944 2091 quasi
967 2041 1124 2091 judices
1144 2040 1261 2078 nullis
1292 2040 1506 2091 disciplinis
1536 2041 1614 2078 sint
1638 2043 1789 2092 eruditi,

315 2119 385 2144 vos
407 2111 538 2142 autem
560 2103 790 2154 gravitatem
815 2102 1011 2153 quandam
1033 2102 1238 2148 affectatis,
1261 2108 1300 2140 et
1323 2102 1468 2154 populo
1487 2103 1671 2154 majorem
1699 2118 1788 2143 eru-

317 2167 504 2205 ditionem
524 2178 533 2203 :
563 2172 608 2202 ut
625 2165 787 2202 videatis
803 2178 873 2202 nos
889 2177 1044 2215 quoque
1055 2165 1138 2216 jam
1154 2164 1300 2216 aliquid
1314 2164 1510 2202 audivisse
1525 2178 1571 2202 ac
1586 2165 1786 2213 didicisse,

314 2230 423 2266 hisce
446 2229 493 2265 de
514 2228 628 2265 rebus
649 2233 688 2263 et
715 2227 785 2277 ipsi
816 2226 963 2277 aliquid
994 2226 1245 2264 disseremus.
1290 2225 1503 2277 Postquam
1530 2226 1632 2264 enim
1657 2228 1787 2266 erudi-

314 2297 440 2328 torum
462 2288 659 2326 hominum
681 2289 810 2326 facere
831 2288 1081 2334 mentionem,
1096 2294 1135 2326 et
1155 2288 1205 2326 ad
1226 2288 1424 2339 expositas
1443 2301 1554 2326 versu
1573 2289 1787 2328 sententias

314 2352 524 2402 confugere
544 2350 763 2396 instituunt,
784 2349 928 2396 videte,
950 2350 1223 2396 Athenienses,
1255 2350 1378 2400 poetis
1398 2350 1570 2388 omnium
1591 2363 1783 2389 consensu

313 2412 592 2465 praestantibus
621 2418 660 2448 et
679 2412 790 2448 bonis
811 2411 1078 2458 consideratis,
1102 2418 1290 2462 quantum
1316 2411 1503 2449 interesse
1529 2411 1785 2451 existimarint

312 2479 412 2515 inter
432 2473 645 2518 modestos,
667 2485 712 2510 ac
738 2472 794 2509 sui
817 2472 996 2509 similium
1019 2480 1210 2520 amantes,
1234 2479 1274 2510 et
1298 2469 1398 2510 inter
1422 2473 1690 2519 immodestos,
1717 2475 1785 2525 qui

313 2551 362 2576 ea
381 2535 604 2573 desiderant
621 2546 708 2583 quae
730 2546 808 2570 non
829 2533 955 2579 decet,
978 2546 1022 2571 ac
1043 2534 1359 2571 contumeliosos.
1388 2533 1562 2571 Primum
1583 2540 1711 2571 autem
1734 2535 1784 2573 de

314 2599 487 2636 Homero
507 2596 651 2642 dicam,
678 2608 792 2646 quem
821 2596 858 2632 in
881 2595 1155 2646 antiquissimis
1182 2602 1221 2633 et
1240 2594 1533 2646 sapientissimis
1563 2596 1688 2645 poetis
1709 2610 1782 2634 nu·-

313 2672 525 2699 meramus.
575 2657 652 2699 Qui
686 2670 774 2694 cum
803 2657 934 2695 multis
962 2658 1060 2695 locis
1090 2657 1262 2695 Patrocli
1289 2664 1330 2695 et
1358 2656 1519 2695 Achillis
1552 2658 1782 2706 meminerit,

313 2734 483 2762 amorem
508 2726 547 2757 et
574 2726 878 2769 cognomentum
912 2719 1092 2757 amicitiae
1121 2718 1272 2756 illorum
1302 2719 1535 2765 dissimulat,
1566 2732 1654 2757 cum
1687 2721 1781 2759 insi-

313 2796 427 2836 gnem
460 2782 566 2819 illam
595 2780 909 2818 benevolentiam
947 2780 1106 2818 eruditis
1138 2779 1378 2817 auditoribus
1411 2792 1498 2817 esse
1528 2781 1780 2832 conspicuam

309 2843 513 2884 existimet.
565 2842 749 2884 Quodam
768 2842 870 2879 enim
897 2841 985 2879 loco
1006 2840 1179 2879 Achilles
1202 2840 1374 2879 Patrocli
1395 2854 1531 2880 necem
1557 2842 1778 2893 deplorans,

309 2913 353 2945 ut
378 2918 460 2943 rem
482 2916 613 2943 earum
643 2916 769 2942 rerum
797 2916 886 2954 quae
913 2903 985 2942 sibi
1017 2902 1231 2942 acciderint
1259 2903 1432 2942 omnium
1445 2903 1775 2943 acerbissimam:
