1915 3356
630 192 686 229 IN
718 189 1172 231 CTESIPHONTEM.
1586 190 1634 225 87

217 293 281 330 31.
313 291 422 339 Esto,
444 299 483 331 at
503 294 605 331 enirn
625 295 744 332 aeneis
765 301 805 332 et
823 293 1098 338 adamantinis,
1118 300 1162 330 ut
1181 293 1264 344 ipse
1279 295 1416 342 jactat,
1437 291 1555 329 muris
1575 304 1635 329 re-

164 353 318 404 gionem
332 361 503 393 nostram
520 356 694 402 munivit,
711 356 946 394 Euboeorum
964 367 1009 392 ac
1026 354 1300 392 Thebanorum
1320 355 1518 393 societate.
1554 354 1637 390 Imo

163 427 268 461 vero,
289 416 567 461 Athenienses,
589 424 665 454 tres
685 416 921 467 gravissimae
941 416 1016 452 hac
1035 416 1073 452 in
1094 428 1133 452 re
1153 415 1300 464 injuriae
1320 416 1478 453 omnino
1503 414 1636 452 insciis

165 475 273 513 vobis
296 483 388 514 sunt
409 477 540 515 illatae.
572 478 806 526 Quanquam
831 482 960 514 autern
997 477 1047 513 ad
1074 476 1208 512 miram
1230 476 1337 513 illam
1364 477 1638 514 Thebanorum

165 536 393 574 societatem
413 537 682 587 explicandam
703 537 894 582 festinem,
915 542 1046 574 tamen
1068 543 1110 573 ut
1130 549 1200 574 suo
1217 549 1383 586 quaeque
1399 536 1487 574 loco
1505 550 1637 588 perse-

165 610 275 648 quar,
296 598 529 635 Euboeorum
543 598 708 648 primum
723 598 958 635 mentionem
974 597 1128 635 faciam.
1162 597 1300 634 Multis
1318 609 1389 634 vos
1411 610 1455 635 ac
1471 599 1637 647 magnis,

168 659 450 706 Athenienses,
473 658 602 697 affecti
621 659 767 711 injuriis
787 666 870 697 tum
901 673 924 697 a
945 659 1183 698 Mnesarcho
1205 658 1471 704 Chalcidensi,
1502 660 1639 697 Calliae

165 728 206 759 et
224 720 504 758 Taurosthenis
525 727 648 772 patre,
669 733 767 771 quos
786 720 858 759 iste
879 735 984 759 nunc
1004 728 1165 772 accepta
1191 720 1372 758 mercede
1392 733 1470 757 non
1490 720 1642 758 dubitat

166 783 270 820 cives
290 782 444 820 Atticos
475 782 634 821 decreto
653 783 865 828 nominare,
899 790 981 821 tum
1009 797 1032 821 a
1051 783 1284 834 Themisone
1315 781 1544 828 Eretriensi,
1574 783 1641 833 qui

165 845 276 882 vobis
295 844 404 895 pacis
434 851 605 896 tempore
629 845 806 895 Oropum
835 845 992 890 ademit,
1016 844 1154 882 horum
1181 852 1312 882 tamen
1335 844 1505 881 omnium
1538 844 1641 881 ultro

167 906 289 953 obliti,
309 907 439 945 statim
460 920 506 945 ac
528 897 704 944 Thebani
725 907 762 943 in
784 907 978 945 Euboeam
1012 907 1269 958 trajecissent,
1290 913 1328 943 et
1347 907 1464 943 urbes
1491 908 1571 954 ejus
1600 906 1641 944 in

167 967 394 1007 servitutem
413 968 591 1019 redigere
611 975 861 1015 conarentur,
881 969 982 1007 intra
1002 969 1172 1020 quinque
1193 967 1276 1005 dies
1296 968 1438 1005 Euboeis
1457 974 1496 1005 et
1515 967 1641 1005 classe

166 1036 206 1067 et
225 1029 473 1081 pedestribus
493 1030 613 1081 copiis
635 1043 748 1081 opem
767 1030 925 1077 tulistis,
946 1037 987 1068 et
1005 1031 1232 1082 priusquam
1252 1029 1411 1079 triginta
1439 1029 1520 1067 dies
1540 1042 1641 1080 prae·

167 1091 364 1139 terierant‚
385 1091 595 1129 Thebanos
625 1099 789 1143 accepta
807 1093 883 1130 fide
904 1092 1120 1138 dimisistis,
1140 1098 1180 1130 et
1199 1093 1351 1129 Euboea
1375 1091 1486 1142 potiti
1505 1091 1641 1129 urbes-

168 1166 245 1203 que
264 1161 304 1191 et
324 1155 418 1205 reip.
449 1161 594 1192 statum
609 1154 672 1201 iis,
693 1155 759 1205 qui
786 1155 872 1192 haee
894 1155 1003 1193 vobis
1033 1156 1322 1201 commiserant,
1343 1154 1400 1191 uti
1428 1160 1578 1191 rectum
1604 1159 1643 1191 et

162 1215 312 1266 justum
332 1222 428 1261 erat,
449 1216 692 1261 reddidistis,
723 1217 898 1267 iniquum
916 1217 1079 1255 'scilicet
1100 1230 1184 1255 esse
1204 1216 1291 1263 rati,
1313 1216 1379 1254 ubi
1406 1216 1503 1254 fides
1522 1215 1644 1252 habe·

169 1283 285 1322 retur,
306 1276 517 1314 iracundiae
542 1278 780 1316 meminisse.

225 1340 289 1376 32.
321 1340 379 1376 At
397 1351 490 1377 vero
510 1338 629 1376 tantis
649 1340 786 1377 vestris
805 1340 1006 1378 beneficiis
1034 1339 1162 1376 affecti
1185 1338 1466 1375 Chalcidenses
1496 1349 1645 1387 nequa-

170 1412 287 1450 quam
306 1412 438 1450 parem
459 1400 567 1437 vobis
589 1400 808 1437 referebant
828 1401 1006 1450 gratiam,
1027 1400 1097 1437 sed
1119 1413 1207 1436 cum
1234 1399 1273 1435 in
1300 1399 1492 1434 Euboeam
1514 1397 1645 1447 copias

169 1461 375 1510 trajecistis
396 1472 509 1510 opem
541 1459 753 1496 Plutarcho
772 1460 901 1504 laturi,
922 1460 1054 1508 primis
1083 1459 1242 1508 quidem
1270 1465 1375 1495 certe
1406 1458 1647 1509 temporibus

170 1522 380 1561 amicitiam
400 1521 649 1564 simulabant,
672 1532 805 1556 verum
829 1520 958 1555 statim
972 1526 1014 1555 ut
1036 1520 1086 1555 ad
1102 1520 1299 1569 Tamynas
1313 1519 1588 1568 processimus,
1609 1527 1649 1557 et

171 1584 391 1634 Cotylaeum
406 1594 522 1631 quem
541 1578 685 1617 vocant
704 1571 874 1617 mo'ntem
894 1579 1178 1630 superavimus,
1199 1586 1282 1616 tum
1303 1579 1405 1617 illico
1421 1580 1566 1619 Callias
1584 1581 1648 1620 ille

173 1643 458 1689 Chalcidensis,
472 1654 588 1692 quem
602 1641 888 1679 Demosthenes
904 1647 1067 1692 accepta
1082 1640 1264 1678 mercede
1277 1640 1541 1687 collaudabat,
1557 1656 1647 1681 cum

170 1707 320 1746 videret
338 1700 506 1743 civitatis
527 1710 671 1741 nostrae
687 1704 900 1741 exercitum
921 1703 958 1740 in
980 1703 1184 1754 angustias
1198 1703 1388 1753 quasdam
1403 1704 1648 1751 conclusum,

172 1769 277 1807 unde
298 1767 371 1805 nisi
397 1766 532 1818 praelio
554 1765 713 1804 vicisset
731 1765 861 1803 nullus
893 1773 978 1803 erat
1005 1765 1178 1817 receptui
1198 1765 1322 1811 locus,
1342 1765 1448 1803 nulla
1467 1766 1529 1804 vel
1547 1773 1649 1805 terra

173 1830 238 1869 vel
258 1829 354 1868 mari
375 1827 505 1868 auxilii
525 1841 629 1879 spes,
663 1828 694 1865 z's
726 1828 885 1877 inquam,
906 1835 1043 1865 coacto
1070 1841 1119 1865 ex
1149 1826 1253 1864 omni
1282 1827 1434 1865 Euboea
1462 1829 1648 1876 exercitu,

174 1892 372 1944 copiisque
405 1904 429 1929 a
448 1890 629 1942 Philippo
649 1889 862 1939 accersitis,
884 1895 922 1927 et
940 1889 1052 1927 simul
1074 1902 1164 1927 cum
1185 1902 1230 1927 eo
1250 1889 1368 1927 frater
1394 1890 1478 1941 ejus
1499 1891 1647 1928 Tauro-

175 1955 348 1999 sthenes,
378 1952 445 2003 qui
475 1965 580 1990 nunc
601 1951 778 1990 omnibus
806 1951 982 1989 dextram
1009 1951 1170 2002 porrigit
1203 1957 1321 2002 atque
1351 1951 1509 1999 arridet,
1534 1952 1650 2004 traje-

176 2016 249 2055 ctis
285 2014 554 2052 Phocensibus
586 2014 847 2058 mercenariis,
871 2013 910 2050 in
939 2026 1008 2051 vos
1035 2013 1223 2063 impetum
1253 2013 1433 2050 fecerunt
1462 2020 1648 2065 tanquam

176 2076 353 2116 funditus
373 2075 550 2113 deleturi.
590 2075 707 2117 Quod
725 2074 798 2112 nisi
818 2074 982 2125 primum
999 2074 1160 2112 deorum
1181 2073 1319 2124 aliquis
1338 2075 1548 2112 exercitum
1570 2089 1650 2114 ser-

177 2145 323 2185 vasset,
345 2137 489 2176 deinde
518 2137 661 2175 milites
681 2136 813 2183 vestri,
834 2136 985 2187 pedites
1017 2143 1132 2187 atque
1161 2137 1325 2187 equites,
1346 2149 1387 2174 se
1409 2136 1509 2174 viros
1531 2136 1648 2175 fortes

177 2201 449 2253 praebuissent,
469 2206 508 2237 et
519 2202 636 2248 juxta
656 2199 813 2237 Circum
834 2204 1052 2248 equestrem
1073 2198 1122 2235 ad
1143 2199 1338 2250 Tamynas
1355 2198 1509 2235 collatis
1528 2198 1649 2249 signis

178 2262 377 2307 vicissent,
408 2261 585 2299 hostibus
607 2261 822 2310 supplicibus
843 2260 936 2297 data
954 2260 1031 2298 fide
1052 2259 1232 2305 dimissis,
1254 2259 1411 2297 omnino
1433 2259 1651 2311 periculum

180 2324 255 2362 fuit
274 2336 323 2360 ne
343 2321 479 2360 civitas
501 2329 634 2360 nostra
653 2321 926 2372 gravissimum
946 2321 1118 2359 dedecus
1140 2321 1299 2359 subiret.
1335 2320 1473 2371 Neque
1494 2322 1595 2359 enim
1612 2323 1651 2359 in

179 2385 292 2423 bellis
317 2384 482 2422 adverso
504 2382 636 2421 Marte
657 2396 831 2434 pugnare
851 2383 1066 2420 maximum
1087 2390 1148 2421 est
1168 2383 1339 2420 malum:
1379 2381 1449 2420 sed
1477 2384 1540 2420 ubi
1565 2385 1650 2433 quis

180 2460 271 2486 cum
292 2444 523 2484 adversariis
543 2458 583 2483 se
598 2445 767 2496 indignis
788 2457 1025 2495 congressus
1045 2444 1201 2483 excidat
1214 2444 1387 2490 victoria,
1401 2443 1559 2481 dubium
1574 2458 1652 2482 non

183 2515 244 2548 est
273 2507 539 2559 conduplicari
573 2507 846 2545 calamitatem.
899 2507 982 2545 Vos
1012 2513 1160 2552 tamen,
1195 2506 1336 2545 talibus
1370 2505 1518 2557 injuriis
1540 2518 1652 2543 acce-

181 2571 274 2622 ptis,
291 2571 429 2610 iterum
450 2583 516 2608 eos
536 2568 576 2607 in
597 2569 760 2621 gratiam
779 2568 993 2621 recepistis.

240 2635 303 2672 33.
338 2632 485 2672 Callias
505 2644 596 2670 vero
629 2631 913 2678 Chalcidensis,
947 2643 1037 2669 cum
1062 2630 1135 2668 sibi
1165 2643 1188 2668 a
1207 2630 1316 2668 vobis
1351 2629 1504 2666 veniam
1535 2628 1653 2678 impe-

182 2699 339 2740 trasset,
355 2693 465 2732 brevi
485 2700 578 2745 post
590 2700 762 2744 tempore
783 2692 834 2730 ad
853 2692 1049 2743 ingenium
1070 2693 1320 2742 remig-rabat,
1340 2703 1428 2728 cum
1449 2691 1551 2727 enim
1575 2690 1653 2727 Eu-

183 2757 339 2796 boicum
368 2756 574 2794 concilium
609 2757 725 2794 verbo
747 2754 980 2793 Chalcidem
1003 2761 1248 2798 convocaret,
1276 2766 1316 2790 re
1344 2765 1436 2790 vera
1467 2752 1653 2790 Euboeam

187 2825 324 2858 contra
349 2830 418 2855 vos
439 2819 650 2865 muniebat,
681 2817 952 2868 insignemque
977 2815 1048 2854 sibi
1078 2815 1377 2853 dominationem
1409 2825 1653 2864 comparans.

186 2881 238 2918 Et
256 2880 340 2932 ejus
360 2878 580 2917 obtinendae
601 2879 818 2931 adjutorem
840 2877 910 2916 sibi
930 2877 1104 2915 futurum
1123 2876 1347 2927 Philippum
1368 2887 1541 2926 sperans,
1563 2875 1656 2913 abiit

186 2943 228 2981 in
255 2940 545 2988 Macedoniam,
566 2948 605 2980 et
624 2954 712 2981 cum
734 2940 915 2991 Philippo
935 2939 1081 2991 passim
1109 2938 1307 2990 profectus
1325 2943 1400 2983 est,
1421 2943 1460 2975 et
1483 2937 1523 2975 in
1544 2936 1655 2974 fami-
