1998 3306
358 206 439 253 540ss
781 203 1076 244 ADVERSUS
1108 206 1407 245 LACRITUM.

358 315 486 346 vestro
506 314 680 347 mercatu
697 309 904 360 pecuniam
923 310 1120 348 nauticam
1141 309 1354 347 mutuarint
1373 320 1494 359 eaque
1514 307 1828 347 defraudentura

360 370 599 410 debitoribus
633 376 674 409 et
704 370 1007 417 fraudatoribus,
1038 372 1078 410 in
1111 384 1306 410 carcerem
1341 369 1459 409 duci?
1503 370 1692 408 Haeccine
1723 376 1828 416 sunt,

361 432 526 478 Ifacrite,
552 445 640 483 quae
660 432 742 470 istis
765 433 1049 484 persuadebis?
1079 434 1158 471 Sed
1179 433 1244 471 ubi
1257 437 1322 481 jus
1343 432 1638 484 adipiscendum
1657 439 1733 478 est,
1755 432 1827 470 Ju-

359 493 479 540 dices,
496 494 545 532 de
563 494 803 533 mercatoriis
823 494 1114 534 contractibus?
1156 494 1272 547 Apud
1290 508 1403 546 quem
1424 493 1721 545 magistratum?
1760 501 1829 532 aut

357 568 434 606 quo
454 555 655 607 ternpore?
684 557 800 609 Apud
822 557 1003 596 undecim
1024 556 1156 595 viros?
1195 557 1249 595 At
1267 556 1305 599 hi
1326 563 1569 608 grassatores
1598 562 1638 594 et
1661 556 1766 594 fures
1787 563 1826 594 et

359 616 455 656 alios
485 616 722 657 facinorosos
754 619 893 670 capitis
927 631 1013 657 reos
1042 619 1312 657 introducunt.
1370 619 1437 656 An
1465 618 1570 671 apud
1589 617 1826 669 praetorem?

357 680 411 719 At
437 680 592 731 praetori
623 681 804 720 orbarum
832 689 872 720 et
891 681 1126 733 pupillorum
1147 690 1187 719 et
1211 688 1417 734 parentum
1436 695 1531 720 cura
1549 680 1732 720 mandata
1751 688 1826 720 est.

356 742 434 789 An,
467 742 524 780 ita
555 748 622 781 'me
660 751 763 782 amet
788 744 953 795 Jupiter,
978 743 1084 795 apud
1118 757 1247 795 regem
1283 742 1570 782 sacrificulum?
1611 743 1665 781 At
1699 755 1826 794 neque

357 805 646 856 gymnasiarchi
677 819 823 853 sumus,
845 819 974 857 neque
1011 818 1118 844 reum
1148 819 1370 857 quenquam
1406 805 1568 845 facimus
1601 804 1825 856 impietatis.

356 866 419 904 An
451 866 543 905 belli
572 866 650 905 dux
674 880 745 906 nos
778 868 1025 907 introducet?
1069 867 1272 919 Siquidem
1302 874 1441 920 agatur
1461 868 1510 906 de
1533 866 1749 918 patrocinio
1764 867 1825 907 vel

354 928 509 968 deserto
529 930 587 969 vel
615 943 694 969 non
723 938 890 983 recepto.
950 931 1119 969 Proinde
1139 937 1292 968 restant
1309 930 1420 968 nobis
1451 928 1604 968 duces?
1643 930 1695 966 At
1715 929 1824 968 trire-

355 990 474 1028 mium
492 992 696 1043 praefectos
722 993 762 1031 hi
793 1000 944 1040 curant,
979 1000 1017 1031 et
1042 992 1298 1032 introducunt
1322 992 1361 1029 in
1387 991 1603 1040 judicium:
1633 998 1824 1030 mercato-

354 1052 448 1090 rIam
468 1067 559 1091 vero
579 1067 739 1092 causam
759 1055 905 1092 nullam
930 1054 1230 1099 introduxerint.
1290 1054 1376 1105 Ego
1395 1067 1487 1092 vero
1511 1059 1702 1091 mercator
1722 1066 1824 1099 sum,

353 1120 393 1152 et
424 1120 465 1151 tu
493 1115 611 1153 frater
631 1127 674 1153 es
704 1122 744 1154 et
769 1116 895 1154 haeres
923 1117 1038 1156 unius
1062 1117 1302 1163 mercatoris,
1323 1117 1406 1167 ejus
1432 1116 1498 1167 qui
1522 1115 1771 1155 mercatorias
1801 1129 1825 1155 a

352 1175 465 1214 nobis
502 1175 688 1227 pecunias
722 1178 886 1229 accepit.
945 1179 990 1215 In
1021 1191 1097 1229 quo
1131 1178 1246 1228 igitur
1273 1191 1394 1217 causa
1417 1177 1502 1215 haec
1526 1177 1676 1230 judicio
1695 1177 1824 1217 disce-

352 1236 504 1288 ptanda
529 1238 620 1276 est?
659 1239 784 1285 Doce,
806 1239 972 1285 Lacrite,
994 1240 1110 1278 modo
1129 1241 1231 1290 aequi
1261 1239 1408 1292 aliquid
1434 1239 1556 1285 dicas,
1582 1246 1622 1278 et
1643 1240 1748 1291 quod
1774 1240 1825 1278 sit

351 1299 504 1350 legibus
522 1308 843 1339 consentaneum.
900 1301 980 1339 Sed
1000 1301 1144 1339 nullius
1165 1301 1335 1339 hominis·
1350 1307 1502 1339 tantum
1529 1308 1589 1340 est
1606 1299 1822 1352 ingenium,

286 1378 295 1384 κ
353 1361 419 1411 qui
438 1361 546 1400 hisce
574 1362 623 1401 de
643 1363 760 1402 rebus
781 1364 882 1414 aequi
902 1363 1049 1414 aliquid
1069 1364 1194 1414 possit
1211 1363 1352 1402 dicere.

410 1425 482 1463 14.>
502 1424 639 1475 Neque
669 1438 760 1463 vero
787 1425 847 1463 his
878 1426 1020 1472 solum,
1040 1425 1216 1471 Judices‚
1238 1438 1313 1475 ego
1345 1424 1492 1477 injuriis
1514 1437 1537 1462 a
1558 1424 1822 1462 Lacrito·affi-

349 1484 443 1532 cior,
473 1486 545 1524 sed
575 1493 716 1537 praeter
746 1487 1032 1526 fraudationem
1052 1487 1244 1539 pecuniae,
1263 1487 1380 1525 etiam
1400 1486 1440 1524 in
1458 1495 1633 1525 extrema
1650 1477 1824 1537 pericula

349 1547 540 1586 venissem
560 1555 750 1599 quantum
769 1549 808 1586 in
828 1550 904 1588 isto
923 1549 1081 1600 quidem
1101 1549 1188 1599 fuit,
1208 1548 1284 1587 nisi
1303 1548 1395 1586 mihi
1413 1548 1640 1601 syngrapha
1663 1560 1822 1586 succur-

349 1608 473 1655 risset,
495 1616 717 1660 testataque
736 1618 855 1657 esset,
879 1624 939 1650 me
968 1613 1005 1649 in
1030 1611 1201 1648 Pontum
1226 1610 1385 1648 dedisse
1403 1610 1607 1662 pecuniam
1628 1616 1668 1648 et
1687 1622 1819 1647 rursus

349 1670 539 1709 Athenas.
596 1672 735 1710 Nostis
756 1673 858 1710 enim
878 1673 1070 1724 profecto,
1091 1673 1270 1719 Judices,
1301 1673 1428 1723 legem
1460 1685 1576 1724 quam
1607 1685 1655 1713 ea
1686 1684 1818 1709 severa

348 1731 412 1778 sit,
431 1732 462 1770 si
483 1733 569 1782 quis
589 1733 888 1772 Atheniensium
914 1735 990 1772 alio
1014 1735 1195 1786 quopiam
1226 1747 1343 1784 quam
1371 1735 1549 1773 Athenas
1581 1734 1817 1772 frumentum

347 1796 506 1840 vexerit,
526 1800 595 1833 aut
623 1797 827 1846 pecuniam
860 1795 1045 1834 mutuarit
1076 1796 1115 1833 in
1141 1796 1259 1833 alium
1282 1803 1496 1835 mercatum
1516 1809 1634 1847 quam
1653 1795 1818 1833 Atheni-

346 1855 509 1902 ensium,
528 1870 618 1908 quae
637 1871 764 1908 poenae
783 1858 833 1896 de
858 1858 918 1896 his
948 1858 1169 1895 constitutae
1189 1858 1280 1904 sint,
1296 1871 1413 1908 quam
1433 1871 1586 1908 magnae
1604 1864 1644 1895 et
1663 1870 1816 1908 graves.

346 1917 475 1968 Atque
507 1918 606 1957 adeo
636 1920 758 1970 ipsam
792 1920 922 1971 potius
942 1919 1068 1971 legem
1095 1919 1152 1957 eis
1181 1920 1314 1966 recita,
1335 1933 1411 1970 quo
1442 1933 1522 1958 rem
1552 1919 1694 1958 certius
1725 1932 1816 1971 cog-

348 1988 527 2020 noscant.

1024 2102 1145 2141 LEX.

391 2196 561 2234 Argentum
589 2200 691 2225 autem
720 2205 778 2224 non
802 2195 894 2225 liceat
921 2196 973 2225 ulti
990 2196 1220 2227 Atheniensium
1245 2203 1298 2228 aut
1313 2197 1533 2237 inquilinorum
1551 2197 1684 2228 Athenis
1702 2198 1818 2238 degen-

290 2254 293 2258 “
346 2246 433 2281 tium,
446 2257 574 2285 quorum
591 2247 622 2276 hi
639 2252 710 2276 sunt
726 2251 875 2282 auctores,
887 2249 915 2276 in
933 2258 1052 2283 navem,
1065 2260 1132 2288 quae
1147 2250 1331 2279 frumentum
1342 2250 1480 2280 Athenas
1492 2254 1620 2280 vectura
1633 2261 1691 2280 non
1712 2250 1792 2280 sit--
1805 2267 1816 2273 -

346 2328 386 2361 et
404 2329 547 2361 caetera
565 2336 652 2373 quae
673 2323 720 2361 de
741 2322 906 2374 singulis
928 2337 1059 2362 earum
1081 2338 1209 2363 rerum
1230 2325 1374 2377 scripta
1395 2332 1499 2364 sunt.

387 2409 439 2440 Sin
457 2409 568 2448 aliquis
584 2410 732 2440 mutuarit
745 2421 781 2441 eo
797 2411 929 2446 nomine,
946 2415 977 2440 et
991 2411 1121 2443 indicari
1140 2417 1171 2443 et
1185 2413 1320 2444 describi
1336 2413 1432 2444 licere
1445 2418 1604 2452 argentum
1624 2413 1707 2452 apud
1728 2423 1812 2445 cura·

342 2465 439 2497 tores,
457 2461 713 2501 quemadmodum
732 2461 770 2490 de
787 2472 864 2491 nave
879 2466 910 2491 et
932 2462 1083 2492 frumento
1099 2453 1216 2494 dit-tum
1234 2469 1294 2500 est,
1307 2463 1374 2503 pari
1391 2465 1523 2495 ratione.
1566 2465 1607 2495 Et
1623 2464 1705 2495 actio
1727 2465 1756 2495 ei
1773 2475 1812 2496 ne

341 2511 433 2541 detur
457 2511 496 2541 de
517 2516 655 2550 argento,
677 2512 759 2550 quod
781 2512 846 2554 'atio
870 2512 1014 2554 quopiam
1038 2514 1167 2543 elocarit
1194 2525 1284 2555 quam
1307 2515 1466 2553 Athenas3
1491 2526 1588 2555 neque
1613 2516 1813 2557 magistratus

343 2562 423 2592 ullus
440 2562 478 2592 de
495 2573 531 2592 eo
544 2563 667 2592 referat.

341 2639 399 2678 Ac
419 2639 481 2677 lex
500 2640 671 2690 quidem,
691 2640 866 2687 Judices,
897 2648 975 2678 tam
1006 2654 1142 2680 severa
1161 2648 1221 2679 est
1238 2655 1247 2679 :
1277 2647 1318 2680 at
1336 2642 1398 2680 isti
1419 2642 1588 2685 omnium
1609 2642 1809 2686 hominum

337 2700 599 2752 impurissimi,
619 2714 708 2740 cum
725 2702 764 2739 in
783 2702 1006 2753 syngrapha
1026 2710 1158 2753 aperte
1178 2704 1363 2754 scriptum
1386 2703 1447 2749 sit,
1463 2704 1671 2754 pecuniam
1687 2704 1808 2743 Athe-

337 2775 407 2800 nas
441 2763 731 2814 reportandam,
758 2764 1015 2815 permiserunt
1047 2765 1252 2814 pecuniam
1281 2779 1304 2803 a
1330 2766 1442 2804 nobis
1474 2765 1638 2804 Athenis
1672 2774 1808 2810 mutuo

338 2822 534 2875 sumptam
568 2823 607 2863 in
641 2825 781 2864 Chium
818 2825 917 2863 vehi.
988 2826 1087 2864 Nam
1124 2840 1213 2864 cum
1248 2826 1446 2865 Phaselita
1478 2827 1738 2866 navicularius
1768 2827 1807 2865 in

337 2886 464 2924 Ponto
493 2900 514 2924 a
535 2886 634 2925 Chio
654 2887 822 2938 quodam
844 2887 999 2925 homine
1021 2888 1229 2939 pecuniam
1251 2895 1506 2933 mutuaretur,
1532 2888 1653 2927 Chius
1674 2895 1803 2928 autem

335 2961 376 2985 se
394 2946 573 2987 daturum
595 2956 769 2999 negaret,
790 2949 863 2988 nisi
882 2950 1010 2988 onmia
1032 2949 1101 2988 sibi
1121 2963 1206 3001 quae
1234 2950 1493 2988 navicularius
1514 2951 1672 2990 veheret
1693 2951 1803 3002 oppi-
