1915 3356
0 3198 12 3356 -—*,-..-,—„
4 3157 9 3167 -

613 193 670 230 IN
703 191 1150 231 CTESIPHONTEM.
1555 192 1596 226 81

137 294 244 344 quod
262 301 330 332 aut
348 306 414 332 vos
432 294 608 345 prodere,
622 302 689 334 aut
705 307 862 334 eausam
881 293 982 331 hanc
1003 292 1246 343 indulgenter
1262 292 1374 331 velim
1395 292 1604 338 remittere,

140 355 210 392 sed
235 355 338 405 quod
358 369 490 394 verear
509 370 556 395 ne
577 357 668 394 mihi
692 356 819 395 statim
844 356 898 393 ita
917 354 1146 400 occurratis,
1166 368 1227 394 me
1247 367 1337 393 vera
1358 354 1515 406 quidem
1544 353 1605 391 di-

139 428 227 454 cere
242 417 374 463 videri,
398 419 467 456 sed
489 419 648 469 antiqua
663 419 745 470 jam
766 424 805 455 et
824 428 1104 467 usquequaque
1126 416 1319 454 confessa.
1356 415 1489 466 Atqui,
1511 415 1605 453 Cte-

138 477 291 527 siphon,
325 481 436 526 cujus
476 493 627 517 summa
655 479 802 529 flagitia
831 479 879 515 ab
907 477 1146 514 auditoribus
1177 478 1229 514 ita
1259 479 1417 528 cognita
1447 483 1538 514 sunt
1568 484 1607 514 et

138 547 349 590 comperta,
371 548 413 579 ut
433 549 636 580 accusator
655 553 732 578 non
762 540 861 577 falsa
892 539 1034 585 dicere,
1059 538 1128 577 sed
1154 545 1286 576 vetera
1316 546 1355 576 et
1379 540 1607 590 pervulgata

138 600 329 648 videatur,
349 610 479 640 utrum
498 617 587 640 eum
609 615 725 640 aurea
745 614 890 639 corona
918 600 1066 647 donari,
1088 614 1137 638 an
1159 600 1367 651 vituperari
1396 601 1605 639 convenit?

138 661 194 699 Te
208 672 314 710 vero,
333 663 399 714 qui
414 670 454 701 et
473 663 573 701 falsa
591 670 630 701 et
649 663 798 714 legibus
817 663 1011 701 contraria
1041 663 1210 700 scribere
1242 675 1360 699 ausus
1381 661 1446 707 sis,
1477 669 1607 699 utrum

131 721 369 772 judiciorum
384 725 654 763 auctoritatem
671 731 920 763 contemnere
936 730 1101 775 oportet,
1118 737 1166 761 an
1182 723 1326 761 civitati
1339 736 1475 774 poenas
1488 723 1606 761 dare?

193 786 257 821 21.
290 785 351 823 De
371 786 537 836 publicis
557 793 687 824 autem
717 786 939 824 criminibus
968 785 1121 835 planius
1142 784 1283 834 >eloqui
1314 785 1496 822 conabor.
1547 783 1607 821 Si-

138 845 298 894 quidem
327 847 444 885 audio
466 848 790 890 Demosthenem,
820 859 907 885 cum
929 846 979 884 ad
1000 859 1066 883 eos
1093 845 1247 883 dicendi
1275 846 1378 883 vices
1408 846 1607 891 redierint,

139 914 306 956 quatuor
336 909 441 960 apud
471 923 538 947 vos
568 916 744 961 tempora
773 909 968 961 praeterita
996 914 1327 954 enumeraturum,
1360 908 1499 958 quibus
1525 908 1608 958 ipse

138 982 259 1020 remp.
279 971 575 1010 administravit.
627 973 801 1016 Quorum
823 985 943 1009 unum
971 971 1141 1022 quidem,
1161 978 1205 1008 ut
1233 983 1306 1021 ego
1325 970 1472 1021 accepi,
1491 970 1609 1021 idque

138 1032 308 1070 omnium
329 1035 493 1084 primum
514 1042 708 1079 recenset,
731 1048 808 1085 quo
828 1034 877 1073 de
897 1032 1123 1084 Amphipoli
1150 1032 1295 1070 bellum
1318 1046 1406 1070 cum
1427 1032 1609 1083 Philippo

138 1094 396 1142 gerebamus:
426 1095 464 1133 id
495 1102 625 1134 autem
645 1102 799 1146 tempus
825 1095 974 1133 definiit
1000 1107 1095 1146 pace
1119 1094 1185 1132 illa
1213 1102 1252 1132 et
1277 1095 1461 1132 societate
1489 1093 1609 1140 facta,

139 1167 256 1204 quam
286 1156 441 1194 decreto
471 1157 600 1195 sanxit
625 1157 866 1195 Philocrates
902 1157 1117 1207 Agnusius,
1148 1163 1187 1194 et
1223 1157 1295 1194 iste
1324 1156 1405 1207 ipse
1435 1169 1525 1194 cum
1563 1169 1611 1193 eo

139 1216 387 1266 conjunctus,
409 1218 465 1255 uti
492 1231 570 1268 ego
593 1218 811 1256 ostendam.
861 1217 1085 1255 Secundum
1106 1218 1226 1254 fuisse
1257 1225 1411 1266 tempus
1438 1217 1504 1263 ait,
1530 1230 1608 1267 quo

137 1288 274 1326 pacem
294 1277 549 1323 habebamus,
565 1278 743 1314 nimirum
765 1279 811 1314 ad
834 1291 920 1314 eum
937 1291 1063 1325 usque
1085 1278 1198 1322 diem,
1216 1290 1293 1327 quo
1312 1290 1408 1327 pace
1427 1291 1506 1327 qua
1524 1285 1611 1315 ute-

137 1337 252 1374 batur
271 1337 406 1375 civitas
427 1337 623 1388 dirempta
650 1337 753 1373 idem
786 1337 857 1374 iste
879 1342 1006 1374 orator
1031 1336 1176 1380 bellum
1200 1338 1383 1377 decrevit.
1436 1338 1609 1376 Tertium

136 1410 226 1436 vero
246 1411 335 1437 cum
362 1399 507 1436 bellum
538 1398 750 1449 gessimus,
771 1411 895 1449 usque
916 1398 967 1435 ad
986 1397 1179 1436 infelicem
1201 1399 1308 1437 illurn
1331 1399 1370 1437 in
1393 1400 1612 1440 Chaeronea

139 1454 376 1498 conflictum.
430 1460 621 1503 Quartum
647 1459 814 1509 denique
839 1460 975 1509 inquo
995 1473 1100 1497 nunc
1119 1474 1328 1499 versamur.
1388 1462 1460 1499 His
1495 1463 1614 1513 igitur

138 1522 384 1568 enumeratis,
406 1535 482 1568 me,
505 1528 550 1560 ut
578 1522 706 1567 audio,
728 1522 994 1583 appellaturus
1016 1529 1076 1560 est
1095 1529 1135 1560 et
1153 1530 1374 1575 rogaturus,
1395 1525 1519 1564 utrius
1539 1526 1610 1565 ho—

139 1597 224 1621 rum
244 1589 411 1634 quatuor
428 1591 646 1635 temporum
665 1580 756 1622 ,eum
777 1584 969 1630 incusem,
991 1592 1031 1622 et
1048 1586 1205 1636 quando
1226 1600 1314 1624 eum
1345 1600 1434 1638 quae
1464 1589 1610 1640 populo

137 1645 342 1684 utilissima
363 1645 495 1683 sintin
524 1659 604 1697 rep.
633 1645 941 1684 administranda
961 1647 1128 1697 gessisse
1152 1661 1316 1699 negem:
1348 1649 1453 1700 quod
1483 1651 1516 1688 si
1549 1665 1607 1690 re-

140 1707 334 1759 spondere
365 1707 497 1754 nolim,
527 1708 593 1746 sed
625 1707 760 1746 oculos
789 1708 986 1746 obduxero
1015 1716 1055 1747 et
1082 1709 1297 1760 aufugiam,
1320 1711 1373 1749 ait
1401 1725 1442 1750 se
1476 1725 1609 1752 acces-

139 1783 286 1816 surum,
317 1782 363 1808 ac
382 1769 694 1820 integumentum
710 1783 839 1808 meum
860 1770 1120 1816 revulsurum‚
1141 1772 1344 1823 abreptum
1371 1773 1537 1824 denique
1557 1777 1608 1814 ad

139 1838 385 1883 suggestum,
405 1832 442 1869 vi
462 1844 522 1869 me
538 1838 762 1870 coacturum
782 1838 825 1870 ut
839 1833 1113 1884 respondeam.
1162 1834 1217 1871 Ut
1237 1833 1352 1885 igitur
1371 1848 1443 1873 nec
1463 1836 1536 1874 iste
1556 1839 1611 1876 ita

136 1895 280 1934 viribus
302 1893 489 1940 confidat,
509 1900 549 1932 et
576 1907 644 1933 vos
665 1896 997 1946 praeinoneamini,
1017 1902 1056 1934 et
1078 1908 1153 1947 ego
1172 1896 1242 1934 tibi
1261 1898 1522 1948 respondeam
1542 1914 1611 1939 co-

138 1970 221 1996 ram
234 1956 446 2008 judicibus,
466 1956 770 2004 Demosthenes,
799 1957 1034 2009 reliquisque
1064 1958 1226 2006 civibus,
1247 1959 1312 2009 qui
1330 1960 1422 1998 foris
1445 1961 1610 2001 circum-

137 2020 297 2063 sistunt,
327 2024 366 2055 et
393 2031 523 2056 coram
544 2018 692 2056 Graecis
713 2018 852 2070 quibus
873 2033 977 2058 curae
996 2021 1070 2058 fuit
1088 2020 1178 2058 huic
1198 2021 1349 2071 judicio
1368 2022 1608 2063 interesse-

137 2080 252 2119 video
267 2086 395 2117 autem
414 2091 494 2116 non
512 2092 660 2130 paucos
679 2080 845 2126 adstare,
867 2081 937 2118 sed
954 2086 1014 2118 tot
1035 2087 1132 2130 quot
1150 2094 1264 2118 nemo
1283 2095 1452 2134 unquam
1473 2087 1608 2124 memi-

135 2142 193 2181 nit
207 2142 258 2181 ad
277 2142 398 2179 ullam
415 2153 576 2179 causam
601 2141 798 2192 publicam
826 2140 1124 2187 convenisse—‚
1142 2143 1374 2192 respondeo,
1396 2157 1456 2184 me
1482 2150 1606 2186 omni-

133 2217 200 2242 um
208 2216 338 2242 eorum
353 2208 520 2253 quatuor
532 2208 765 2252 temporum,
780 2214 868 2253 quae
881 2208 923 2239 tu
937 2201 1159 2252 distinguis,
1175 2210 1212 2240 te
1228 2204 1418 2244 incusare.
1440 2208 1557 2250 Quod
1574 2213 1605 2250 si

137 2266 191 2304 dii
211 2263 415 2307 voluerint,
430 2263 461 2301 si
476 2263 629 2313 judices
648 2263 805 2314 paribus
825 2276 896 2301 nos
912 2263 1049 2301 animis
1062 2263 1266 2311 audierint,
1282 2266 1312 2303 si
1330 2266 1486 2306 demum
1507 2271 1604 2322 ipse,

138 2341 226 2381 quae
244 2333 283 2365 te
304 2324 509 2363 admisisse
530 2324 624 2370 scio,
644 2324 828 2363 memoria
847 2326 1032 2375 consequi
1052 2331 1229 2376 potuero,
1248 2328 1405 2367 omnino
1423 2343 1484 2369 me
1497 2333 1604 2383 judi-

136 2390 247 2429 cibus
264 2394 512 2427 ostensurum
528 2386 697 2432 confido,
718 2386 884 2425 salutem
901 2387 1047 2425 civitati
1069 2387 1165 2425 deos
1181 2387 1345 2439 primum
1363 2391 1602 2435 immortales

135 2451 326 2496 attulisse,
353 2449 494 2487 deinde
516 2461 582 2486 eos
614 2448 679 2499 qui
706 2449 853 2500 reipub.
886 2449 1046 2500 negotia
1075 2450 1286 2500 prudenter
1307 2452 1604 2508 humaniterque

135 2517 351 2566 gesserunt,
365 2511 630 2550 calamitatum
650 2523 743 2549 vero
762 2511 934 2549 omnium
948 2525 1067 2550 unum
1084 2512 1387 2553 Demosthenem
1408 2526 1603 2559 auctorem

135 2573 346 2615 exstitisse.
394 2573 449 2610 Et
486 2572 591 2611 hunc
620 2572 778 2624 quidem
807 2573 992 2612 orationis
1021 2574 1195 2613 ordinem
1224 2579 1404 2628 persequi
1432 2580 1603 2631 instituo,

135 2649 215 2688 quo
234 2648 322 2674 eum
343 2647 503 2672 usurum
523 2647 611 2673 esse
631 2635 782 2686 accepi,
805 2635 1011 2687 dicamque
1030 2637 1197 2688 primum
1217 2638 1265 2676 de
1278 2640 1400 2690 primo
1412 2648 1600 2695 tempore,

134 2696 277 2737 deinde
297 2696 347 2735 de
367 2696 553 2743 secundo,
568 2702 648 2734 tum
663 2697 714 2735 de
733 2710 781 2735 eo
800 2698 903 2749 quod
924 2698 1058 2736 ordine
1078 2699 1293 2750 proximum
1312 2708 1383 2749 est,
1402 2711 1601 2755 postremo

133 2759 185 2798 de
203 2758 281 2796 hoc
296 2769 422 2794 rerum
436 2763 539 2796 statu
559 2758 599 2795 in
619 2771 696 2809 quo
715 2772 818 2797 nunc
838 2772 1049 2798 versamur.

188 2821 256 2857 22.
285 2817 348 2856 Ad
369 2830 454 2855 eam
472 2819 591 2869 igitur
608 2833 670 2858 me
689 2834 825 2872 pacem
847 2822 985 2868 refero,
1006 2835 1121 2872 quam
1143 2831 1184 2861 tu
1205 2831 1245 2862 et
1263 2825 1505 2866 Philocrates
1531 2830 1599 2870 de-

133 2880 320 2923 crevistis.
355 2878 478 2917 Vobis
506 2880 608 2918 enim
637 2881 827 2928 licuisset,
846 2883 1119 2930 Athenienses,
1139 2886 1301 2934 priorem
1326 2887 1429 2925 illam
1460 2902 1594 2940 pacem

133 2957 212 2983 una
236 2954 324 2982 cum
350 2941 544 2980 communi
566 2941 793 2982 Graecorum
813 2944 979 2982 concilio
1000 2945 1141 2993 faeere,
1160 2945 1190 2984 si
1212 2947 1305 2984 certi
1331 2947 1507 2990 homines
1526 2967 1594 2993 vos

830 3013 905 3051 *M
