1948 3306
331 154 407 191 748
694 150 985 189 ADVERSUS
1018 148 1360 187 EUBULlDElvh

927 343 1139 381 TESTES.

334 440 418 478 Hos
439 439 555 490 igitur
575 440 777 479 audivistis
795 441 1059 486 testificantes,
1083 448 1121 479 et
1141 441 1374 493 dejerantes.
1398 439 1558 478 Vocabo
1579 440 1693 477 etiam
1710 448 1797 478 ute-

334 501 460 538 rinum
494 500 666 547 fratrem,
687 508 726 539 et
758 502 938 552 utrinque
966 503 1076 540 nobis
1107 511 1330 553 cognatum,
1351 508 1392 540 et
1420 501 1518 539 filios
1539 500 1644 552 ejusd
1693 501 1795 539 Nam

334 562 548 602 Timocrati
582 563 712 602 matris
746 577 841 602 meae
873 564 979 601 fratri
1013 578 1198 615 germano
1224 572 1263 603 et
1292 563 1442 603 uterino
1473 563 1646 602 nascitur
1674 562 1796 600 Euxi-

331 625 459 671 theus,
480 626 671 664 Euxitheo
691 633 768 664 tres
794 626 860 664 filii
892 625 957 678 qui
978 639 1112 665 omnes
1133 626 1280 665 vivunt.
1335 626 1445 664 Voca
1471 624 1563 663 mihi
1581 637 1630 663 ex
1649 624 1704 662 eis
1731 623 1797 675 qui
1827 629 1832 639 ⁸

334 687 439 726 domi
461 695 563 726 sunt.

929 818 1144 857 TESTES.

337 912 447 963 Cape
475 911 590 951 etiam
607 912 830 952 testimonia
848 913 1049 952 curialium
1072 921 1111 953 et
1130 920 1386 966 cognatorum
1413 913 1560 962 matris,
1580 918 1620 952 et
1639 912 1800 952 munici-

334 987 442 1025 pum,
463 982 502 1013 et
529 987 692 1026 quorum
714 975 851 1014 eadem
871 984 1125 1015 monumenta
1145 984 1249 1016 sunt.

871 1130 1224 1168 TESTIMONIA.

339 1221 477 1260 Genus
505 1222 623 1273 igitur
649 1229 867 1261 maternum
902 1224 978 1262 tale
1013 1225 1237 1263 demonstro
1266 1224 1387 1271 vobis,
1408 1230 1447 1262 et
1481 1236 1567 1262 eam
1595 1224 1760 1262 ostendo
1784 1237 1807 1263 a

337 1284 427 1324 viris
448 1291 488 1322 et
508 1285 732 1323 mulieribus
752 1299 838 1324 esse
858 1287 995 1326 civem.
1024 1286 1142 1324 Matri
1162 1292 1290 1325 autern
1311 1299 1408 1324 meae
1429 1286 1612 1332 nascitur,
1631 1285 1807 1333 Judices,

337 1347 503 1399 primum
523 1361 543 1386 e
571 1346 847 1394 Protomaclm,
879 1350 941 1388 cui
969 1363 1055 1387 earn
1076 1349 1318 1387 Timocrates
1337 1349 1452 1386 frater
1470 1348 1644 1386 uterinus
1665 1355 1703 1386 et
1723 1362 1807 1400 ger-

338 1423 476 1448 manus
497 1410 775 1462 desponderat,
796 1411 896 1455 filia;
928 1411 1070 1449 deinde
1104 1425 1124 1448 e
1154 1417 1260 1462 patre
1291 1424 1392 1457 meo,
1412 1423 1499 1461 egO.
1558 1409 1807 1454 Quo‘autem

337 1480 455 1523 pacto
475 1472 575 1523 patri
597 1485 682 1511 meo
703 1473 892 1524 nupserit,
921 1473 1031 1511 vobis
1054 1474 1119 1511 'est
1148 1471 1481 1523 cognoscendum.
1538 1471 1639 1509 Nam
1666 1478 1706 1510 et
1723 1485 1811 1523 quae

341 1532 392 1571 de
414 1533 543 1580 Clinia
557 1534 792 1580 criminatur,
816 1541 854 1572 et
874 1535 923 1572 de
943 1534 1106 1572 nutricio
1122 1534 1257 1572 matris
1277 1530 1503 1581 ministerio,
1523 1533 1589 1572 illa
1601 1533 1716 1572 etiam
1736 1548 1810 1585 ego

342 1595 454 1634 vobis
475 1596 606 1634 omnia
626 1596 831 1648 perspicue
851 1597 1032 1635 narrabo.

401 1659 463 1696 12.
496 1657 781 1696 Protomachus
812 1672 960 1711 pauper
989 1658 1083 1697 fuit:
1115 1658 1165 1696 ad
1197 1671 1314 1710 quem
1343 1671 1432 1696 cum
1458 1657 1606 1709 pupilla
1637 1657 1813 1710 locuples

341 1719 558 1758 hereditate
578 1721 760 1766 venisset,
780 1720 1002 1759 elocaturus
1034 1727 1194 1759 matrem
1220 1733 1362 1766 meam,
1379 1719 1566 1757 Thucrito
1595 1720 1696 1771 patri
1725 1733 1813 1758 meo

338 1780 519 1820 familiari
540 1795 611 1820 suo
631 1783 856 1834 persuadet,
876 1790 920 1820 ut
939 1797 1024 1821 eam
1046 1783 1180 1822 ducat.
1235 1782 1300 1820 Sic
1320 1782 1587 1834 despondetur
1607 1782 1708 1833 patri
1726 1795 1814 1820 meo

342 1850 466 1882 mater
485 1858 586 1891 mea,
605 1858 673 1895 per
691 1845 951 1883 Timocratem
974 1844 1236 1890 Melitensem,
1258 1844 1516 1895 praesentibus
1546 1844 1720 1895 utrisque
1744 1858 1814 1896 pa-

345 1906 441 1943 truis
462 1908 556 1953 ejus,
579 1913 618 1944 et
638 1906 722 1944 aliis
742 1906 920 1945 testibus.
978 1906 1030 1944 Et
1056 1906 1194 1945 horum
1224 1906 1288 1957 qui
1319 1905 1546 1958 superstites
1575 1913 1678 1953 sunt,
1705 1908 1815 1945 nobis

343 1967 609 2005 testimonium
631 1968 775 2006 dicent.
833 1969 906 2006 His
937 1967 1066 2015 factis,
1090 1968 1285 2020 aliquanto
1318 1975 1420 2020 post,
1440 1981 1528 2006 cum
1550 1966 1650 2006 duos
1669 1968 1751 2020 jam
1772 1970 1817 2008 li-

346 2029 462 2067 beros
483 2030 708 2081 peperisset,
728 2037 838 2082 patre
854 2030 1042 2068 militante
1057 2044 1233 2083 peregre,
1252 2031 1372 2069 ductu
1391 2037 1430 2069 et
1449 2029 1629 2082 auspiciis
1651 2032 1818 2086 Thrasy.-

347 2092 444 2137 buli,
464 2091 550 2143 ipsa
581 2092 713 2144 inopia
745 2093 989 2137 conflictans,
1011 2100 1150 2131 coacta
1181 2100 1241 2130 est
1268 2093 1434 2131 Cliniam
1462 2092 1601 2131 Clidiei
1621 2093 1741 2132 filium
1761 2095 1818 2134 la-

348 2161 468 2192 ctare.
529 2154 616 2197 Quo
636 2154 754 2201 facto,
776 2154 883 2205 quod
903 2155 952 2193 ad
973 2155 1010 2192 id
1031 2154 1245 2206 periculum
1272 2155 1425 2203 attinet,
1445 2154 1484 2192 in
1514 2167 1592 2205 quo
1620 2169 1726 2194 nunc
1746 2170 1820 2209 ego

350 2229 496 2263 versor,
513 2217 614 2255 male
635 2216 727 2255 mihi
745 2217 951 2264 consuluit,
976 2218 1100 2255 fateor
1120 2218 1446 2269 equidem—nam
1477 2218 1525 2256 ab
1545 2230 1592 2256 ea
1609 2218 1821 2259 lactatione

352 2278 483 2316 omnia
513 2292 600 2329 quae
627 2279 665 2316 in
693 2292 765 2316 nos
797 2286 1061 2331 congeruntur
1087 2279 1297 2319 maledicta
1326 2280 1572 2328 oriuntur—,
1592 2281 1663 2319 sed
1690 2287 1822 2321 tamen

351 2339 455 2377 illius
486 2340 667 2392 temporis
701 2340 857 2391 inopiae,
888 2347 927 2379 et
962 2342 1182 2380 necessaria
1215 2355 1308 2381 sane
1340 2342 1449 2389 fecit,
1486 2351 1526 2383 et
1555 2344 1824 2395 congruentia.

355 2401 524 2440 Constat
556 2402 673 2453 igitur
700 2408 851 2453 patrem
880 2417 1008 2441 mcum
1035 2417 1113 2442 non
1134 2404 1299 2455 primum
1319 2405 1482 2445 duxisse
1503 2412 1665 2444 matrem
1684 2419 1824 2454 meam,

355 2463 425 2502 sed
438 2463 739 2502 Protomachum
758 2471 797 2502 et
815 2464 957 2503 liberos
978 2478 1218 2516 procreasse,
1238 2473 1277 2504 et
1295 2466 1413 2505 filiam
1433 2468 1609 2508 elocasse
1627 2481 1636 2507 z
1667 2468 1732 2520 qui
1752 2469 1825 2507 etsi

355 2533 532 2564 mortuus
552 2533 626 2572 est,
653 2525 746 2577 ipsis
767 2532 896 2564 tamen
916 2527 1028 2565 factis
1049 2534 1229 2574 testatur,
1255 2540 1339 2567 eam
1360 2536 1399 2566 et
1419 2530 1621 2577 urbanam,
1641 2535 1683 2568 et
1701 2529 1826 2568 civem

354 2587 493 2626 fuisse.
551 2587 649 2627 Haec
674 2601 735 2627 me
764 2601 852 2626 vere
874 2588 1002 2627 dicere
1023 2595 1066 2626 ut
1096 2597 1296 2641 appareat,
1317 2590 1482 2641 primum
1504 2591 1594 2629 mihi
1613 2604 1710 2630 voca
1730 2591 1827 2630 Pro-

356 2649 527 2688 tomaehi
545 2650 644 2688 filios
662 2662 671 2688 2
702 2649 841 2689 deinde
861 2663 929 2689 eos
949 2651 1014 2702 qui
1035 2651 1281 2703 sponsalibus
1296 2653 1419 2703 patris
1437 2653 1717 2692 interfuerunt:
1746 2660 1787 2692 et
1806 2667 1826 2692 e

357 2711 570 2750 curialibus
594 2717 802 2763 cognatos,
818 2711 960 2762 quibus
979 2712 1153 2764 nuptiale
1174 2726 1315 2751 munus
1334 2714 1498 2753 contulit
1518 2727 1587 2766 pro
1607 2721 1730 2754 matre
1759 2728 1827 2768 pa-

358 2779 445 2812 ter:
484 2779 587 2825 post,
609 2773 800 2812 Eunicum
834 2774 1157 2827 Cholargensem,
1179 2776 1248 2826 qui
1277 2787 1446 2814 sororem
1480 2789 1604 2817 meam
1633 2778 1786 2831 accepit
1805 2790 1828 2816 a

361 2834 647 2875 Protomacho:
677 2835 818 2875 deinde
837 2836 957 2875 filium
979 2836 1133 2876 sororis.
1191 2836 1304 2875 Voca
1321 2836 1407 2877 hos.
