1965 3356
442 213 498 251 ΙΝ
531 213 811 252 EVERGUM
844 214 910 252 ET
939 215 1322 254 MNESIBULUM.
1537 220 1611 256 667

205 320 266 357 19.
297 317 369 356 His
389 331 462 370 ego
482 331 530 357 ex
547 317 822 369 jureconsultis
843 318 1000 365 auditis,
1027 325 1066 356 et
1090 320 1271 370 inspectis
1301 320 1492 359 Draconis
1520 320 1614 372 legi—-

146 381 218 418 bus
237 379 275 417 in
294 380 384 431 pila,
407 393 496 419 cum
517 380 651 418 amicis
673 379 934 418 deliberabam
955 380 1142 430 quidnam
1166 388 1268 419 esset
1287 383 1495 432 agendum.
1535 383 1613 427 Qui

145 453 234 480 cum
263 442 486 489 suaderent,
504 450 548 479 ut
576 449 615 479 et
644 454 691 479 ea
724 454 811 491 quae
833 441 882 479 ad
911 441 1171 493 expiationem
1199 443 1344 481 aedium
1376 445 1615 495 pertinerent

145 509 186 541 et
208 510 352 542 caetera
383 505 549 543 facerem
581 516 669 555 quae
690 502 949 554 jureconsulti
980 503 1072 541 mihi
1098 505 1405 556 respondissent,
1427 507 1481 545 ita
1516 507 1612 545 feci:

142 564 189 603 iis
220 578 311 604 vero
349 565 399 604 de
437 567 567 612 rebus,
587 578 675 616 quae
707 564 799 602 mihi
827 577 941 616 porro
968 565 1121 617 legibus
1149 580 1227 605 non
1258 566 1441 613 licebant,
1471 569 1612 618 quievi.

142 626 264 665 Jubet
300 627 403 665 enim
441 626 520 673 lex,
548 626 722 673 Judices,
753 633 797 664 ut
823 627 978 678 cognati
1011 628 1139 667 caedes
1172 636 1454 680 persequantur
1488 643 1612 681 usque

143 688 194 727 ad
226 689 428 728 sobrinos:
459 696 498 727 et
522 688 561 726 in
586 688 839 740 jurejurando
866 697 1039 737 cavetur,
1063 690 1219 737 debere,
1252 691 1283 728 si
1313 690 1373 729 vel
1399 705 1531 730 servus
1565 692 1614 729 sit

141 750 385 798 interfectus,
409 750 485 790 hos
513 751 671 789 eosdem
699 751 845 789 caedem
878 754 1072 804 persequi.
1131 753 1230 790 Mihi
1264 766 1356 791 vero
1389 767 1517 805 neque
1545 767 1612 805 ge-

139 826 231 852 nere
249 813 458 865 quicquam
479 813 691 865 conjuncta
710 820 792 852 erat
808 813 954 860 mulier,
971 814 1043 852 nisi
1063 822 1257 866 quatenus
1278 815 1404 854 nutrix
1425 829 1511 855 mea
1528 815 1613 854 fue-

140 881 212 920 rat,
242 889 369 927 neque
391 875 506 914 etiam
534 875 694 914 ancilla:
726 876 966 915 manumissa
997 878 1099 915 enim
1120 891 1142 915 a
1164 884 1273 929 patre
1300 891 1386 916 meo
1412 878 1553 923 fuerat,
1575 885 1614 917 et

140 937 298 975 seorsim
319 937 526 984 habitarat,
546 945 585 975 et
607 937 783 976 maritum
809 937 1012 977 habuerat.
1069 939 1230 977 Mentiri
1251 946 1381 977 autern
1411 940 1515 992 apud
1547 953 1612 978 vos

139 1005 179 1036 et
198 999 281 1051 ipse
308 999 394 1038 loco
413 999 479 1037 filii
499 1006 540 1037 et
560 1000 692 1038 uxoris
707 1000 838 1052 jurare
858 1014 938 1039 non
967 1014 1085 1038 ausus
1114 1014 1255 1048 essem,
1277 1015 1325 1039 ne
1352 1009 1433 1040 tum
1453 1002 1610 1052 quidem

139 1060 170 1098 si
203 1067 308 1099 certo
340 1061 498 1100 scissem
522 1075 584 1099 me
606 1061 702 1100 istos
736 1069 985 1114 peracturum
1018 1076 1103 1101 esse
1133 1076 1244 1102 reos:
1274 1077 1399 1115 neque
1421 1065 1523 1103 enim
1544 1077 1611 1103 eos

139 1129 290 1162 tantum
324 1124 401 1168 odi,
426 1130 614 1174 quantum
634 1125 824 1176 meipsum
845 1124 979 1176 diligo.
1038 1125 1098 1164 Ne
1117 1132 1247 1165 autem
1267 1127 1384 1165 verba
1404 1141 1491 1166 mea
1510 1127 1609 1165 dun-

138 1192 245 1224 taxat
266 1185 449 1233 audiatis,
469 1185 555 1238 ipsa
574 1186 683 1224 vobis
704 1186 766 1225 lex
786 1186 1022 1225 recitabitur.

817 1333 941 1371 LEX.

190 1427 255 1463 20.
288 1426 371 1465 Etsi
391 1433 517 1466 autem
538 1440 620 1474 vos,
640 1427 819 1474 Judices,
847 1442 868 1466 e
894 1429 1026 1467 multis
1053 1430 1176 1481 signis
1199 1430 1494 1482 deprehendere
1514 1437 1608 1482 puto

136 1489 277 1527 falsum
298 1503 386 1528 esse
407 1490 686 1537 testimonium,
714 1490 752 1528 id
788 1497 920 1529 tamen
950 1505 998 1530 ex
1028 1506 1163 1530 eorum
1195 1493 1308 1531 factis
1328 1493 1391 1532 vel
1418 1493 1457 1531 in
1480 1493 1610 1544 primis

134 1551 467 1590 animadvertitur.
525 1553 597 1590 Isti
616 1553 821 1604 putabant,
842 1553 1022 1600 Judices,
1044 1569 1118 1601 me,
1134 1555 1165 1593 si
1186 1555 1309 1593 multa
1328 1555 1420 1593 mihi
1447 1555 1611 1606 pignora

134 1613 400 1661 abstulissent,
421 1614 561 1666 cupide
594 1614 846 1653 liberaturum
877 1623 995 1654 testes
1026 1616 1111 1655 falsi
1145 1617 1352 1655 testimonii
1379 1617 1545 1664 actione,
1567 1624 1612 1655 ut

132 1674 298 1726 pignora
316 1689 612 1727 recuperarem;
655 1690 820 1727 cumque
850 1690 939 1714 cum
961 1690 1138 1729 rogarem
1163 1686 1207 1716 ut
1226 1679 1327 1716 diem
1356 1678 1448 1716 mihi
1475 1692 1609 1731 proro—

133 1743 259 1787 garet,
277 1736 401 1776 libens
421 1739 589 1789 accepit,
611 1745 652 1775 ut
680 1738 710 1776 si
736 1738 947 1776 constituto
966 1745 1140 1790 tempore
1171 1754 1248 1778 non
1277 1740 1494 1788 solvissem,
1521 1741 1609 1792 plu-

133 1798 230 1837 rima
249 1811 299 1837 ex
319 1799 469 1838 aedibus
489 1800 585 1838 meis
607 1807 854 1852 exportaret;
885 1807 1169 1853 proptereaque
1186 1802 1356 1853 ingenue
1376 1810 1416 1841 et
1435 1810 1608 1855 prompte

133 1860 342 1907 concessit,
365 1868 410 1899 ut
427 1861 524 1899 fides
545 1861 624 1899 suis
646 1862 853 1900 haberetur
869 1876 942 1900 nec
959 1862 1110 1900 insidiae
1130 1865 1387 1914 patefierent:
1420 1878 1493 1903 nec
1506 1865 1609 1903 enim

135 1922 246 1961 aliter
265 1923 346 1960 fieri
365 1936 482 1975 posse
501 1923 761 1970 existimabat,
784 1930 826 1962 ut
846 1931 966 1963 testes
997 1924 1149 1963 actione
1175 1926 1264 1964 falsi
1283 1926 1493 1965 testimonii
1511 1927 1608 1965 libe-

131 1990 322 2031 rarentur,
339 1998 455 2036 quam
475 1985 507 2024 si
528 1998 590 2023 me
608 1985 838 2037 decepisset,
857 1994 896 2024 et
917 2000 940 2025 a
954 2000 1015 2025 me
1031 1987 1233 2025 addictam‘
1247 1987 1349 2026 diem
1369 1989 1517 2027 mulcta
1531 2002 1608 2027 non

132 2046 261 2085 soluta
281 2059 397 2098 quam
417 2047 583 2099 plurima
611 2054 864 2099 asportasset.
922 2049 1014 2087 Non
1044 2049 1148 2088 enim
1179 2063 1220 2088 se
1253 2051 1447 2090 tantillum
1473 2051 1605 2090 inven-

132 2115 259 2146 turum
289 2115 459 2160 putarat,
477 2117 666 2161 quantum
691 2111 951 2157 abstulerunt,
973 2111 1039 2149 sed
1062 2112 1176 2164 longe
1197 2113 1320 2164 plura.
1380 2114 1439 2152 Ac
1460 2114 1607 2166 reliquo

132 2177 305 2221 tempore
323 2171 565 2223 exspectavit
583 2179 768 2223 tanquam
801 2173 978 2212 celeriter
1011 2174 1044 2212 ei
1074 2175 1281 2226 pecuniam
1301 2175 1524 2215 redditurus
1545 2190 1607 2215 es—

131 2246 228 2281 sem,
247 2240 291 2272 ut
310 2235 383 2273 sub
401 2235 525 2287 ipsam
546 2235 635 2274 falsi
655 2236 860 2274 testimonii
882 2236 1077 2275 actionem
1105 2238 1269 2290 pignora
1288 2246 1467 2291 caperet:
1498 2247 1605 2291 post—

129 2309 257 2347 quam,
269 2304 400 2336 autem
417 2298 450 2336 ei
466 2299 575 2349 parui
593 2307 634 2336 et
650 2298 838 2337 mulctam
859 2299 985 2346 attuli,
1003 2313 1088 2338 eam
1107 2314 1182 2339 non
1204 2302 1363 2353 recepit,
1384 2303 1452 2340 sed
1474 2316 1605 2353 egres-

130 2371 196 2396 sus
227 2359 483 2411 supellectilia
516 2373 604 2398 mea
636 2368 675 2399 et
705 2374 836 2399 servos
860 2368 900 2399 et
924 2374 1016 2400 oves
1041 2363 1210 2401 abstulit.
1270 2364 1367 2402 Colo
1397 2371 1528 2402 autem
1554 2364 1602 2401 ad

132 2419 291 2459 Circum
321 2413 553 2473 equestrem,
572 2429 616 2460 ut
647 2435 735 2460 eum
765 2422 902 2474 procul
930 2423 985 2461 ire
1019 2436 1183 2463 necesse
1214 2438 1292 2463 non
1315 2425 1444 2464 fuerit.
1503 2425 1605 2465 Haec

130 2495 220 2521 vere
240 2495 264 2521 a
282 2496 344 2522 me
367 2483 457 2530 dici,
479 2497 624 2536 magno
644 2484 754 2523 vobis
780 2484 879 2523 illud
909 2493 1139 2537 argumento
1170 2488 1242 2526 sit:
1275 2488 1380 2539 quod
1403 2488 1605 2540 postridie,

129 2559 247 2597 quam
261 2545 428 2598 pignora
448 2553 621 2598 ceperat,
640 2547 827 2585 mulctam
849 2548 1287 2600 accepit,—-enimver0,
1304 2550 1377 2588 nisi
1390 2554 1472 2599 jam
1491 2557 1606 2588 antea

129 2607 335 2646 collectam
359 2607 600 2656 habuissem,
621 2608 687 2660 qui
713 2609 848 2648 statim
876 2623 1083 2649 numerare
1103 2610 1210 2650 mille
1231 2618 1426 2651 trecentas
1447 2612 1606 2663 triginta

130 2676 208 2709 tres
226 2670 432 2710 drachmas
453 2671 554 2711 duos
581 2672 719 2711 obolos
745 2673 960 2725 potuissem
973 2674 1088 2713 ‘3—et
1117 2675 1282 2727 pignora
1307 2677 1398 2714 mihi
1418 2690 1496 2715 non
1517 2677 1605 2715 red-

130 2732 240 2782 didit,
261 2733 331 2773 sed
365 2733 576 2773 etiamnum
598 2747 646 2774 ea
674 2741 784 2774 tenet
802 2742 847 2774 ut
876 2735 960 2788 ejus
980 2737 1046 2788 qui
1071 2738 1121 2776 ad
1140 2737 1241 2776 diem
1263 2738 1408 2777 dictam
1429 2753 1505 2777 non
1526 2739 1605 2777 sol-

131 2794 263 2834 verim.
320 2795 375 2835 Ut
400 2804 531 2836 autem
550 2803 705 2836 constet
723 2811 784 2836 me
805 2798 857 2836 ad
877 2798 1022 2837 dictam
1050 2800 1210 2838 solvisse
1231 2801 1348 2845 diem,
1375 2802 1494 2839 recita
1513 2801 1604 2839 mihi

133 2856 393 2896 testimonium
419 2865 458 2896 et
475 2858 620 2910 legem,
646 2872 735 2911 quae
750 2859 864 2911 jubet
882 2873 928 2898 ea
953 2869 1039 2899 rata
1058 2875 1159 2908 esse,
1179 2875 1265 2912 quae
1286 2862 1384 2900 alius
1414 2876 1500 2902 cum
1526 2864 1603 2902 alio

131 2918 345 2970 pepigerit:
376 2921 538 2972 proinde
558 2921 650 2961 nihil
671 2921 805 2974 utique
825 2922 951 2961 deme
967 2923 1047 2974 jam
1069 2924 1175 2976 queri
1193 2924 1327 2975 potuit.
