1948 3306
333 145 387 180 24
764 145 988 186 CONTRA
1018 141 1380 188 TIMARCHUM.

333 252 466 285 menta
484 246 638 286 faciunt
652 247 944 297 habitatoribus,
965 250 1034 289 sed
1053 250 1290 289 habitatores
1302 263 1457 289 suorum
1472 250 1688 291 studiorum
1701 260 1796 305 cog-

338 315 522 346 nomenta
541 308 636 348 locis
657 310 820 350 indunt:
851 312 890 350 id
910 312 1016 364 quod
1045 312 1217 364 pluribus
1238 312 1422 364 exemplis
1442 313 1594 351 ostendi
1612 327 1799 366 superva-

336 382 500 408 caneum
520 377 593 409 est.
649 372 753 410 Nam
773 373 804 411 si
830 374 867 410 in
888 387 1020 412 earum
1039 375 1285 412 tabernarum
1312 386 1400 424 quae
1429 375 1467 411 in
1494 374 1566 413 viis
1585 382 1677 413 sunt
1703 389 1799 427 qua-

335 431 439 482 piam
461 432 636 472 medicus
650 434 847 480 habitarit,
868 436 916 472 ab
931 448 977 473 eo
998 448 1216 486 cognomen
1231 436 1369 474 sumit:
1390 436 1457 474 ubi
1479 436 1511 473 is
1526 436 1736 487 emigrarit,
1755 450 1802 475 ac

335 493 444 531 faber
474 495 628 533 aerarius
657 496 897 547 immigrarit,
932 498 1076 535 amisso
1106 498 1233 548 priore
1265 498 1370 535 aliud
1397 497 1559 548 accipit;
1583 497 1801 548 eodemque

335 555 453 593 modo
479 556 511 593 si
538 556 648 602 fullo,
678 565 745 596 aut
778 558 876 595 alius
907 558 1049 609 opifex,
1078 565 1146 596 aut
1173 559 1276 598 leno.
1320 559 1436 602 Quod
1466 559 1499 597 si
1527 559 1644 610 lupae,
1674 561 1723 597 ab
1754 571 1802 597 eo

335 624 488 667 quaestu
508 617 671 669 lupanar
691 620 921 670 appellatur.
960 619 1021 657 Tu
1041 619 1171 670 igitur,
1188 622 1252 672 qui
1272 622 1310 659 in
1330 622 1404 660 isto
1426 634 1572 672 genere
1591 627 1670 659 tam
1685 620 1802 658 fueris
1829 651 1833 660 ,

334 680 540 730 expeditus
557 689 595 718 et
614 681 751 725 facilis,
765 682 888 719 multa
905 682 971 720 tibi
988 682 1191 732 lupanaria
1205 683 1383 722 effecisti.
1419 683 1482 722 Ne
1501 683 1631 734 igitur,
1646 682 1803 720 ubinam

333 741 471 779 feceris
492 742 709 792 interroga:
749 743 817 781 sed
838 743 912 781 hoc
933 750 970 781 te
991 743 1130 782 fecisse
1151 757 1267 795 nega.

390 804 456 839 27.
493 802 686 841 Afferetur
706 817 820 854 porro
841 805 916 842 alia
932 818 1086 856 quoque
1108 805 1230 844 oratio
1251 805 1299 843 ab
1315 804 1453 844 eodem
1472 805 1624 843 rhetore
1643 817 1804 856 compo-

334 864 421 901 sita.
452 864 518 901 Ait
537 865 636 902 enim
659 865 764 904 fama
779 866 871 904 nihil
885 880 971 905 esse
993 867 1175 918 iniquius,
1195 866 1503 905 circumforanea
1523 873 1754 916 argumenta
1768 872 1807 904 et

334 925 424 963 vitae
444 938 525 963 suae
546 928 702 965 omnino
722 935 988 967 consentanea
1006 929 1220 980 proferens.
1256 927 1431 966 Primum
1451 927 1559 966 aedes
1579 927 1618 964 in
1642 926 1806 973 Colono,

335 999 422 1038 quae
439 987 628 1026 Demonis
645 988 838 1036 dicantur,
853 989 995 1028 falsum
1014 989 1158 1028 habere
1175 1002 1395 1041 cognomen
1412 1001 1422 1027 ε
1454 1001 1584 1040 neque
1603 987 1704 1026 enim
1720 1000 1808 1025 esse

336 1048 539 1087 Demonis.
574 1049 728 1088 Deinde
750 1051 1003 1099 Mercurium,
1021 1051 1087 1103 qui
1102 1051 1319 1090 Andocidis
1335 1057 1507 1097 vocetur,
1521 1063 1601 1089 non
1619 1061 1707 1088 esse
1725 1049 1807 1086 An-

334 1110 502 1157 docidis,
529 1110 600 1147 sed
628 1110 775 1161 AEgeiae
803 1111 926 1149 tribus
946 1113 1164 1149 donarium.
1205 1113 1420 1149 Interseret
1443 1111 1562 1149 etiam
1587 1124 1630 1148 se
1654 1110 1808 1148 ridiculi

333 1172 472 1223 gratia,
493 1171 637 1222 quippe
655 1171 772 1209 homo
794 1172 939 1218 suavis,
956 1178 996 1209 et
1014 1172 1053 1209 in
1065 1171 1224 1222 privatis
1237 1172 1511 1223 congressibus
1527 1172 1702 1210 facetus:
1735 1171 1823 1209 nisi*

332 1246 395 1271 me
415 1246 569 1284 quoque
588 1233 725 1284 inquit,
744 1232 891 1271 moveri
911 1239 1065 1284 oportet
1083 1233 1209 1271 turbae
1223 1233 1400 1280 dicterio,
1413 1240 1459 1271 ut
1475 1233 1539 1284 qui
1558 1246 1637 1271 non
1658 1232 1808 1270 Demo-

335 1294 494 1333 sthenes
510 1294 696 1340 nominer,
713 1294 782 1332 sed
799 1294 976 1340 Batalus,
996 1294 1101 1345 quod
1120 1294 1160 1332 id
1175 1307 1392 1345 cognomen
1409 1308 1478 1346 per
1496 1294 1656 1332 nutricis
1676 1295 1808 1345 cujus-

333 1356 426 1394 dam
439 1356 650 1394 blanditias
665 1356 850 1394 tributum
866 1356 960 1394 mihi
980 1356 1066 1394 fuit.
1097 1356 1214 1399 Quod
1227 1357 1258 1395 si
1276 1356 1503 1395 Timarchus
1515 1356 1706 1394 formosus
1718 1355 1806 1401 fuit,

337 1424 453 1469 atque
473 1419 522 1455 ob
541 1417 664 1468 ipsius
693 1418 828 1454 formae
853 1417 1013 1463 crimen,
1044 1423 1086 1455 et
1102 1430 1182 1455 non
1209 1424 1369 1469 propter
1397 1417 1571 1456 facinora
1598 1428 1682 1464 sua,
1705 1417 1809 1455 male

335 1480 468 1518 audit:
489 1492 567 1517 non
586 1479 675 1517 ideo
697 1479 888 1530 profecto,
903 1478 1042 1529 inquit,
1059 1492 1146 1517 eum
1165 1479 1284 1531 plecti
1302 1486 1469 1532 oportet.
1501 1480 1587 1531 Ego
1601 1492 1707 1527 vero,
1727 1479 1811 1518 De-

334 1543 575 1589 mosthenes,
596 1542 646 1580 de
671 1542 846 1580 donariis
867 1549 907 1581 et
926 1542 1077 1581 aedibus
1104 1549 1145 1581 et
1170 1542 1504 1594 possessionibus,
1533 1542 1711 1580 omnibus
1738 1543 1808 1582 de—

335 1605 453 1656 nique
465 1605 580 1643 rebus
600 1603 733 1651 mutis,
747 1604 892 1643 multas
915 1618 960 1643 ac
976 1605 1117 1652 varias,
1137 1617 1264 1656 neque
1275 1617 1448 1656 unquam
1466 1605 1566 1643 inter
1587 1617 1628 1643 se
1643 1616 1809 1644 consen-

335 1667 479 1705 tientes
488 1665 681 1704 orationes
696 1665 830 1704 haberi
846 1666 977 1705 audio.
1000 1666 1138 1718 Neque
1152 1666 1257 1704 enim
1269 1666 1325 1705 eis
1337 1666 1474 1705 insunt
1483 1666 1546 1705 vel
1559 1665 1735 1705 honestae
1747 1667 1809 1705 vel

336 1735 470 1780 turpes
491 1727 678 1774 actiones,
698 1728 770 1766 sed
794 1728 918 1779 quivis
944 1728 1011 1779 qui
1030 1741 1098 1767 eas
1128 1728 1311 1779 attigerit,
1331 1728 1475 1780 quique
1495 1728 1562 1766 illo
1586 1728 1810 1776 accesserit,

335 1803 407 1842 pro
425 1789 696 1840 magnitudine
718 1803 799 1828 suae
814 1790 1020 1842 opinionis,
1037 1791 1180 1828 famam
1200 1789 1251 1828 de
1266 1790 1310 1828 iis
1327 1791 1497 1842 spargit:
1517 1790 1566 1829 de
1585 1791 1666 1829 vita
1679 1797 1809 1829 autem

334 1852 533 1890 hominum
547 1858 586 1889 et
598 1850 769 1890 oratione
783 1859 821 1890 et
833 1852 1067 1900 actionibus,
1082 1864 1172 1890 vera
1186 1851 1344 1902 quidem
1358 1859 1397 1890 et
1408 1852 1567 1890 minime
1579 1852 1698 1890 fallax
1707 1852 1810 1890 ultro

334 1913 442 1952 fama
459 1927 527 1964 per
547 1915 680 1951 urbem
702 1914 871 1960 oberrat,
891 1920 930 1951 et
949 1913 1067 1964 vulgo
1087 1913 1260 1951 actiones
1281 1914 1450 1965 privatas
1470 1913 1657 1952 nunciat:
1686 1913 1812 1951 multa

337 1975 451 2013 etiam
468 1975 516 2012 de
533 1975 650 2012 rebus
665 1974 803 2012 futuris
816 1973 1060 2012 vaticinatur.
1096 1975 1226 2025 Atque
1244 1974 1286 2012 id
1304 1975 1410 2025 quod
1425 1974 1528 2021 dieo,
1544 1974 1641 2013 adeo
1655 1981 1716 2013 est
1729 1976 1810 2013 evi-

338 2036 451 2082 dens,
473 2042 512 2073 et
538 2049 618 2073 non
643 2035 966 2082 commentitium,
987 2042 1030 2072 ut
1047 2035 1241 2073 inventuri
1261 2036 1344 2073 sitis
1365 2042 1538 2074 nostram
1557 2036 1752 2075 civitatem
1772 2043 1814 2075 et

338 2097 504 2148 majores
520 2102 676 2135 nostros
697 2109 803 2134 aram
827 2096 973 2143 Famae,
993 2103 1038 2134 ut
1051 2096 1229 2134 maximae
1248 2097 1347 2143 deae,
1364 2110 1640 2136 consecrasse:
1673 2105 1712 2136 et
1727 2098 1810 2136 Ho-

336 2174 484 2199 merum
499 2160 537 2198 in
557 2159 717 2198 historia
737 2159 894 2211 Trojani
911 2159 1019 2206 belli,
1041 2171 1146 2211 saepe
1165 2158 1308 2206 dicere,
1326 2166 1536 2212 antequam
1556 2160 1702 2212 aliquid
1721 2172 1810 2199 eve-

335 2222 418 2260 niat
435 2222 541 2272 quod
560 2222 733 2259 futurum
755 2227 829 2266 est,

597 2299 689 2329 Fama
704 2298 737 2329 in
753 2306 854 2329 castra
870 2296 965 2330 venit.

336 2376 563 2427 Euripidem
577 2376 669 2413 item
690 2375 961 2426 pronunciare,
981 2375 1096 2413 deam
1113 2375 1217 2414 hanc
1236 2389 1315 2415 non
1327 2375 1503 2415 viventes
1523 2381 1676 2415 tantum
1689 2388 1806 2428 posse

337 2438 546 2477 ostendere
567 2437 703 2487 quales
726 2437 816 2481 sint,
839 2437 906 2474 sed
928 2444 968 2474 et
986 2437 1208 2484 defunctos,
1229 2451 1319 2477 cum
1338 2437 1416 2477 ait:

599 2515 719 2544 Bonum
741 2514 789 2543 vel
804 2514 874 2544 imis
891 2514 1008 2545 Tartari
1024 2514 1202 2545 recessibus

596 2565 689 2595 Vetat
706 2566 798 2594 latere
818 2566 919 2594 Fama.

337 2634 534 2672 Hesiodus
553 2639 680 2670 autem
700 2632 820 2683 plane
850 2633 963 2670 deam
983 2633 1091 2671 illam
1124 2645 1212 2671 esse
1237 2633 1492 2680 demonstrat,
1512 2633 1630 2685 idque
1660 2633 1809 2686 perspi-

336 2697 420 2734 cuis
440 2696 579 2741 verbis,
601 2695 633 2733 si
652 2695 737 2745 quis
754 2695 852 2734 scire
871 2695 1016 2746 cupiat.
1046 2695 1115 2733 Ait
1127 2695 1230 2733 enim
1246 2708 1256 2733 ε

597 2774 695 2812 Quam
708 2772 815 2812 populi
831 2782 933 2802 sermo
950 2773 1086 2803 celebrat
1101 2773 1222 2808 creber,
1235 2772 1323 2802 irrita
1336 2781 1489 2811 nunquam

597 2826 691 2855 Fama
706 2825 790 2854 cadit
803 2825 928 2864 penitus
942 2837 948 2854 :
974 2825 1031 2855 dea
1046 2825 1185 2864 quaedam
1201 2834 1270 2853 oum
1289 2823 1330 2853 sit
1346 2828 1377 2853 et
1392 2823 1472 2863 ipsa.

337 2900 387 2939 Et
406 2901 491 2940 haec
509 2907 691 2953 poemata
708 2900 859 2939 laudari
878 2900 925 2939 ab
956 2900 1001 2939 iis
1021 2899 1201 2939 omnibus
1234 2898 1299 2950 qui
1317 2898 1481 2938 honeste
1501 2899 1680 2940 vixerunt
1696 2912 1806 2954 repe-
