1915 3356
700 205 1000 248 EPISTOLAE.
1501 200 1578 236 843

125 312 358 353 decrevistis.
416 313 540 352 Miror
566 321 709 360 autern,
729 314 761 352 si
787 325 900 351 nemo
919 317 1092 349 vestrum
1125 308 1285 360 cogitat,
1303 315 1416 357 turpe
1435 316 1519 343 esse
1537 309 1581 339 ut

124 375 290 426 populus
321 375 584 422 Atheniensis,
616 374 817 426 sapientiae
855 373 1119 422 doctrinaeque
1159 369 1340 422 opinione
1389 373 1581 419 praestans

126 437 318 482 omnibus,
341 438 391 476 ad
410 451 521 489 quem
553 438 592 475 in
612 436 897 475 calamitatibus
918 441 1102 485 tanquam
1124 432 1172 470 ad
1201 443 1405 468 commune
1429 428 1583 478 asylum

125 499 282 550 confugi
312 499 422 543 solet,
444 498 621 549 Philippo
654 497 897 535 inhumanior
930 496 1118 539 videatur,
1139 493 1202 545 qui
1229 496 1288 539 (ut
1320 492 1358 528 in
1392 495 1584 540 potestate

125 561 231 611 regia
248 561 455 599 educatum
476 559 670 610 probabile
691 562 767 606 est)
787 573 808 596 a
829 559 981 597 nemine
1008 556 1246 599 admonitus,
1266 560 1395 590 tamen
1417 564 1504 589 cum
1526 563 1585 587 se-

126 621 362 660 cundissima
386 622 541 659 fortuna
560 634 655 658 usus
675 627 792 667 esset,
812 619 1064 658 humanitatis
1086 631 1126 656 se
1147 615 1312 654 maxime
1333 624 1420 651 essue
1442 624 1586 648 memo-

127 696 207 722 rem
226 690 399 735 oportere
418 682 581 728 censuit,
600 689 640 721 et
661 684 709 721 ab
731 683 773 721 iis
793 684 859 734 qui
878 683 1062 721 adversus
1081 682 1205 732 ipsum
1227 677 1265 715 in
1287 675 1371 714 acie
1392 679 1590 718 steterant,

129 751 171 784 et
186 757 275 783 cum
301 744 441 795 quibus
462 744 511 783 de
538 757 689 783 summa
707 757 832 783 rerum
854 744 1107 796 depugnarat,
1126 741 1192 792 qui
1220 746 1260 777 et
1284 738 1432 790 cujates
1459 742 1593 773 essent

129 819 255 857 neque
273 805 491 857 perquirere
511 819 637 857 neque
665 806 826 857 prodere
846 819 965 844 ausus
989 819 998 844 ε
1026 800 1181 849 etenim,
1197 809 1239 839 ut
1258 805 1432 852 apparet,
1451 810 1529 835 non
1550 803 1594 833 ut

128 866 301 919 plerique
320 867 440 907 vestri
457 875 640 914 oratoreS,
656 868 792 907 eadem
812 868 850 906 in
877 879 1012 906 omnes
1034 879 1120 904 esse
1137 864 1196 902 vel
1222 864 1332 916 justa
1347 861 1410 899 vel
1428 860 1595 898 honesta

127 930 305 981 putabat,
333 930 403 968 sed
429 930 577 968 ratione
607 929 740 969 habita
770 929 971 982 dignitatis
995 929 1110 967 etiam
1144 926 1236 965 talia
1268 921 1528 963 concludebat
1557 926 1596 957 et

131 991 379 1030 decernebat.
434 992 515 1030 Vos
533 998 676 1039 autem,
696 993 762 1044 qui
782 992 874 1031 estis
895 991 1171 1035 Athenienses,
1190 995 1229 1026 et
1251 985 1402 1025 liberali
1421 982 1597 1022 doctrina

132 1053 324 1105 perpoliti,
352 1067 440 1105 quae
460 1054 637 1105 stupidos
657 1054 772 1093 etiam
800 1055 955 1101 efficere,
971 1051 1190 1091 tolerabiles
1217 1055 1390 1102 putatur,
1418 1046 1600 1098 primum,

133 1115 239 1166 quod
266 1116 437 1154 omnium
466 1116 750 1167 iniquissimum
780 1123 854 1163 est,
883 1129 1046 1166 quarum
1076 1126 1205 1152 rerum
1236 1118 1386 1163 patrem
1414 1112 1601 1147 accusant

134 1177 306 1227 quidam,
319 1178 368 1216 ob
385 1190 451 1216 eas
468 1177 567 1215 filios
588 1178 627 1215 in
642 1177 801 1216 vincula
819 1176 1041 1226 conjecistis
1056 1192 1065 1220 3
1095 1182 1212 1225 atque
1232 1174 1287 1211 ita
1306 1185 1420 1223 agere
1441 1168 1600 1221 perinde

135 1250 223 1277 esse
249 1237 390 1285 dicitis,
411 1252 457 1277 ac
477 1239 508 1277 si
529 1239 793 1288 aequalitatem
822 1240 860 1276 in
889 1231 1128 1290 ponderibus
1150 1245 1218 1275 aut
1245 1234 1436 1274 mensuris
1456 1243 1602 1283 quaere-

134 1299 243 1345 retis,
257 1306 297 1338 et
314 1312 392 1337 non
419 1298 470 1338 de
486 1299 653 1338 virorum
674 1300 852 1339 instituto
873 1301 961 1338 vitae
980 1307 1021 1338 et
1039 1301 1186 1338 ratione
1200 1297 1426 1349 reipublicae
1446 1293 1604 1333 consul-

136 1361 297 1400 taretis:
322 1360 367 1413 'in
395 1374 472 1412 qua
490 1361 646 1413 quidem
674 1362 934 1413 inquisitione,
956 1362 988 1400 si
1006 1362 1110 1400 bona
1129 1368 1169 1399 et
1188 1359 1392 1412 popularia
1411 1365 1451 1395 et
1476 1355 1604 1394 studio

138 1424 379 1477 Reipublicae
404 1425 588 1476 juvandae
614 1432 798 1478 suscepta
828 1425 996 1477 Lycurgi
1016 1432 1103 1464 acta
1121 1424 1371 1468 videbuntur,
1391 1434 1470 1459 non
1490 1419 1606 1457 modo

139 1488 248 1526 nullo
268 1487 367 1526 affici
387 1488 504 1534 malo,
523 1487 593 1525 sed
613 1488 811 1539 quibusvis
836 1501 860 1527 a
877 1488 987 1526 vobis
1013 1487 1138 1526 ornari
1167 1485 1368 1524 beneficiis
1397 1487 1479 1533 ejus
1510 1483 1606 1520 libe-

140 1562 217 1596 ros,
236 1562 393 1601 aequum
423 1556 506 1595 est3
535 1549 592 1587 sin
614 1545 819 1595 contraria,
846 1550 969 1595 illum,
998 1550 1091 1587 dum
1110 1549 1269 1594 viveret,
1293 1559 1432 1599 poenas
1452 1544 1609 1583 dedisse

139 1611 323 1662 oportuit,
335 1610 409 1650 hos
427 1624 518 1649 vero
536 1626 586 1650 ne
606 1611 660 1650 sic
675 1611 845 1663 quidem,
865 1618 1023 1663 propter
1044 1610 1199 1662 objecta
1216 1608 1315 1661 patri
1335 1621 1359 1646 a
1379 1605 1608 1659 quibusdam

139 1673 315 1719 crimina,
336 1686 405 1724 per
422 1669 663 1712 iracundiam
681 1674 816 1725 plecti.
854 1673 1044 1711 Omnibus
1069 1673 1171 1712 enim
1191 1672 1362 1710 omnium
1381 1669 1611 1708 delictorum

142 1734 253 1785 quasi
277 1741 381 1773 meta
399 1741 459 1773 est
475 1735 617 1773 obitus.
674 1735 790 1779 Quod
818 1735 850 1774 si
881 1735 958 1773 hoc
983 1735 1087 1773 eritis
1120 1734 1262 1779 animo,
1282 1739 1326 1770 ut
1345 1731 1461 1782 aliqui
1480 1728 1614 1782 populi

146 1796 332 1835 studiosis
351 1796 437 1835 irati
464 1811 513 1835 ne
534 1811 622 1835 curn
640 1797 798 1836 mortuis
827 1797 982 1848 quidem
1009 1797 1047 1834 in
1069 1796 1231 1848 gratiam
1252 1793 1428 1838 redeant,
1448 1793 1518 1831 sed
1542 1792 1613 1830 ini·

145 1858 310 1897 micitias
330 1858 445 1897 etiam
464 1859 515 1897 ad
535 1859 678 1897 liberos
698 1873 823 1910 usque
852 1866 1074 1911 propagent
1092 1857 1327 1908 tradantque
1345 1855 1522 1907 posteri3‚
1545 1867 1615 1906 po-

145 1920 263 1972 pulus
296 1927 440 1968 autem,
461 1921 572 1973 cujus
600 1934 759 1960 causam
785 1921 928 1974 quique
964 1921 1169 1972 populares
1198 1925 1335 1971 agunt,
1357 1918 1449 1955 dum
1478 1917 1615 1956 horum

144 1995 266 2034 opera
282 1983 414 2028 utitur,
432 1983 710 2022 beneficiorum
729 1983 957 2029 meminerit,
984 1990 1123 2034 postea
1152 1981 1400 2027 floccifaciat,
1429 1979 1526 2018 nihil
1546 1979 1619 2017 erit

149 2044 326 2083 miserius
345 2057 460 2096 quam
479 2045 613 2097 populi
637 2045 736 2083 tueri
755 2052 901 2097 partes.
956 2045 1074 2089 Quod
1103 2044 1133 2082 si
1161 2043 1373 2082 Moerocles
1393 2041 1619 2093 respondet,

149 2107 237 2146 haec
263 2107 460 2158 argutiora
479 2120 566 2146 esse
585 2119 701 2158 quam
721 2120 808 2157 quae
828 2107 1034 2158 intelligat,
1057 2120 1098 2145 se
1119 2120 1209 2144 vero
1228 2119 1310 2152 eos,
1330 2113 1374 2143 ut
1399 2117 1449 2142 ne
1469 2104 1619 2154 effuge-

150 2176 249 2213 rent,
270 2169 310 2206 in
340 2181 534 2207 carcerem
567 2169 825 2221 compegisse,
847 2169 1052 2220 quaeritote
1087 2182 1134 2207 ex
1167 2182 1226 2213 eo,
1260 2181 1346 2206 cum
1382 2167 1553 2204 Taureas
1581 2171 1620 2203 et

153 2229 334 2268 Pataecus
360 2236 400 2268 et
431 2229 675 2282 Aristogiton
703 2238 820 2282 atque
847 2231 926 2282 ipse
958 2230 996 2268 in
1024 2243 1217 2268 carcerem
1238 2229 1365 2267 traditi
1397 2240 1475 2266 non
1503 2226 1620 2264 modo

152 2294 271 2332 vincti
289 2307 368 2332 non
386 2293 531 2332 fuerint
549 2294 620 2332 sed
640 2301 680 2332 et
698 2293 906 2333 conciones
926 2294 1144 2339 habuerint,
1176 2307 1245 2332 cur
1265 2293 1377 2331 istam
1398 2292 1622 2342 aequitatem

153 2368 231 2394 non
250 2356 504 2407 perspexerit.
563 2356 631 2394 Sin
657 2370 698 2395 se
726 2364 808 2394 tum
828 2357 1057 2408 magistratu
1076 2355 1232 2407 quidem
1250 2368 1337 2394 esse
1359 2355 1537 2392 functum
1565 2353 1622 2391 di-

154 2425 230 2464 cet,
251 2418 321 2456 sed
352 2418 545 2456 orationes
576 2418 613 2456 in
645 2418 802 2470 publico
834 2432 914 2457 non
934 2419 1133 2465 habuisse,
1154 2418 1270 2469 idque
1303 2417 1533 2469 permissum
1555 2415 1625 2453 sibi

154 2479 276 2519 fuisse
296 2479 474 2531 legibus:
504 2493 660 2531 aequum
692 2493 780 2519 esse
813 2481 878 2532 qui
912 2487 1056 2532 potest,
1085 2487 1128 2518 ut
1157 2479 1386 2531 magistratu
1413 2479 1626 2529 fungantur

157 2541 210 2589 hi,
230 2542 370 2593 quibus
389 2543 508 2580 verba
537 2543 664 2580 facere
696 2556 774 2580 non
808 2543 912 2590 licet,
945 2543 1000 2581 illi
1022 2555 1112 2581 vero
1141 2543 1179 2579 in
1212 2541 1378 2579 vinculis
1406 2546 1625 2584 teneantur,

158 2617 322 2655 quorum
342 2605 391 2643 de
415 2605 523 2643 vobis
544 2617 650 2656 saepe
667 2606 767 2643 bene
792 2605 949 2644 meritus
973 2605 1047 2643 fuit
1065 2603 1202 2656 pater?
1244 2604 1330 2655 Ego
1357 2602 1515 2654 quidem
1543 2601 1626 2638 haec

160 2666 395 2718 conjungere
423 2674 463 2705 et
487 2666 723 2706 concludere
758 2681 835 2706 non
879 2681 1063 2719 possum:
1110 2667 1181 2705 nisi
1210 2666 1286 2704 hoc
1320 2664 1475 2716 publice
1514 2662 1629 2700 vultis

161 2727 382 2774 ostendere,
401 2735 440 2768 et
473 2729 704 2769 vaecordiam
738 2736 778 2768 et
807 2729 1083 2781 impudentiam
1111 2735 1151 2767 et
1176 2727 1462 2767 affectationem
1491 2726 1630 2776 impro-

163 2790 294 2828 bitatis
313 2790 351 2828 in
372 2791 527 2830 civitate
547 2791 676 2830 valere
696 2799 735 2831 et
751 2793 938 2844 majorem
969 2792 1112 2830 habere
1132 2804 1238 2843 spem
1259 2788 1552 2829 incolumitatis.
1572 2801 1632 2834 ac,

164 2851 196 2890 si
209 2852 302 2903 quid
323 2865 436 2891 secus
453 2853 650 2899 acciderit,
671 2854 768 2892 tales
789 2853 958 2897 absolvi;
981 2853 1178 2892 meliorem
1205 2860 1333 2890 autem
1354 2850 1450 2889 tueri
1481 2857 1632 2902 partem

167 2914 361 2966 vitamque
391 2915 606 2954 modestam
627 2924 666 2954 et
692 2916 920 2969 popularem
946 2916 1147 2955 instituere
1171 2914 1432 2966 periculosum
1453 2926 1552 2959 esse,
1575 2926 1634 2957 ac,
