1915 3356
476 206 765 245 ADVERSUS
796 205 1208 246 NICOSTRATUM.
1348 242 1352 246 .
1478 213 1553 249 717

109 324 196 350 eum
227 311 385 350 fratrum
413 323 499 349 esse
518 310 887 361 locupletissimum:
930 316 1133 360 postquam
1152 316 1280 348 autem
1300 311 1405 362 leges
1419 314 1558 361 jubent

107 373 208 412 illius
237 372 410 411 fortunas
430 372 538 410 vobis
569 371 679 416 tradi,
706 377 787 408 tum
816 383 964 422 pauper
991 369 1142 409 exsistit
1170 371 1413 420 Arethusius‚
1438 382 1555 426 atque

106 433 182 472 alia
201 433 273 471 sibi
301 440 423 472 mater
449 433 639 479 vendicat,
671 431 745 470 alia
779 445 897 471 soror.
953 431 1094 471 Decuit
1121 439 1248 471 autem
1275 447 1355 481 eos,
1391 437 1422 474 si
1449 437 1556 488 juste

106 495 305 534 vobiscum
335 508 446 546 agere
475 494 630 540 vellent,
661 492 866 532 declaratis
894 494 1069 533 omnibus
1102 493 1205 532 illius
1226 495 1487 545 facultatibus,
1525 499 1559 538 si

106 557 191 607 quis
221 569 269 595 ea
294 570 381 608 quae
413 569 484 594 sua
511 562 642 594 essent
673 555 954 607 descripsisset,
973 569 1020 595 ea
1042 556 1113 595 sibi
1142 555 1361 595 vendicare.
1419 559 1459 597 Si
1486 561 1557 612 igi-

104 625 167 658 tur
197 618 430 671 cogitabitis,
459 630 657 669 nunquam
691 617 823 656 defore
851 619 916 670 qui
949 626 1075 658 vestra
1104 618 1176 657 sibi
1213 619 1556 666 vendicent‚—aut

105 681 206 721 enim
226 680 390 733 pupillos
419 686 485 719 aut
507 680 676 732 pupillas
704 680 983 728 subornabunt,
1008 687 1045 720 et
1061 688 1226 720 vestram
1256 682 1554 723 misericordiam

105 742 371 794 implorabunt,
392 748 460 781 aut
487 748 725 781 senectutem
743 748 783 781 et
807 743 975 795 inopiam
995 749 1033 782 et
1051 744 1183 782 matris
1203 743 1420 783 alimoniam
1449 759 1555 784 com-

105 810 358 843 memorantes
382 811 420 843 et
446 804 705 856 deplorantes,
719 818 787 856 per
805 818 892 856 quae
910 818 979 844 vos
998 799 1178 844 facillime
1197 819 1312 857 posse
1337 806 1462 859 decipi
1485 822 1557 860 pu-

105 872 200 912 tant,
221 865 518 915 mulcta-etiam
549 866 825 918 rempublicam
853 867 1032 906 fraudare
1060 867 1338 913 studebunt—‚
1363 867 1421 907 his
1440 868 1556 920 igitur

104 928 258 979 inquam
277 928 463 981 neglectis
483 928 673 977 omnibus,
691 929 723 968 si
742 941 809 969 eos
829 928 1150 977 condemnabitis,
1163 935 1293 969 vestro
1312 929 1415 970 eritis
1432 930 1554 971 functi

106 989 246 1030 officio.
