1948 3306
341 162 419 205 '782
814 168 1037 208 CONTRA
1068 167 1330 207 NEAERAM.

337 269 579 320 publicorum
612 270 789 310 fanorum
821 273 928 325 leges
957 274 1174 325 prohibent,
1206 288 1295 314 cum
1331 273 1470 325 quibus
1503 272 1653 312 adulter
1679 271 1796 312 fuerit

338 330 647 382 deprehensus):
679 334 737 372 sin
768 334 954 386 ingressae
987 336 1129 374 fuerint
1164 335 1396 387 contemptis
1433 335 1596 386 legibus,
1640 335 1794 386 impune

339 392 476 443 quovis
497 393 673 433 mulctari
701 395 815 434 licere
841 397 973 442 modo,
996 398 1084 437 vitae
1103 398 1219 436 modo
1239 404 1429 449 parcatur,
1445 403 1486 435 et
1504 396 1714 435 mulctandi
1728 409 1794 436 eas

338 462 572 506 potestatem
591 456 653 495 lex
672 457 793 495 cuivis
814 459 927 496 obvio
943 459 1062 499 dedit.
1102 461 1191 499 Hac
1211 467 1339 499 autem
1361 459 1409 498 de
1424 471 1556 505 causa,
1570 457 1794 496 mulieribus

337 517 537 565 adulteris,
570 519 642 556 etsi
675 519 814 557 ceteris
847 520 1023 560 omnibus
1058 523 1200 570 injuriis
1233 521 1490 574 exagitentur,
1524 519 1680 571 negavit
1705 519 1795 558 ulti-

340 591 469 625 onem,
496 579 657 618 iuterfici
677 587 806 618 tamen
835 581 972 628 noluit,
992 596 1041 621 ne
1072 584 1165 622 fana
1182 585 1414 636 polluantur,
1433 590 1501 621 aut
1520 581 1653 633 religio
1676 580 1796 619 viole-

337 647 426 678 tur:
458 642 552 679 satis
572 655 714 692 magno
735 648 877 680 terrore
893 643 947 681 illi
967 645 1075 683 sexui
1090 645 1244 697 injecto,
1261 646 1310 684 ad
1330 645 1533 684 colendam
1552 641 1797 689 modestiam,
1826 655 1831 664 “

337 709 378 740 et
395 702 543 754 flagitia
560 703 730 750 vitanda,
751 703 969 756 traditaque
990 706 1209 758 disciplina,
1233 707 1401 754 domum,
1417 707 1517 745 sicut
1541 717 1697 756 aequum
1723 710 1795 751 est,

336 764 596 810 custodiendi,
624 765 729 815 quod
761 765 792 803 si
829 766 922 817 quid
952 768 1030 806 tale
1049 769 1087 806 in
1116 783 1158 807 se
1187 769 1422 815 admiserint,
1444 767 1616 806 simulet
1645 766 1795 806 aedibus

337 827 478 872 mariti,
501 834 540 865 et
557 827 721 879 publicis
741 828 846 867 urbis
874 829 972 868 fanis
997 831 1074 870 sint
1093 832 1306 884 ejiciendae.
1361 833 1460 870 Haec
1487 831 1542 869 ita
1568 843 1610 869 se
1638 829 1795 876 habere,

337 888 423 941 ipsa
441 889 529 942 lege
550 890 684 929 audita
702 892 965 941 cognoscetis.
1023 894 1130 946 Cape
1151 894 1289 946 legem.

838 1005 943 1045 LEX
984 1006 1300 1048 ADULTERII.

382 1091 548 1133 Postquam
561 1100 660 1126 antem
674 1097 847 1128 adulterum
861 1096 1110 1137 deprehenderit,
1126 1096 1156 1127 ei
1172 1095 1223 1136 qui
1238 1095 1442 1136 deprehendit
1453 1093 1592 1134 pol-toja
1605 1091 1795 1123 matrimonio

337 1142 449 1173 habere
465 1145 622 1176 mulierem
639 1156 704 1177 earn
720 1158 758 1177 ne
773 1147 884 1178 liceat:
911 1158 1001 1187 quam
1019 1147 1046 1177 si
1061 1147 1234 1183 retinuerit,
1250 1145 1471 1186 ignominiosas
1485 1151 1562 1175 esto.
1606 1144 1716 1182 Neque
1730 1152 1796 1172 mu-

336 1193 405 1224 lieri
422 1195 513 1225 liceat
528 1196 647 1238 ingredi
662 1198 692 1228 in
706 1199 774 1230 sana
785 1199 920 1238 publica,
937 1209 1007 1229 cum
1023 1209 1082 1238 qua
1097 1199 1190 1229 fuerit
1205 1199 1326 1229 adulter
1339 1198 1551 1238 deprehensus
1565 1206 1572 1224 :
1592 1195 1640 1226 sin
1657 1196 1795 1234 ingressa

334 1244 436 1282 suerit,
453 1247 578 1287 impune
593 1249 719 1290 quidvis
731 1250 761 1280 in
777 1261 842 1281 eam
859 1251 963 1287 liceat,
978 1254 1076 1281 morte
1089 1257 1231 1290 excepta.

389 1325 455 1361 523.
487 1324 690 1365 Exhibebo
719 1334 848 1366 autem
879 1327 1003 1374 vobis,
1034 1325 1308 1372 Athenienses,
1328 1325 1444 1364 etiam
1473 1323 1607 1376 populi
1631 1321 1795 1361 Atheni-

334 1385 438 1423 ensis
458 1386 736 1435 testimonium‚
757 1397 914 1441 quantae
934 1403 1037 1428 curae
1056 1389 1140 1428 haec
1166 1402 1276 1428 sacra
1294 1388 1449 1435 habeat,
1469 1394 1619 1438 quanta
1641 1399 1687 1445 ea
1707 1385 1794 1424 dili·

335 1447 468 1499 gentia
499 1455 538 1487 et
565 1450 697 1489 studio
727 1452 1021 1504 complectatur.
1079 1451 1252 1503 Populus
1279 1451 1381 1489 enim
1401 1448 1663 1497 Atheniensis,
1683 1450 1795 1501 cujus

333 1523 484 1549 summa
501 1518 562 1549 est
579 1511 618 1549 in
638 1514 751 1551 rebus
779 1514 826 1552 ad
849 1514 1123 1566 rempublicam
1152 1513 1431 1566 pertinentibus
1452 1512 1629 1556 omnibus
1660 1517 1794 1550 aucto-

331 1572 438 1620 ritas,
453 1574 594 1626 cuique
611 1576 740 1615 facere
758 1578 863 1628 quod
883 1577 1048 1617 voluerit
1061 1577 1166 1625 licet,
1184 1577 1238 1616 ita
1252 1576 1480 1629 praeclarum
1493 1583 1534 1614 et
1547 1575 1794 1627 splendidum

333 1634 480 1673 donum
509 1649 597 1675 esse
626 1639 780 1677 censuit
807 1639 1083 1679 Atheniensem
1103 1640 1196 1685 fieri,
1215 1646 1260 1678 ut
1284 1639 1366 1691 ipse
1397 1638 1468 1677 sibi
1493 1638 1600 1689 leges
1622 1636 1797 1689 praescri-

332 1698 464 1748 pserit,
480 1699 620 1748 quibus
640 1700 792 1751 legibus
808 1702 1012 1741 faciendus
1028 1702 1131 1749 sit,si
1143 1715 1256 1753 quem
1276 1702 1459 1739 donatum
1475 1699 1630 1738 civitate
1648 1699 1770 1738 velint
1784 1715 1795 1745 ;

330 1773 419 1810 quae
451 1773 556 1799 nunc
588 1763 823 1812 proculcatae
851 1772 943 1803 sunt
970 1778 993 1803 a
1020 1764 1234 1816 Stephano,
1254 1770 1293 1802 et
1317 1763 1363 1801 iis
1389 1763 1456 1814 qui
1475 1761 1531 1801 sic
1553 1761 1796 1800 matrimonia

331 1829 622 1862 contraxerunt.
680 1825 779 1869 Quae
797 1839 866 1864 vos
885 1826 1039 1865 audisse
1057 1827 1267 1878 praestabit,
1289 1832 1333 1863 ut
1351 1824 1611 1876 cognoscatis,
1627 1838 1694 1862 eos
1707 1824 1794 1876 pul-

331 1882 520 1921 cherrima
539 1891 579 1922 et
599 1885 919 1936 splendidissima
946 1887 1064 1934 dona,
1084 1888 1134 1925 de
1161 1886 1362 1939 republica
1388 1887 1488 1924 bene
1515 1885 1659 1925 meritis
1680 1886 1794 1924 tribui

331 1944 459 1996 solita,
480 1946 777 1986 contaminasse.
834 1948 1007 1986 Primum
1028 1950 1128 1987 enim
1152 1949 1233 1988 lata
1259 1949 1347 1987 haec
1374 1948 1520 2000 populo
1552 1948 1615 1986 lex
1642 1955 1715 1994 est,
1745 1961 1794 1987 ne

329 2019 444 2057 quem
462 2006 591 2045 facere
611 2007 726 2047 liceat
744 2010 1037 2058 Atheniensem,
1065 2011 1138 2049 nisi
1167 2011 1246 2063 qui,
1273 2018 1429 2063 propter
1455 2017 1652 2049 strenuam
1671 2009 1793 2048 Athe-

330 2068 454 2106 niensi
472 2069 619 2120 populo
639 2079 818 2110 navatam
838 2086 993 2124 operam
1015 2081 1055 2111 et
1073 2073 1356 2120 fortitudinem,
1374 2073 1456 2111 fieri
1475 2072 1568 2110 civis
1586 2079 1793 2111 mereatur.

332 2131 500 2178 Deinde,
517 2131 548 2170 si
567 2145 795 2183 persuasum
814 2135 960 2187 populo
979 2136 1108 2183 fuerit,
1127 2142 1172 2173 ut
1189 2136 1256 2174 det
1273 2135 1314 2174 id
1328 2148 1485 2181 munus,
1501 2141 1624 2173 ratam
1636 2142 1794 2186 coopta—

329 2193 473 2231 tionem
505 2206 593 2232 esse
623 2194 728 2233 haud
760 2195 861 2242 sinit,
894 2197 966 2235 nisi
991 2197 1187 2249 ,concione
1216 2197 1394 2248 sequenti
1427 2197 1494 2235 viri
1525 2196 1689 2248 amplius
1721 2210 1792 2235 sex

329 2254 434 2293 mille
456 2255 718 2295 Athenienses
744 2258 906 2296 occultis
927 2258 1118 2310 suffragiis
1140 2258 1439 2311 comprobarint.
1497 2261 1705 2297 Senatores
1725 2271 1794 2296 au-

329 2324 406 2355 tem
428 2317 541 2368 jubet
574 2331 621 2356 ea
643 2318 704 2357 lex
737 2333 953 2371 proponere
982 2320 1177 2372 capsulas,
1199 2328 1239 2359 et
1265 2320 1438 2359 calculos
1469 2320 1562 2359 dare
1589 2320 1794 2359 accedenti

328 2379 487 2430 populo,
515 2379 740 2431 priusquam
772 2381 946 2434 hospites
984 2383 1264 2434 ingrediantur,
1293 2390 1332 2421 et
1363 2383 1521 2434 praemia
1554 2382 1718 2428 tollant3
1749 2389 1794 2422 ut

329 2441 599 2493 unusquisque
628 2443 687 2480 sui
714 2443 812 2495 juris
833 2444 962 2483 adhuc
985 2458 1117 2483 secum
1138 2446 1219 2496 ipse
1238 2445 1437 2491 deliberet,
1458 2458 1575 2497 quem
1601 2445 1724 2483 civem
1744 2444 1795 2484 sit

328 2505 518 2550 facturus,
538 2517 587 2542 an
609 2517 656 2542 eo
675 2518 834 2543 munere
855 2507 905 2544 sit
924 2507 1067 2558 dignus
1087 2508 1119 2545 is
1139 2507 1203 2558 qui
1224 2514 1454 2558 accepturus
1474 2506 1535 2545 sit.
1593 2507 1689 2545 Post
1707 2507 1792 2545 haec

328 2566 556 2604 violatarum
586 2566 716 2617 legum
750 2569 941 2606 actionem
978 2569 1096 2606 cuivis
1130 2568 1426 2608 Atheniensium
1456 2569 1495 2606 in
1531 2582 1620 2607 eum
1657 2569 1789 2607 dedit:

327 2629 495 2680 licetque
515 2629 690 2680 ingresso
710 2630 746 2668 in
764 2631 952 2682 judicium
981 2633 1184 2678 revincere,
1204 2645 1283 2670 non
1303 2632 1463 2683 dignum
1483 2645 1568 2670 esse
1596 2645 1685 2669 eum
1705 2645 1790 2670 mu-

327 2706 419 2731 nere
437 2693 517 2739 illo,
543 2693 613 2731 sed
632 2701 768 2732 contra
782 2695 891 2746 leges
910 2695 1187 2734 Atheniensem
1208 2708 1295 2734 esse
1310 2695 1468 2734 factum.
1527 2695 1576 2733 Et
1588 2695 1669 2747 jam
1692 2709 1788 2733 non-

327 2755 443 2793 nullis
475 2757 669 2806 usuvenit,
697 2763 741 2794 ut
770 2756 862 2795 dato
897 2771 1054 2796 munere
1080 2771 1148 2809 per
1183 2757 1385 2808 populum,
1416 2756 1674 2808 flagitantium
1705 2771 1789 2796 ver-

325 2817 383 2855 bis
421 2817 647 2869 deceptum,
681 2820 792 2858 falsae
826 2820 1038 2872 rogationis
1077 2819 1228 2858 actione
1265 2818 1367 2872 apud
1393 2818 1549 2871 judices
1579 2819 1788 2871 proposita,

326 2879 358 2916 is
391 2880 456 2931 qui
494 2894 635 2921 munus
668 2883 900 2934 accepisset,
937 2881 1232 2920 convinceretur
1270 2894 1428 2920 munere
1467 2881 1649 2933 indignus
1685 2895 1784 2927 esse,

325 2954 448 2992 eoque
460 2942 639 2993 judicum
665 2944 858 3003 sententia
884 2944 1127 2997 spoliaretur.
1183 2944 1240 2984 Ac
1261 2943 1405 2984 multos
1431 2957 1452 2982 e
1473 2943 1663 2983 veteribus
1681 2956 1786 2982 com-
