1981 3356
328 416 726 456 ARGUMENTUM
769 415 1137 454 EXCEPTIONIS
1175 415 1469 455 ADVERSUS

693 478 1106 518 PANTAENETUM.

208 581 287 612 Cum
309 581 504 611 Pantaenetus
529 590 547 610 a
565 580 767 611 Telemarcho
790 579 924 620 quodam
952 579 1103 609 officinam
1126 579 1156 609 in
1180 580 1332 609 Maronea
1354 577 1632 608 metallicam—est

166 636 268 662 autem
284 631 312 662 is
326 631 439 662 Atticae
455 632 619 662 locus—et
633 642 702 662 cum
717 631 836 662 officina
852 630 978 670 triginta
991 640 1099 660 servos
1117 635 1244 666 emeret,
1261 633 1417 660 mutuatur
1440 639 1458 659 a
1481 628 1634 658 Mnesiele

167 683 326 718 talentum,
341 693 360 713 a
375 678 498 713 Phileto
514 687 545 713 et
561 683 695 714 Plistore
709 682 841 722 quinque
858 687 889 712 et
905 682 1106 722 quadraginta
1122 682 1237 712 minas:
1256 688 1348 721 alque
1358 686 1480 721 emptor
1495 681 1636 711 inscribi-

167 738 219 765 tur
233 733 410 771 Mnesioles,
427 734 673 774 emptionemque
690 734 758 774 ipse
774 735 876 764 habet.
922 735 999 764 Post
1016 744 1084 763 cum
1101 738 1260 773 argentum
1279 738 1496 773 reposceretur
1511 733 1633 762 Pantae-

165 789 256 815 netus
286 785 437 815 secundos
462 784 554 815 sumit
577 785 760 821 creditores,
787 791 849 815 tum
878 795 947 814 eum
977 784 1030 824 qui
1057 782 1144 814 hanc*
1157 783 1372 823 exceptionem
1397 794 1477 813 nunc
1507 783 1636 823 apponit

166 835 354 866 Nicobulum
379 840 442 866 tum
467 836 622 876 Evergum
648 836 811 876 quendam,
837 835 946 875 bisque
973 835 1159 875 oppignerat
1185 840 1216 865 et
1244 835 1391 865 officinam
1417 840 1448 864 et
1467 833 1638 874 mancipia3

166 886 345 926 tabulasque
374 897 435 917 non
460 887 726 927 oppignerationis
750 888 804 918 sed
830 886 1017 917 venditionis
1039 886 1172 923 conficit,
1200 887 1294 926 fitque
1322 886 1467 916 venditor
1481 890 1512 915 et
1527 885 1638 915 confir-

163 942 263 968 mator
300 937 445 968 secundis
472 938 680 969 creditoribus
716 938 802 979 prior
828 939 964 969 creditor
995 938 1162 968 Mnesicles
1189 938 1240 977 qni
1270 937 1458 977 emptionem
1494 937 1637 967 habebat.

164 991 284 1020 Loeant
302 989 399 1029 igitur
421 990 602 1020 Pantaeneto
627 990 780 1030 mancipia
796 996 828 1020 et
844 990 993 1020 officinam
1016 991 1157 1029 Evergus
1181 999 1216 1019 ac
1233 989 1422 1025 Nicobulus‚
1437 988 1578 1019 nimirum
1602 995 1636 1020 ut

165 1040 284 1072 domini
301 1043 366 1081 ejus
383 1041 474 1071 facti:
491 1042 567 1072 tanti
583 1046 684 1072 autem
696 1042 799 1072 locant
815 1047 962 1081 quantum
979 1052 1079 1070 usurae
1096 1041 1213 1070 credita
1229 1040 1361 1079 pecunia
1376 1040 1528 1079 pariebat.
1556 1041 1635 1070 Cum

166 1092 244 1122 enim
271 1096 391 1122 centum
417 1093 550 1132 quinque
572 1092 671 1123 minas
695 1097 899 1128 mutuassent,
916 1092 1050 1122 debebat
1072 1101 1164 1120 usura
1186 1090 1216 1120 in
1240 1090 1351 1120 minam
1378 1101 1448 1120 esse
1471 1090 1637 1121 drachma:

165 1148 349 1175 convenerat
373 1143 468 1182 igitur
483 1143 564 1173 iuter
581 1154 635 1173 eos
652 1148 685 1173 ut
700 1148 821 1173 centum
839 1147 870 1172 et
886 1143 1021 1182 quinque
1040 1142 1200 1171 drachmas
1225 1142 1413 1181 acciperent,
1438 1145 1469 1171 et
1489 1142 1549 1172 fnit
1570 1142 1636 1172 haec

163 1194 267 1233 reipsa
282 1203 386 1228 usura,
402 1193 497 1222 verbo
513 1192 638 1222 locatio.
674 1192 736 1222 His
752 1193 841 1228 actis,
857 1191 1032 1222 Nicobulus
1046 1202 1178 1231 peregre
1193 1191 1276 1229 abit;
1288 1202 1344 1231 per
1360 1194 1449 1231 cujus
1465 1193 1635 1223 absentiam

164 1245 230 1275 baec
244 1245 321 1275 fiunt
335 1243 478 1274 Athenis.
523 1244 679 1284 Evergus,
704 1244 831 1274 creditae
854 1243 996 1283 pecuniae
1019 1242 1134 1278 socius,
1151 1243 1363 1274 Pantaenetum
1387 1244 1486 1282 pactis
1509 1249 1541 1274 et
1564 1254 1637 1273 con-

163 1295 267 1326 ventis
282 1305 343 1325 uon
357 1299 438 1325 stare
454 1304 654 1334 conquerens,
672 1295 854 1335 aggreditur
871 1294 1021 1325 officinam
1040 1299 1070 1324 et
1082 1298 1234 1334 occupat3
1259 1300 1352 1336 atque
1368 1295 1460 1325 etiam
1474 1296 1637 1325 observato

164 1351 290 1386 argento
315 1346 398 1386 quod
421 1357 438 1377 e
462 1345 576 1376 fodinis
603 1347 783 1377 Pantaeneto
809 1346 1003 1382 afferebatur,
1021 1346 1164 1386 quodque
1188 1346 1214 1375 is
1238 1345 1268 1376 in
1291 1346 1449 1386 publicum
1470 1346 1638 1377 collaturus

164 1404 241 1436 erat,
267 1398 381 1429 famulo
410 1398 444 1429 id
469 1398 578 1429 ferenti
603 1398 634 1429 vi
651 1398 755 1439 eripit.
804 1399 1012 1438 Quamobrem
1028 1398 1121 1429 etiam
1136 1399 1295 1438 vduplicem
1310 1399 1340 1429 iu
1357 1399 1527 1439 publicum,
1544 1403 1578 1428 ut
1589 1409 1640 1429 as·

169 1451 303 1486 serebat,
341 1449 482 1489 pecuniae
519 1460 678 1480 numerum
707 1450 837 1480 contulit
874 1450 1085 1488 Pantaenetus,
1124 1450 1294 1491 impeditus
1335 1451 1372 1480 ab
1410 1451 1535 1490 Evergo
1578 1461 1638 1489 quo

161 1503 270 1538 minus,
284 1502 323 1532 ad
351 1501 533 1541 praefinitam
555 1501 638 1532 diem
661 1502 815 1532 solveret:
845 1508 876 1532 et
899 1503 1019 1532 actione
1044 1502 1074 1531 in
1099 1503 1255 1542 Evergum
1278 1502 1344 1532 dati
1368 1502 1468 1532 damni
1492 1501 1638 1531 instituta

164 1552 271 1583 vincit.
317 1554 362 1583 Ut.
378 1564 451 1583 vero
467 1559 498 1584 et
513 1554 685 1584 Nicobulus
700 1563 831 1595 peregre
843 1554 969 1584 domum
984 1554 1075 1590 redit,
1092 1554 1242 1594 multique
1261 1554 1431 1584 Pantaeneti
1451 1553 1638 1589 creditores,

163 1604 252 1645 prius
275 1605 418 1644 ignorati,
435 1605 602 1642 exsistunt,
616 1606 721 1635 multis
745 1605 847 1635 verbis
872 1605 972 1641 sactis,
996 1616 1169 1636 convenere
1193 1605 1329 1641 tandem,
1354 1610 1386 1635 ut
1411 1605 1583 1636 Nicobulus
1606 1610 1638 1634 et

166 1655 319 1694 Evergus‚
340 1655 472 1695 receptis
498 1663 620 1686 centum
642 1660 673 1686 et
688 1656 823 1696 quinque
846 1656 951 1693 minis,
968 1656 1087 1686 officina
1110 1660 1141 1686 et
1163 1655 1327 1696 mancipiis
1355 1657 1519 1693 cederent;
1542 1666 1639 1695 eaque

166 1705 253 1736 alteri
269 1706 440 1738 creditores
457 1712 605 1738 emerent.
651 1708 772 1738 Rursus
799 1713 902 1738 autem
925 1707 1099 1738 nolentibus
1121 1707 1328 1738 creditoribus
1350 1717 1452 1737 emere
1467 1707 1639 1747 possessio·

166 1768 232 1793 nes,
249 1758 308 1788 nisi
327 1759 503 1789 venditores
517 1763 608 1798 atque
624 1763 766 1788 auctores
783 1758 957 1789 Nicobulus
971 1763 1002 1789 ct
1020 1760 1161 1798 Evergus
1178 1758 1240 1798 ipsi
1256 1759 1376 1794 fierent,
1391 1763 1482 1798 paret
1498 1759 1638 1788 Nicobu-

165 1808 225 1844 lus,
244 1809 312 1848 ipso
329 1810 434 1846 etiam,
457 1814 492 1839 ut
515 1810 569 1846 ait,
587 1811 766 1840 Pantaeneto
783 1814 917 1849 petente,
934 1811 990 1840 sed
1015 1821 1071 1840 non
1095 1811 1182 1850 prius
1205 1810 1237 1840 id
1260 1809 1422 1850 pollicitus
1439 1815 1499 1846 est,
1516 1819 1605 1849 quam
1622 1821 1640 1840 a

166 1860 345 1890 Pantaeneto
361 1865 446 1891 esset
462 1861 543 1891 omni
561 1861 701 1900 periculo
716 1861 878 1891 liberatus.
909 1862 1112 1892 Pautaenetus
1126 1861 1266 1901 periculo
1283 1872 1352 1891 eum
1368 1861 1491 1897 liberat,
1509 1871 1637 1901 posses-

166 1911 268 1942 siones
294 1913 491 1943 venduntur:
513 1913 564 1943 sed
589 1912 786 1943 nihilominus
809 1913 938 1943 eandem
961 1913 1047 1950 huic,
1074 1923 1163 1952 quam
1190 1918 1221 1943 et
1247 1914 1382 1953 Evergo,
1414 1913 1499 1943 litem
1522 1918 1638 1949 movet,

165 1962 286 1993 actione
302 1963 455 1993 metallica
477 1962 640 2003 inscripta,
658 1969 691 1994 ut
706 1964 759 2003 qui
775 1968 806 1994 et
821 1975 860 1993 ex
878 1963 917 1993 iis
934 1974 1011 1993 unus
1027 1969 1111 1994 esset
1134 1963 1188 2004 qui
1210 1964 1336 1994 metalla
1359 1968 1542 1993 exercerent
1560 1968 1591 1993 et
1607 1964 1637 1993 in

166 2013 298 2044 metallis
313 2019 398 2045 esset
412 2014 516 2045 laesus.
561 2015 662 2055 Atque
676 2015 768 2045 etiam
782 2014 968 2045 Nicobulum
986 2019 1017 2044 et
1031 2014 1071 2044 de
1087 2015 1247 2054 ereptione
1263 2014 1404 2055 pecuniae
1421 2025 1511 2054 quam
1529 2026 1639 2045 servus

166 2066 300 2102 tulisset,
321 2071 353 2096 et
375 2067 415 2097 de
439 2067 566 2097 officinae
586 2067 872 2106 mancipiorumque
887 2066 1065 2096 venditione
1083 2072 1191 2096 contra
1211 2072 1304 2106 pacta
1328 2071 1359 2096 et
1381 2071 1533 2096 conventa
1547 2067 1638 2101 facta,

167 2123 257 2157 atque
273 2118 351 2148 adeo
365 2118 403 2148 de
420 2117 489 2148 aliis
505 2119 699 2158 quibusdam,
716 2123 850 2148 accusat.
884 2118 1058 2148 Nicobulus
1070 2121 1171 2148 autem
1186 2118 1424 2159 praescriptione
1443 2118 1553 2153 utitur,
1568 2118 1640 2157 lege

169 2169 221 2200 illa
243 2169 343 2200 nitens
366 2179 434 2209 quae
463 2174 561 2205 vetat,
584 2169 755 2209 amplius
779 2180 907 2200 earum
936 2179 1065 2200 rerum
1094 2179 1208 2208 agere
1233 2179 1316 2208 quae
1344 2174 1436 2200 aotae
1460 2174 1497 2199 et
1519 2174 1642 2199 trans·

168 2227 262 2252 actae
293 2222 384 2257 sint,
419 2221 609 2261 altera‚quae
632 2222 738 2252 verbis
765 2222 882 2261 apertis
900 2226 931 2251 et
946 2220 1121 2261 perspicuis
1148 2220 1254 2250 definit
1280 2220 1420 2259 quibus
1451 2221 1498 2251 de
1527 2222 1641 2251 rebus

168 2272 308 2303 dandae
339 2272 418 2302 sint
446 2271 663 2302 metallicae
692 2271 884 2308 actiones,
921 2282 1014 2311 quum
1040 2276 1141 2302 autem
1176 2271 1235 2301 tale
1271 2270 1348 2301 nihil
1380 2271 1559 2301 Pantaeneto
1590 2281 1640 2301 ac-

167 2323 288 2360 ciderit,
305 2324 437 2354 absurde
460 2323 504 2354 ait
531 2333 600 2353 eum
627 2334 718 2363 agere
745 2323 865 2354 actione
890 2323 1062 2353 metallica:
1087 2323 1158 2362 quin
1182 2327 1212 2353 et
1236 2322 1358 2353 tertiam
1381 2323 1507 2353 adducit
1530 2324 1641 2363 legem,

167 2386 235 2415 quae
261 2375 427 2415 distinguit
460 2385 540 2414 quae
564 2385 692 2404 causae
715 2375 864 2414 quibus
894 2374 934 2404 in
953 2374 1132 2413 judiciis
1155 2374 1429 2414 disceptandae
1453 2374 1531 2404 sint
1554 2379 1592 2404 et
1623 2384 1641 2403 a

169 2427 314 2466 quibus
340 2426 658 2467 magistratibus
688 2427 828 2456 dandae
858 2426 1048 2463 actiones,
1076 2428 1289 2457 Pantaenetum
1318 2430 1420 2457 autem
1444 2437 1509 2456 eam
1539 2427 1641 2465 legem

167 2477 315 2514 violasse,
332 2477 426 2508 variis
441 2477 623 2508 criminibus
637 2477 668 2508 in
684 2488 774 2509 unam
791 2478 889 2508 veluti
916 2489 1045 2508 massam
1062 2478 1199 2508 conflatis
1214 2479 1312 2517 deque
1329 2478 1472 2508 omnibus
1489 2479 1518 2507 iu
1534 2478 1641 2508 metal—

167 2529 228 2560 lico
240 2520 358 2569 ju'dicio
373 2534 580 2560 accusantem.
624 2531 671 2560 Ac
686 2530 756 2570 lege
772 2531 811 2560 de
829 2530 1034 2560 transactione
1051 2530 1139 2560 initio
1157 2535 1206 2560 est
1222 2540 1307 2564 usus,
1325 2530 1445 2560 duabus
1465 2529 1592 2568 reliquis
1609 2528 1640 2558 iu

169 2580 238 2616 fine,
262 2581 300 2610 ab
316 2580 500 2620 exceptione
517 2585 549 2610 et
564 2581 742 2620 auspicatus
758 2585 789 2611 et
803 2581 945 2611 desinens
973 2582 1004 2611 in
1021 2582 1158 2611 eandem.
1204 2582 1242 2611 In
1270 2581 1373 2611 medio
1400 2586 1501 2611 autem
1525 2586 1640 2610 rectam

169 2632 377 2662 defensionem
396 2631 572 2668 collocavit,
590 2634 677 2671 cujus
693 2632 726 2662 id
742 2636 790 2662 est
806 2632 976 2663 maximum
996 2637 1028 2662 et
1044 2632 1264 2669 firmissimum,
1280 2632 1469 2662 Nicobulum
1486 2637 1547 2661 tum
1571 2641 1640 2669 per-

169 2693 242 2722 egre
258 2683 407 2719 abfuisse,
421 2693 491 2713 cum
508 2684 687 2714 Pantaeneto
705 2683 760 2714 illa
774 2683 955 2723 acciderint,
969 2690 1097 2725 propter
1113 2695 1180 2726 quse
1196 2689 1226 2715 et
1243 2689 1316 2714 tunc
1326 2685 1493 2724 Evergum,
1507 2688 1538 2713 et
1562 2693 1640 2712 nuno

171 2734 368 2771 Nicobulum,
383 2735 412 2766 in
423 2737 475 2775 jus
490 2736 619 2766 vocarit.
