1998 3306
353 233 430 270 518
678 230 973 270 ADVERSUS
1004 230 1476 271 ZENOTHEMIDEM.

351 336 388 373 in
416 342 517 373 terra
538 337 603 386 jus
631 341 756 381 tuum,
777 342 821 374 ut
845 336 989 382 caeteri,
1017 334 1328 388 persequebare?
1372 333 1475 378 Quid
1506 332 1631 371 multa
1659 330 1815 370 dicam?

351 396 455 433 Nihil
475 395 534 433 his
554 397 680 434 verbis
702 397 1021 447 proficiebamus:
1044 397 1113 435 sed
1134 397 1369 434 frumentum
1391 395 1463 433 iste
1485 393 1554 432 sibi
1571 393 1815 432 vendicabat.

350 456 555 494 Educebat
583 470 670 496 eum
691 458 848 505 Protus‚
877 466 917 497 et
946 458 1052 497 Proti
1081 458 1209 496 socius
1232 458 1461 495 Phertatus:
1491 456 1563 494 iste
1591 468 1682 494 vero
1701 453 1813 492 educi

347 531 388 555 se
408 517 577 564 nolebat,
599 532 717 570 seque
737 521 785 558 ab
805 520 886 558 ullo
906 520 1091 558 eductum
1118 519 1160 556 iri
1180 518 1308 570 palam
1327 518 1511 569 negabat,
1531 516 1604 554 nisi
1624 528 1699 567 ego
1717 515 1814 553 edu-

345 580 463 619 xisse.
520 581 617 619 Post
633 582 716 620 haec
737 581 878 620 Protus
898 595 987 620 eum
1006 589 1046 620 et
1064 594 1135 620 nos
1155 581 1206 619 ad
1226 581 1494 633 magistratum
1525 580 1815 631 Syracusanum

345 642 667 692 provocabamus.
698 644 748 682 Iis
768 644 1070 690 conditionibus,
1097 643 1127 681 si
1151 643 1314 682 Protum
1342 643 1483 682 emisse
1502 642 1753 686 frumentum,
1774 645 1816 678 et

344 704 556 755 vectigalia⁴
575 704 630 742 illi
651 717 738 744 esse
757 706 956 757 inscripta,
973 713 1013 744 et
1031 705 1197 757 pretium
1224 705 1332 743 illum
1359 716 1583 743 numerasse
1603 708 1815 748 constaret,

344 773 388 803 ut
406 766 479 804 iste
499 766 754 817 improbitatis
774 781 855 806 suae
874 780 1008 818 poenas
1027 767 1161 805 daret:
1183 767 1241 804 sin
1253 767 1394 813 minus,
1410 773 1452 804 ut
1465 772 1505 804 et
1520 768 1814 804 controversum

344 827 579 865 frumentum
599 828 800 879 reciperet,
820 835 859 867 et
877 829 1066 867 talentum
1094 828 1254 880 insuper
1273 828 1482 880 acciperet,
1501 839 1651 878 nosque
1672 826 1707 864 ei
1732 825 1813 862 fru-

346 894 477 925 mento
497 888 741 926 cederemus.
800 889 896 927 Haec
915 889 1101 928 offerente
1120 896 1161 928 et
1181 890 1389 941 pollicente
1409 889 1490 936 illo,
1511 888 1605 926 nihil
1633 887 1813 939 proficie-

344 950 503 987 bamus:
536 950 606 987 sed
624 963 671 988 ea
689 951 857 989 dabatur
876 952 996 1003 optio,
1017 959 1061 990 ut
1074 958 1141 990 aut
1155 952 1270 989 istum
1290 951 1557 998 educeremus,
1578 955 1647 989 aut
1659 956 1812 988 nostras

344 1023 494 1049 merces
514 1019 765 1050 conservatas
784 1019 999 1063 praesentes
1016 1013 1294 1050 amitteremus.
1341 1012 1445 1050 Nam
1468 1013 1611 1050 Protus
1628 1011 1814 1050 testifica-

342 1073 456 1110 batur
471 1067 511 1110 se
528 1073 707 1120 educere,
728 1074 877 1111 firmare
898 1073 1027 1120 fidem,
1050 1073 1170 1113 redire
1190 1074 1290 1112 velle
1310 1074 1347 1111 in
1370 1074 1554 1113 Siciliam.
1588 1072 1707 1117 Quod
1723 1085 1813 1111 cum

343 1134 424 1184 ipse
444 1134 576 1180 vellet,
597 1134 628 1178 si
647 1148 719 1172 nos
746 1135 809 1173 isti
836 1135 1070 1174 frumentum
1093 1136 1417 1182 concederemus,
1439 1135 1477 1173 id
1499 1135 1571 1174 sibi
1601 1148 1706 1173 curae
1733 1147 1811 1172 non

341 1193 437 1232 fore.
495 1196 622 1246 Atque
642 1195 728 1234 liaec
750 1209 772 1234 a
788 1210 849 1234 me
868 1210 957 1235 vere
989 1197 1065 1235 dici
1084 1211 1210 1248 neque
1229 1210 1318 1236 eum
1343 1197 1414 1236 nisi
1434 1210 1457 1235 a
1475 1210 1537 1235 me
1567 1196 1685 1235 educi
1713 1195 1811 1234 velle

346 1256 575 1304 asseruisse,
597 1270 667 1296 nec
695 1271 783 1308 quae
805 1258 838 1296 ei
860 1257 1060 1297 offerretur
1080 1259 1127 1297 de
1148 1259 1272 1297 reditu
1293 1259 1331 1296 in
1355 1259 1523 1299 Siciliam
1551 1257 1812 1297 conditionem

342 1318 555 1369 accepisse,
576 1326 614 1357 et
632 1319 669 1357 in
697 1320 852 1371 navigio
877 1320 1033 1360 tabulas
1055 1321 1282 1367 confecisse,
1302 1327 1346 1359 ut
1368 1327 1539 1369 constet,
1558 1320 1679 1360 recita
1702 1319 1810 1359 testi-

342 1392 482 1418 monia.

892 1478 1250 1516 TESTIMONIA.

394 1566 431 1600 5.
463 1563 591 1607 Quum
625 1564 742 1614 igitur
772 1576 844 1602 nec
877 1564 991 1602 educi
1020 1564 1139 1603 vellet
1157 1577 1180 1602 a
1207 1564 1342 1611 Proto,
1362 1576 1490 1615 neque
1516 1563 1567 1602 ad
1591 1564 1658 1615 jus
1683 1562 1807 1614 adipi-

341 1624 528 1662 scendum
549 1625 672 1663 redire
699 1626 737 1662 in
760 1625 945 1673 Siciliam,
966 1632 1006 1664 et
1031 1625 1203 1664 omnium
1230 1625 1456 1676 Hegestrati
1478 1624 1668 1663 scelerum
1689 1624 1808 1662 fuisse
1849 1636 1856 1640 ·

339 1686 525 1736 praescius
545 1686 752 1732 videretur,
772 1687 962 1738 reliquum
982 1694 1065 1725 erat
1090 1687 1203 1725 nobis
1222 1687 1288 1738 qui
1315 1687 1378 1725 hic
1398 1686 1808 1725 contractum-fecera-

339 1760 438 1793 mus,
461 1754 500 1785 et
521 1748 758 1785 frumentum
784 1749 832 1786 ab
864 1762 911 1786 eo
939 1749 1003 1799 qui
1029 1749 1202 1799 legitime
1232 1748 1310 1786 illic
1341 1755 1491 1787 emerat
1519 1761 1804 1800 receperamus,

335 1809 453 1847 istum
487 1809 666 1848 educere.
726 1810 831 1854 Quid
863 1811 964 1848 enim
997 1810 1101 1848 aliud
1137 1810 1382 1849 faceremus?
1426 1811 1566 1862 Neque
1599 1809 1701 1848 enim
1732 1810 1807 1849 hoc

335 1872 542 1922 quisquam
569 1885 590 1909 e
622 1878 756 1910 nostra
775 1871 959 1910 societate
986 1872 1163 1923 putabat,
1184 1885 1252 1910 vos
1272 1872 1306 1909 ei
1341 1872 1581 1910 frumentum
1604 1871 1807 1924 adjudica-

333 1939 457 1978 turos,
473 1932 576 1983 quod
596 1933 677 1984 ipse
697 1933 994 1984 relinquendum
1021 1939 1198 1972 suaserat
1225 1933 1366 1978 nautis,
1396 1939 1441 1971 ut
1459 1932 1602 1985 periret
1628 1933 1718 1972 navi
1738 1933 1807 1971 de-

334 2007 474 2032 mersa.
533 1995 647 2038 Quod
666 1996 725 2033 vel
747 1996 958 2033 maximum
980 1995 1136 2047 signum
1156 2002 1229 2043 est,
1254 1995 1293 2033 id
1313 1995 1408 2033 nihil
1428 1995 1478 2033 ad
1509 2008 1596 2033 eum
1624 1995 1803 2034 attinere.

335 2056 433 2099 Quis
460 2056 559 2094 enim
579 2070 691 2094 suum
713 2057 951 2095 frumentum
981 2057 1242 2096 deserendum
1275 2057 1460 2095 suaderet
1489 2056 1534 2096 iis
1554 2057 1620 2108 qui
1648 2057 1688 2095 id
1707 2070 1803 2096 con-

333 2124 526 2156 servatum
554 2118 730 2156 vellent?
771 2120 868 2163 Quis
895 2133 974 2157 non
1002 2119 1225 2171 navigasset
1246 2126 1411 2171 accepta
1431 2119 1654 2159 conditione
1674 2120 1712 2158 in
1743 2120 1804 2158 Si-

331 2179 473 2225 ciliam,
494 2180 559 2218 ubi
578 2193 639 2218 res
659 2180 808 2231 liquido
829 2180 983 2232 probari
1003 2181 1165 2232 posset?
1206 2182 1324 2232 Atqui
1345 2195 1417 2220 nec
1445 2183 1498 2220 ita
1518 2182 1568 2220 de
1584 2182 1696 2221 vobis
1723 2182 1803 2221 exi-

333 2242 487 2280 stimare
507 2249 695 2293 poteram,
716 2243 797 2281 fore
824 2249 868 2281 ut
895 2243 1215 2295 pronunciaretis‚
1236 2244 1298 2282 isti
1325 2244 1374 2282 de
1400 2244 1459 2282 his
1486 2246 1601 2283 rebus
1629 2245 1799 2284 dandam

331 2317 416 2341 esse
449 2304 655 2350 actionem,
675 2317 777 2354 quae,
798 2318 846 2342 ne
876 2304 952 2343 huc
972 2305 1289 2356 perveherentur,
1310 2305 1393 2358 ipse
1413 2306 1545 2344 multis
1566 2306 1690 2345 modis
1719 2314 1801 2345 stu—

330 2365 480 2403 duisset
499 2365 714 2416 prohibere.
773 2365 945 2404 Primum
972 2367 1178 2406 suadendo
1197 2367 1340 2414 nautis,
1361 2374 1405 2406 ut
1425 2381 1492 2406 eas
1514 2367 1799 2419 relinquerent:

330 2427 484 2472 deinde,
519 2427 555 2464 in
592 2426 832 2478 Cephalenia
857 2428 1072 2466 laborando
1104 2443 1152 2467 ne
1186 2429 1294 2468 navis
1319 2429 1397 2467 huc
1418 2429 1636 2467 veheretur.
1694 2430 1799 2474 Quid

329 2489 430 2526 enim
451 2488 529 2526 fieri
556 2488 705 2540 turpius
727 2495 795 2527 aut
820 2488 984 2540 iniquius
1006 2497 1139 2541 queat,
1160 2503 1291 2542 quam,
1324 2504 1413 2528 cum
1449 2490 1676 2542 Cephalenii
1710 2505 1798 2543 pro-

328 2550 560 2593 nunciarint,
586 2556 630 2587 ut
650 2549 948 2587 Atheniensium
983 2563 1128 2589 merces
1158 2551 1371 2591 incolumes
1394 2559 1538 2598 essent,
1567 2551 1694 2590 navim
1722 2553 1798 2591 huc

327 2610 630 2661 pervehendam,
659 2623 727 2648 vos
766 2611 831 2662 qui
866 2611 948 2649 sitis
982 2611 1238 2652 Athenienses
1273 2626 1320 2652 ea
1347 2627 1434 2664 quae
1457 2613 1600 2652 civium
1628 2620 1720 2652 sunt
1752 2613 1796 2651 iis

323 2673 387 2722 qui
421 2673 670 2723 submergere
704 2673 833 2710 conati
863 2680 954 2711 sunt
992 2674 1170 2714 tradere?
1210 2683 1250 2714 et
1287 2689 1376 2728 quae
1406 2677 1479 2715 iste
1512 2690 1560 2714 ne
1591 2676 1668 2714 huc
1705 2689 1794 2728 per-

326 2733 561 2771 veherentur
574 2740 748 2773 avertere
764 2734 921 2772 omnino
938 2735 1101 2782 studuit,
1115 2737 1163 2774 de
1181 2737 1225 2775 iis
1239 2737 1331 2776 dare
1350 2737 1412 2777 isti
1433 2737 1654 2777 actionem?
1670 2738 1797 2784 Absit,

296 2794 300 2798 ”
321 2807 343 2831 o
372 2795 524 2846 Jupiter
544 2801 582 2833 et
601 2794 664 2834 dii.
724 2796 862 2834 Recita
883 2796 973 2834 mihi
993 2797 1086 2847 quid
1106 2799 1338 2850 exceperim.

915 2908 1025 2946 EXC
1034 2908 1065 2945 E
1075 2908 1209 2947 PTIO.

326 2974 467 3013 Recita
494 2976 608 3014 etiam
630 2976 770 3027 legem.
