<?xml version="1.0" encoding="UTF-8"?>
<!DOCTYPE html PUBLIC "-//W3C//DTD XHTML 1.0 Transitional//EN"
    "http://www.w3.org/TR/xhtml1/DTD/xhtml1-transitional.dtd">
<html xmlns="http://www.w3.org/1999/xhtml" xml:lang="en" lang="en">
 <head>
  <title>
</title>
<meta http-equiv="Content-Type" content="text/html;charset=utf-8" />
  <meta name='ocr-system' content='tesseract 3.04.00' />
  <meta name='ocr-capabilities' content='ocr_page ocr_carea ocr_par ocr_line ocrx_word'/>
</head>
<body>
  <div class='ocr_page' id='page_1' title='image "./oratoresatticie16dobs_0296.png"; bbox 0 0 1948 3306; ppageno 0'>
   <div class='ocr_carea' id='block_1_1' title="bbox 320 166 1328 207">
    <p class='ocr_par' dir='ltr' id='par_1_1' title="bbox 320 166 1328 207">
     <span class='ocr_line' id='line_1_1' title="bbox 320 166 1328 207; baseline 0.003 -4"><span class='ocrx_word' id='word_1_1' title='bbox 320 166 399 204; x_wconf 85' lang='lat'>796</span> <span class='ocrx_word' id='word_1_2' title='bbox 774 166 984 206; x_wconf 90' lang='lat' dir='ltr'><strong>ORATIO</strong></span> <span class='ocrx_word' id='word_1_3' title='bbox 1016 167 1328 207; x_wconf 81' lang='lat' dir='ltr'><strong>AMATORIA.</strong></span> 
     </span>
    </p>
   </div>
   <div class='ocr_carea' id='block_1_2' title="bbox 308 270 1832 2996">
    <p class='ocr_par' dir='ltr' id='par_1_2' title="bbox 313 270 1832 1444">
     <span class='ocr_line' id='line_1_2' title="bbox 318 270 1786 319; baseline 0.004 -12"><span class='ocrx_word' id='word_1_4' title='bbox 318 270 510 309; x_wconf 81' lang='lat' dir='ltr'>formosos</span> <span class='ocrx_word' id='word_1_5' title='bbox 530 276 569 309; x_wconf 90' lang='lat' dir='ltr'>et</span> <span class='ocrx_word' id='word_1_6' title='bbox 587 270 702 310; x_wconf 82' lang='lat' dir='ltr'>bonae</span> <span class='ocrx_word' id='word_1_7' title='bbox 728 271 869 311; x_wconf 89' lang='lat' dir='ltr'>indolis</span> <span class='ocrx_word' id='word_1_8' title='bbox 891 273 1164 312; x_wconf 82' lang='lat' dir='ltr'>adolescentes</span> <span class='ocrx_word' id='word_1_9' title='bbox 1194 278 1336 311; x_wconf 83' lang='lat' dir='ltr'>nostrae</span> <span class='ocrx_word' id='word_1_10' title='bbox 1357 272 1476 319; x_wconf 89' lang='lat' dir='ltr'>urbis,</span> <span class='ocrx_word' id='word_1_11' title='bbox 1495 285 1581 312; x_wconf 90' lang='lat' dir='ltr'>esse</span> <span class='ocrx_word' id='word_1_12' title='bbox 1600 271 1786 313; x_wconf 82' lang='lat' dir='ltr'>suavissi-</span> 
     </span>
     <span class='ocr_line' id='line_1_3' title="bbox 318 334 1786 388; baseline 0.004 -18"><span class='ocrx_word' id='word_1_13' title='bbox 318 345 441 379; x_wconf 86' lang='lat' dir='ltr'>mum,</span> <span class='ocrx_word' id='word_1_14' title='bbox 460 341 499 372; x_wconf 88' lang='lat' dir='ltr'>et</span> <span class='ocrx_word' id='word_1_15' title='bbox 518 334 733 385; x_wconf 81' lang='lat' dir='ltr'>aequalibus</span> <span class='ocrx_word' id='word_1_16' title='bbox 754 335 908 386; x_wconf 82' lang='lat' dir='ltr'>ingenio</span> <span class='ocrx_word' id='word_1_17' title='bbox 929 337 1051 388; x_wconf 84' lang='lat' dir='ltr'>magis</span> <span class='ocrx_word' id='word_1_18' title='bbox 1071 348 1188 387; x_wconf 90' lang='lat' dir='ltr'>quam</span> <span class='ocrx_word' id='word_1_19' title='bbox 1206 334 1334 373; x_wconf 88' lang='lat' dir='ltr'>forma</span> <span class='ocrx_word' id='word_1_20' title='bbox 1350 335 1585 375; x_wconf 88' lang='lat' dir='ltr'>antecellere</span> <span class='ocrx_word' id='word_1_21' title='bbox 1602 338 1786 388; x_wconf 77' lang='lat' dir='ltr'>putabat,</span> 
     </span>
     <span class='ocr_line' id='line_1_4' title="bbox 317 396 1785 452; baseline 0.003 -18"><span class='ocrx_word' id='word_1_22' title='bbox 317 396 477 436; x_wconf 91' lang='lat' dir='ltr'>laudare</span> <span class='ocrx_word' id='word_1_23' title='bbox 509 398 687 437; x_wconf 87' lang='lat' dir='ltr'><strong>instituit.</strong></span> <span class='ocrx_word' id='word_1_24' title='bbox 745 400 846 437; x_wconf 91' lang='lat' dir='ltr'>Cum</span> <span class='ocrx_word' id='word_1_25' title='bbox 878 407 1007 438; x_wconf 89' lang='lat' dir='ltr'>autem</span> <span class='ocrx_word' id='word_1_26' title='bbox 1030 400 1190 446; x_wconf 89' lang='lat' dir='ltr'>videret,</span> <span class='ocrx_word' id='word_1_27' title='bbox 1210 398 1398 438; x_wconf 89' lang='lat' dir='ltr'>amatoria</span> <span class='ocrx_word' id='word_1_28' title='bbox 1427 399 1572 451; x_wconf 90' lang='lat' dir='ltr'>scripta</span> <span class='ocrx_word' id='word_1_29' title='bbox 1599 400 1785 452; x_wconf 82' lang='lat' dir='ltr'>pleraque</span> 
     </span>
     <span class='ocr_line' id='line_1_5' title="bbox 317 458 1784 514; baseline 0.003 -18"><span class='ocrx_word' id='word_1_30' title='bbox 317 458 364 497; x_wconf 89' lang='lat' dir='ltr'>iis</span> <span class='ocrx_word' id='word_1_31' title='bbox 396 473 495 511; x_wconf 89' lang='lat' dir='ltr'>quos</span> <span class='ocrx_word' id='word_1_32' title='bbox 526 461 779 509; x_wconf 82' lang='lat' dir='ltr'>celebrarent,</span> <span class='ocrx_word' id='word_1_33' title='bbox 813 468 858 499; x_wconf 88' lang='lat' dir='ltr'>ut</span> <span class='ocrx_word' id='word_1_34' title='bbox 884 462 1051 514; x_wconf 83' lang='lat' dir='ltr'>ingenue</span> <span class='ocrx_word' id='word_1_35' title='bbox 1085 463 1226 508; x_wconf 89' lang='lat' dir='ltr'>dicam,</span> <span class='ocrx_word' id='word_1_36' title='bbox 1258 460 1516 513; x_wconf 87' lang='lat' dir='ltr'>ignominiosa</span> <span class='ocrx_word' id='word_1_37' title='bbox 1544 462 1673 513; x_wconf 91' lang='lat' dir='ltr'>potius</span> <span class='ocrx_word' id='word_1_38' title='bbox 1695 475 1784 501; x_wconf 88' lang='lat' dir='ltr'>esse</span> 
     </span>
     <span class='ocr_line' id='line_1_6' title="bbox 318 523 1787 575; baseline 0.003 -17"><span class='ocrx_word' id='word_1_39' title='bbox 318 533 432 572; x_wconf 87' lang='lat' dir='ltr'>quam</span> <span class='ocrx_word' id='word_1_40' title='bbox 459 523 682 569; x_wconf 86' lang='lat' dir='ltr'>honorifica,</span> <span class='ocrx_word' id='word_1_41' title='bbox 711 524 749 561; x_wconf 89' lang='lat' dir='ltr'>id</span> <span class='ocrx_word' id='word_1_42' title='bbox 780 537 829 561; x_wconf 91' lang='lat' dir='ltr'>ne</span> <span class='ocrx_word' id='word_1_43' title='bbox 861 524 931 562; x_wconf 90' lang='lat' dir='ltr'>sibi</span> <span class='ocrx_word' id='word_1_44' title='bbox 963 538 1035 563; x_wconf 88' lang='lat' dir='ltr'>usu</span> <span class='ocrx_word' id='word_1_45' title='bbox 1055 525 1204 563; x_wconf 88' lang='lat' dir='ltr'>veniret</span> <span class='ocrx_word' id='word_1_46' title='bbox 1232 523 1354 566; x_wconf 89' lang='lat' dir='ltr'>cavit;</span> <span class='ocrx_word' id='word_1_47' title='bbox 1385 529 1437 569; x_wconf 90' lang='lat' dir='ltr'>et,</span> <span class='ocrx_word' id='word_1_48' title='bbox 1457 523 1562 575; x_wconf 90' lang='lat' dir='ltr'>quod</span> <span class='ocrx_word' id='word_1_49' title='bbox 1591 537 1633 562; x_wconf 87' lang='lat' dir='ltr'>se</span> <span class='ocrx_word' id='word_1_50' title='bbox 1653 525 1787 562; x_wconf 82' lang='lat' dir='ltr'>animo</span> 
     </span>
     <span class='ocr_line' id='line_1_7' title="bbox 319 585 1786 637; baseline 0.001 -15"><span class='ocrx_word' id='word_1_51' title='bbox 319 597 389 622; x_wconf 87' lang='lat' dir='ltr'>suo</span> <span class='ocrx_word' id='word_1_52' title='bbox 408 598 636 635; x_wconf 91' lang='lat' dir='ltr'>persuasum</span> <span class='ocrx_word' id='word_1_53' title='bbox 658 585 800 623; x_wconf 85' lang='lat' dir='ltr'>habere</span> <span class='ocrx_word' id='word_1_54' title='bbox 821 586 968 631; x_wconf 86' lang='lat' dir='ltr'>asserit,</span> <span class='ocrx_word' id='word_1_55' title='bbox 990 586 1092 624; x_wconf 86' lang='lat' dir='ltr'>idern</span> <span class='ocrx_word' id='word_1_56' title='bbox 1113 586 1229 625; x_wconf 88' lang='lat' dir='ltr'>etiam</span> <span class='ocrx_word' id='word_1_57' title='bbox 1257 585 1421 637; x_wconf 87' lang='lat' dir='ltr'><strong>scripsit,</strong></span> <span class='ocrx_word' id='word_1_58' title='bbox 1446 592 1655 624; x_wconf 85' lang='lat' dir='ltr'>amatorem</span> <span class='ocrx_word' id='word_1_59' title='bbox 1675 586 1786 637; x_wconf 85' lang='lat' dir='ltr'>inge-</span> 
     </span>
     <span class='ocr_line' id='line_1_8' title="bbox 319 647 1832 700; baseline 0.002 -17"><span class='ocrx_word' id='word_1_60' title='bbox 319 659 440 685; x_wconf 89' lang='lat' dir='ltr'>nuum</span> <span class='ocrx_word' id='word_1_61' title='bbox 470 661 593 698; x_wconf 90' lang='lat' dir='ltr'>neque</span> <span class='ocrx_word' id='word_1_62' title='bbox 623 648 817 685; x_wconf 87' lang='lat' dir='ltr'>facturum</span> <span class='ocrx_word' id='word_1_63' title='bbox 852 655 965 699; x_wconf 86' lang='lat' dir='ltr'>turpe</span> <span class='ocrx_word' id='word_1_64' title='bbox 991 648 1196 700; x_wconf 85' lang='lat' dir='ltr'>quicquam</span> <span class='ocrx_word' id='word_1_65' title='bbox 1229 661 1356 698; x_wconf 87' lang='lat' dir='ltr'>neque</span> <span class='ocrx_word' id='word_1_66' title='bbox 1385 647 1609 699; x_wconf 85' lang='lat' dir='ltr'>petiturum.</span> <span class='ocrx_word' id='word_1_67' title='bbox 1667 647 1785 691; x_wconf 86' lang='lat' dir='ltr'>Quod</span> <span class='ocrx_word' id='word_1_68' title='bbox 1828 650 1832 660; x_wconf 79' lang='grc'><strong>“</strong></span> 
     </span>
     <span class='ocr_line' id='line_1_9' title="bbox 315 707 1788 761; baseline 0.001 -16"><span class='ocrx_word' id='word_1_69' title='bbox 315 707 433 760; x_wconf 86' lang='lat' dir='ltr'>igitur</span> <span class='ocrx_word' id='word_1_70' title='bbox 464 709 502 746; x_wconf 89' lang='lat' dir='ltr'>in</span> <span class='ocrx_word' id='word_1_71' title='bbox 535 709 708 748; x_wconf 89' lang='lat' dir='ltr'>oratione</span> <span class='ocrx_word' id='word_1_72' title='bbox 737 711 902 748; x_wconf 79' lang='lat' dir='ltr'>maxime</span> <span class='ocrx_word' id='word_1_73' title='bbox 923 711 1148 748; x_wconf 90' lang='lat' dir='ltr'>amatorium</span> <span class='ocrx_word' id='word_1_74' title='bbox 1180 710 1463 761; x_wconf 85' lang='lat' dir='ltr'>deprehendas,</span> <span class='ocrx_word' id='word_1_75' title='bbox 1483 709 1524 748; x_wconf 88' lang='lat' dir='ltr'>id</span> <span class='ocrx_word' id='word_1_76' title='bbox 1556 710 1594 748; x_wconf 90' lang='lat' dir='ltr'>in</span> <span class='ocrx_word' id='word_1_77' title='bbox 1621 710 1697 748; x_wconf 91' lang='lat' dir='ltr'>hoc</span> <span class='ocrx_word' id='word_1_78' title='bbox 1718 723 1788 760; x_wconf 84' lang='lat' dir='ltr'>ge-</span> 
     </span>
     <span class='ocr_line' id='line_1_10' title="bbox 316 769 1785 823; baseline 0.002 -16"><span class='ocrx_word' id='word_1_79' title='bbox 316 783 410 808; x_wconf 85' lang='lat' dir='ltr'>nere</span> <span class='ocrx_word' id='word_1_80' title='bbox 442 778 641 809; x_wconf 88' lang='lat' dir='ltr'>versatur:</span> <span class='ocrx_word' id='word_1_81' title='bbox 672 771 819 823; x_wconf 90' lang='lat' dir='ltr'>reliqua</span> <span class='ocrx_word' id='word_1_82' title='bbox 848 771 988 823; x_wconf 90' lang='lat' dir='ltr'>partim</span> <span class='ocrx_word' id='word_1_83' title='bbox 1018 772 1068 809; x_wconf 88' lang='lat' dir='ltr'>ad</span> <span class='ocrx_word' id='word_1_84' title='bbox 1096 771 1217 823; x_wconf 88' lang='lat' dir='ltr'>ipsius</span> <span class='ocrx_word' id='word_1_85' title='bbox 1249 769 1511 809; x_wconf 85' lang='lat' dir='ltr'>adolescentis</span> <span class='ocrx_word' id='word_1_86' title='bbox 1536 771 1785 810; x_wconf 86' lang='lat' dir='ltr'>commenda-</span> 
     </span>
     <span class='ocr_line' id='line_1_11' title="bbox 314 831 1786 884; baseline 0.003 -16"><span class='ocrx_word' id='word_1_87' title='bbox 314 831 459 869; x_wconf 83' lang='lat' dir='ltr'>tionem</span> <span class='ocrx_word' id='word_1_88' title='bbox 480 832 690 883; x_wconf 84' lang='lat' dir='ltr'>pertinent,</span> <span class='ocrx_word' id='word_1_89' title='bbox 720 833 858 884; x_wconf 86' lang='lat' dir='ltr'>partim</span> <span class='ocrx_word' id='word_1_90' title='bbox 880 833 928 871; x_wconf 90' lang='lat' dir='ltr'>de</span> <span class='ocrx_word' id='word_1_91' title='bbox 954 833 1173 872; x_wconf 87' lang='lat' dir='ltr'>liberalibus</span> <span class='ocrx_word' id='word_1_92' title='bbox 1201 832 1414 884; x_wconf 85' lang='lat' dir='ltr'>disciplinis</span> <span class='ocrx_word' id='word_1_93' title='bbox 1444 831 1610 884; x_wconf 84' lang='lat' dir='ltr'>vitaeque</span> <span class='ocrx_word' id='word_1_94' title='bbox 1642 845 1786 884; x_wconf 84' lang='lat' dir='ltr'>genere</span> 
     </span>
     <span class='ocr_line' id='line_1_12' title="bbox 317 893 1786 946; baseline -0.001 -13"><span class='ocrx_word' id='word_1_95' title='bbox 317 893 593 933; x_wconf 87' lang='lat' dir='ltr'>constituendo</span> <span class='ocrx_word' id='word_1_96' title='bbox 609 895 851 946; x_wconf 84' lang='lat' dir='ltr'>praecipiunt.</span> <span class='ocrx_word' id='word_1_97' title='bbox 910 895 1009 934; x_wconf 81' lang='lat' dir='ltr'>Haec</span> <span class='ocrx_word' id='word_1_98' title='bbox 1029 901 1157 933; x_wconf 88' lang='lat' dir='ltr'>autem</span> <span class='ocrx_word' id='word_1_99' title='bbox 1171 894 1298 933; x_wconf 88' lang='lat' dir='ltr'>omnia</span> <span class='ocrx_word' id='word_1_100' title='bbox 1313 894 1367 933; x_wconf 86' lang='lat' dir='ltr'>sic</span> <span class='ocrx_word' id='word_1_101' title='bbox 1383 895 1525 945; x_wconf 88' lang='lat' dir='ltr'>scripta</span> <span class='ocrx_word' id='word_1_102' title='bbox 1543 901 1636 932; x_wconf 88' lang='lat' dir='ltr'>sunt</span> <span class='ocrx_word' id='word_1_103' title='bbox 1649 908 1786 945; x_wconf 88' lang='lat' dir='ltr'>quem-</span> 
     </span>
     <span class='ocr_line' id='line_1_13' title="bbox 318 955 1783 996; baseline 0.002 -4"><span class='ocrx_word' id='word_1_104' title='bbox 318 955 530 994; x_wconf 85' lang='lat' dir='ltr'>admodum</span> <span class='ocrx_word' id='word_1_105' title='bbox 564 956 604 994; x_wconf 89' lang='lat' dir='ltr'>in</span> <span class='ocrx_word' id='word_1_106' title='bbox 637 957 879 995; x_wconf 89' lang='lat' dir='ltr'>monimenta</span> <span class='ocrx_word' id='word_1_107' title='bbox 907 957 1103 996; x_wconf 85' lang='lat' dir='ltr'>literarum</span> <span class='ocrx_word' id='word_1_108' title='bbox 1136 957 1268 995; x_wconf 86' lang='lat' dir='ltr'>referri</span> <span class='ocrx_word' id='word_1_109' title='bbox 1300 957 1440 995; x_wconf 86' lang='lat' dir='ltr'>solent.</span> <span class='ocrx_word' id='word_1_110' title='bbox 1498 955 1601 995; x_wconf 92' lang='lat' dir='ltr'>Nam</span> <span class='ocrx_word' id='word_1_111' title='bbox 1622 964 1665 994; x_wconf 90' lang='lat' dir='ltr'>ut</span> <span class='ocrx_word' id='word_1_112' title='bbox 1696 970 1783 995; x_wconf 87' lang='lat' dir='ltr'>ora-</span> 
     </span>
     <span class='ocr_line' id='line_1_14' title="bbox 314 1017 1786 1071; baseline 0.001 -16"><span class='ocrx_word' id='word_1_113' title='bbox 314 1017 439 1067; x_wconf 86' lang='lat' dir='ltr'>tiones</span> <span class='ocrx_word' id='word_1_114' title='bbox 460 1031 547 1069; x_wconf 85' lang='lat' dir='ltr'>quae</span> <span class='ocrx_word' id='word_1_115' title='bbox 567 1018 875 1070; x_wconf 85' lang='lat' dir='ltr'>pronunciantur</span> <span class='ocrx_word' id='word_1_116' title='bbox 906 1018 1069 1071; x_wconf 81' lang='lat' dir='ltr'>simplici</span> <span class='ocrx_word' id='word_1_117' title='bbox 1096 1026 1134 1057; x_wconf 92' lang='lat' dir='ltr'>et</span> <span class='ocrx_word' id='word_1_118' title='bbox 1159 1019 1411 1070; x_wconf 83' lang='lat' dir='ltr'>extemporali</span> <span class='ocrx_word' id='word_1_119' title='bbox 1438 1018 1624 1057; x_wconf 88' lang='lat' dir='ltr'>sermonis</span> <span class='ocrx_word' id='word_1_120' title='bbox 1644 1032 1786 1070; x_wconf 83' lang='lat' dir='ltr'>genere</span> 
     </span>
     <span class='ocr_line' id='line_1_15' title="bbox 314 1079 1786 1132; baseline 0.001 -16"><span class='ocrx_word' id='word_1_121' title='bbox 314 1079 393 1116; x_wconf 89' lang='lat' dir='ltr'>texi</span> <span class='ocrx_word' id='word_1_122' title='bbox 427 1079 593 1125; x_wconf 86' lang='lat' dir='ltr'>debent3</span> <span class='ocrx_word' id='word_1_123' title='bbox 622 1080 676 1118; x_wconf 86' lang='lat' dir='ltr'>ita</span> <span class='ocrx_word' id='word_1_124' title='bbox 707 1094 803 1131; x_wconf 90' lang='lat' dir='ltr'>quas</span> <span class='ocrx_word' id='word_1_125' title='bbox 839 1080 888 1118; x_wconf 90' lang='lat' dir='ltr'>ad</span> <span class='ocrx_word' id='word_1_126' title='bbox 922 1087 1164 1132; x_wconf 85' lang='lat' dir='ltr'>posterorum</span> <span class='ocrx_word' id='word_1_127' title='bbox 1196 1080 1397 1131; x_wconf 89' lang='lat' dir='ltr'>pervenire</span> <span class='ocrx_word' id='word_1_128' title='bbox 1424 1079 1647 1119; x_wconf 78' lang='lat' dir='ltr'>memoriam</span> <span class='ocrx_word' id='word_1_129' title='bbox 1672 1081 1786 1127; x_wconf 85' lang='lat' dir='ltr'>velis,</span> 
     </span>
     <span class='ocr_line' id='line_1_16' title="bbox 313 1142 1786 1194; baseline 0.001 -15"><span class='ocrx_word' id='word_1_130' title='bbox 313 1142 505 1193; x_wconf 86' lang='lat' dir='ltr'>poematis</span> <span class='ocrx_word' id='word_1_131' title='bbox 524 1142 645 1181; x_wconf 86' lang='lat' dir='ltr'>instar</span> <span class='ocrx_word' id='word_1_132' title='bbox 664 1143 881 1182; x_wconf 89' lang='lat' dir='ltr'>elaboratas</span> <span class='ocrx_word' id='word_1_133' title='bbox 901 1151 940 1181; x_wconf 89' lang='lat' dir='ltr'>et</span> <span class='ocrx_word' id='word_1_134' title='bbox 968 1142 1203 1194; x_wconf 90' lang='lat' dir='ltr'>exquisitum</span> <span class='ocrx_word' id='word_1_135' title='bbox 1225 1143 1264 1180; x_wconf 88' lang='lat' dir='ltr'>in</span> <span class='ocrx_word' id='word_1_136' title='bbox 1282 1143 1440 1181; x_wconf 90' lang='lat' dir='ltr'>modum</span> <span class='ocrx_word' id='word_1_137' title='bbox 1468 1142 1678 1194; x_wconf 89' lang='lat' dir='ltr'>perpolitas</span> <span class='ocrx_word' id='word_1_138' title='bbox 1699 1156 1786 1181; x_wconf 91' lang='lat' dir='ltr'>esse</span> 
     </span>
     <span class='ocr_line' id='line_1_17' title="bbox 314 1203 1785 1257; baseline 0.001 -16"><span class='ocrx_word' id='word_1_139' title='bbox 314 1203 443 1242; x_wconf 89' lang='lat' dir='ltr'>decet.</span> <span class='ocrx_word' id='word_1_140' title='bbox 502 1204 593 1243; x_wconf 90' lang='lat' dir='ltr'>Illas</span> <span class='ocrx_word' id='word_1_141' title='bbox 624 1205 726 1243; x_wconf 90' lang='lat' dir='ltr'>enim</span> <span class='ocrx_word' id='word_1_142' title='bbox 758 1205 989 1257; x_wconf 88' lang='lat' dir='ltr'>probabiles,</span> <span class='ocrx_word' id='word_1_143' title='bbox 1010 1205 1081 1243; x_wconf 89' lang='lat' dir='ltr'>has</span> <span class='ocrx_word' id='word_1_144' title='bbox 1113 1204 1353 1257; x_wconf 83' lang='lat' dir='ltr'>magnificas,</span> <span class='ocrx_word' id='word_1_145' title='bbox 1382 1217 1470 1243; x_wconf 89' lang='lat' dir='ltr'>esse</span> <span class='ocrx_word' id='word_1_146' title='bbox 1501 1211 1664 1256; x_wconf 89' lang='lat' dir='ltr'>oportet.</span> <span class='ocrx_word' id='word_1_147' title='bbox 1722 1205 1785 1242; x_wconf 88' lang='lat' dir='ltr'>Ne</span> 
     </span>
     <span class='ocr_line' id='line_1_18' title="bbox 314 1266 1784 1317; baseline 0.001 -12"><span class='ocrx_word' id='word_1_148' title='bbox 314 1280 404 1305; x_wconf 88' lang='lat' dir='ltr'>vero</span> <span class='ocrx_word' id='word_1_149' title='bbox 425 1274 536 1305; x_wconf 84' lang='lat' dir='ltr'>extra</span> <span class='ocrx_word' id='word_1_150' title='bbox 565 1281 725 1306; x_wconf 88' lang='lat' dir='ltr'>causam</span> <span class='ocrx_word' id='word_1_151' title='bbox 755 1268 821 1306; x_wconf 89' lang='lat' dir='ltr'>tibi</span> <span class='ocrx_word' id='word_1_152' title='bbox 850 1268 1004 1306; x_wconf 82' lang='lat' dir='ltr'>fabulas</span> <span class='ocrx_word' id='word_1_153' title='bbox 1036 1280 1205 1314; x_wconf 86' lang='lat' dir='ltr'>narrem,</span> <span class='ocrx_word' id='word_1_154' title='bbox 1223 1281 1320 1306; x_wconf 87' lang='lat' dir='ltr'>neve</span> <span class='ocrx_word' id='word_1_155' title='bbox 1340 1266 1434 1317; x_wconf 88' lang='lat' dir='ltr'>quid</span> <span class='ocrx_word' id='word_1_156' title='bbox 1467 1266 1516 1305; x_wconf 91' lang='lat' dir='ltr'>de</span> <span class='ocrx_word' id='word_1_157' title='bbox 1545 1279 1593 1305; x_wconf 85' lang='lat' dir='ltr'>ea</span> <span class='ocrx_word' id='word_1_158' title='bbox 1618 1267 1784 1306; x_wconf 88' lang='lat' dir='ltr'>sentiam</span> 
     </span>
     <span class='ocr_line' id='line_1_19' title="bbox 314 1328 1784 1381; baseline 0.002 -15"><span class='ocrx_word' id='word_1_159' title='bbox 314 1328 399 1380; x_wconf 91' lang='lat' dir='ltr'>ipse</span> <span class='ocrx_word' id='word_1_160' title='bbox 419 1342 733 1376; x_wconf 85' lang='lat' dir='ltr'>commemorem,</span> <span class='ocrx_word' id='word_1_161' title='bbox 752 1330 806 1368; x_wconf 90' lang='lat' dir='ltr'>sic</span> <span class='ocrx_word' id='word_1_162' title='bbox 827 1330 1018 1376; x_wconf 88' lang='lat' dir='ltr'>ausculta,</span> <span class='ocrx_word' id='word_1_163' title='bbox 1040 1336 1083 1367; x_wconf 89' lang='lat' dir='ltr'>ut</span> <span class='ocrx_word' id='word_1_164' title='bbox 1097 1329 1217 1381; x_wconf 80' lang='lat' dir='ltr'>ipsam</span> <span class='ocrx_word' id='word_1_165' title='bbox 1237 1329 1449 1367; x_wconf 88' lang='lat' dir='ltr'>orationem</span> <span class='ocrx_word' id='word_1_166' title='bbox 1463 1329 1545 1381; x_wconf 85' lang='lat' dir='ltr'>jam</span> <span class='ocrx_word' id='word_1_167' title='bbox 1566 1329 1784 1378; x_wconf 86' lang='lat' dir='ltr'>auditurus,</span> 
     </span>
     <span class='ocr_line' id='line_1_20' title="bbox 315 1391 1579 1445; baseline 0.001 -17"><span class='ocrx_word' id='word_1_168' title='bbox 315 1391 500 1445; x_wconf 86' lang='lat' dir='ltr'>quando</span> <span class='ocrx_word' id='word_1_169' title='bbox 492 1405 572 1443; x_wconf 77' lang='lat' dir='ltr'>ipse</span> <span class='ocrx_word' id='word_1_170' title='bbox 593 1391 720 1439; x_wconf 85' lang='lat' dir='ltr'>adest,</span> <span class='ocrx_word' id='word_1_171' title='bbox 740 1406 854 1444; x_wconf 91' lang='lat' dir='ltr'>quem</span> <span class='ocrx_word' id='word_1_172' title='bbox 875 1392 1092 1430; x_wconf 86' lang='lat' dir='ltr'>auditorem</span> <span class='ocrx_word' id='word_1_173' title='bbox 1112 1405 1201 1430; x_wconf 89' lang='lat' dir='ltr'>esse</span> <span class='ocrx_word' id='word_1_174' title='bbox 1221 1392 1339 1437; x_wconf 84' lang='lat' dir='ltr'>volui,</span> <span class='ocrx_word' id='word_1_175' title='bbox 1360 1391 1579 1442; x_wconf 85' lang='lat' dir='ltr'>Epicrates.</span> 
     </span>
    </p>

    <p class='ocr_par' dir='ltr' id='par_1_3' title="bbox 308 1434 1785 2996">
     <span class='ocr_line' id='line_1_21' title="bbox 369 1434 1785 1506; baseline 0.004 -17"><span class='ocrx_word' id='word_1_176' title='bbox 369 1456 407 1491; x_wconf 77' lang='lat'>2.</span> <span class='ocrx_word' id='word_1_177' title='bbox 439 1454 536 1491; x_wconf 89' lang='lat' dir='ltr'>Cum</span> <span class='ocrx_word' id='word_1_178' title='bbox 571 1454 741 1492; x_wconf 88' lang='lat' dir='ltr'>viderem</span> <span class='ocrx_word' id='word_1_179' title='bbox 772 1454 981 1493; x_wconf 89' lang='lat' dir='ltr'>nonnullos</span> <span class='ocrx_word' id='word_1_180' title='bbox 1014 1467 1148 1492; x_wconf 90' lang='lat' dir='ltr'>eorum</span> <span class='ocrx_word' id='word_1_181' title='bbox 1179 1454 1243 1506; x_wconf 86' lang='lat' dir='ltr'>qui</span> <span class='ocrx_word' id='word_1_182' title='bbox 1276 1461 1455 1493; x_wconf 86' lang='lat' dir='ltr'>amantur</span> <span class='ocrx_word' id='word_1_183' title='bbox 1482 1461 1522 1493; x_wconf 92' lang='lat' dir='ltr'>et</span> <span class='ocrx_word' id='word_1_184' title='bbox 1551 1434 1676 1493; x_wconf 80' lang='lat' dir='ltr'>forma</span> <span class='ocrx_word' id='word_1_185' title='bbox 1693 1461 1785 1494; x_wconf 87' lang='lat' dir='ltr'>sunt</span> 
     </span>
     <span class='ocr_line' id='line_1_22' title="bbox 314 1515 1784 1563; baseline 0.001 -10"><span class='ocrx_word' id='word_1_186' title='bbox 314 1516 455 1562; x_wconf 89' lang='lat' dir='ltr'>ornati,</span> <span class='ocrx_word' id='word_1_187' title='bbox 488 1522 626 1553; x_wconf 88' lang='lat' dir='ltr'>neutra</span> <span class='ocrx_word' id='word_1_188' title='bbox 655 1515 887 1555; x_wconf 77' lang='lat' dir='ltr'>felicitatum</span> <span class='ocrx_word' id='word_1_189' title='bbox 921 1516 1060 1554; x_wconf 87' lang='lat' dir='ltr'>harum</span> <span class='ocrx_word' id='word_1_190' title='bbox 1090 1522 1193 1554; x_wconf 87' lang='lat' dir='ltr'>recte</span> <span class='ocrx_word' id='word_1_191' title='bbox 1225 1516 1295 1563; x_wconf 90' lang='lat' dir='ltr'>uti,</span> <span class='ocrx_word' id='word_1_192' title='bbox 1327 1515 1396 1555; x_wconf 89' lang='lat' dir='ltr'>sed</span> <span class='ocrx_word' id='word_1_193' title='bbox 1425 1522 1469 1555; x_wconf 92' lang='lat' dir='ltr'>ut</span> <span class='ocrx_word' id='word_1_194' title='bbox 1498 1516 1575 1556; x_wconf 90' lang='lat' dir='ltr'>oris</span> <span class='ocrx_word' id='word_1_195' title='bbox 1603 1517 1784 1556; x_wconf 90' lang='lat' dir='ltr'>decorem</span> 
     </span>
     <span class='ocr_line' id='line_1_23' title="bbox 313 1578 1783 1631; baseline 0 -14"><span class='ocrx_word' id='word_1_196' title='bbox 313 1579 422 1617; x_wconf 90' lang='lat' dir='ltr'>laudi</span> <span class='ocrx_word' id='word_1_197' title='bbox 442 1579 515 1617; x_wconf 91' lang='lat' dir='ltr'>sibi</span> <span class='ocrx_word' id='word_1_198' title='bbox 546 1578 702 1626; x_wconf 90' lang='lat' dir='ltr'>ducere,</span> <span class='ocrx_word' id='word_1_199' title='bbox 721 1579 775 1617; x_wconf 88' lang='lat' dir='ltr'>sic</span> <span class='ocrx_word' id='word_1_200' title='bbox 809 1586 1026 1618; x_wconf 77' lang='lat' dir='ltr'>ainatorum</span> <span class='ocrx_word' id='word_1_201' title='bbox 1056 1578 1355 1618; x_wconf 85' lang='lat' dir='ltr'>familiaritatem</span> <span class='ocrx_word' id='word_1_202' title='bbox 1387 1579 1568 1625; x_wconf 85' lang='lat' dir='ltr'>aversari,</span> <span class='ocrx_word' id='word_1_203' title='bbox 1602 1586 1716 1631; x_wconf 91' lang='lat' dir='ltr'>atque</span> <span class='ocrx_word' id='word_1_204' title='bbox 1744 1580 1783 1618; x_wconf 90' lang='lat' dir='ltr'>in</span> 
     </span>
     <span class='ocr_line' id='line_1_24' title="bbox 308 1642 1784 1696; baseline -0.001 -14"><span class='ocrx_word' id='word_1_205' title='bbox 308 1644 526 1696; x_wconf 87' lang='lat' dir='ltr'>judicando</span> <span class='ocrx_word' id='word_1_206' title='bbox 547 1642 647 1682; x_wconf 87' lang='lat' dir='ltr'>adeo</span> <span class='ocrx_word' id='word_1_207' title='bbox 667 1657 745 1682; x_wconf 89' lang='lat' dir='ltr'>non</span> <span class='ocrx_word' id='word_1_208' title='bbox 767 1643 979 1695; x_wconf 79' lang='lat' dir='ltr'>intelligere</span> <span class='ocrx_word' id='word_1_209' title='bbox 1001 1643 1146 1695; x_wconf 88' lang='lat' dir='ltr'>optima</span> <span class='ocrx_word' id='word_1_210' title='bbox 1165 1657 1253 1695; x_wconf 90' lang='lat' dir='ltr'>quae</span> <span class='ocrx_word' id='word_1_211' title='bbox 1273 1643 1362 1688; x_wconf 88' lang='lat' dir='ltr'>sint,</span> <span class='ocrx_word' id='word_1_212' title='bbox 1383 1650 1428 1682; x_wconf 88' lang='lat' dir='ltr'>ut</span> <span class='ocrx_word' id='word_1_213' title='bbox 1446 1650 1603 1696; x_wconf 89' lang='lat' dir='ltr'>propter</span> <span class='ocrx_word' id='word_1_214' title='bbox 1629 1656 1696 1681; x_wconf 93' lang='lat' dir='ltr'>eos</span> <span class='ocrx_word' id='word_1_215' title='bbox 1717 1643 1784 1695; x_wconf 81' lang='lat' dir='ltr'>qui</span> 
     </span>
     <span class='ocr_line' id='line_1_25' title="bbox 313 1705 1783 1758; baseline -0.001 -13"><span class='ocrx_word' id='word_1_216' title='bbox 313 1707 387 1745; x_wconf 91' lang='lat' dir='ltr'>hac</span> <span class='ocrx_word' id='word_1_217' title='bbox 419 1720 460 1745; x_wconf 92' lang='lat' dir='ltr'>re</span> <span class='ocrx_word' id='word_1_218' title='bbox 483 1706 676 1758; x_wconf 87' lang='lat' dir='ltr'>flagitiose</span> <span class='ocrx_word' id='word_1_219' title='bbox 709 1707 933 1754; x_wconf 88' lang='lat' dir='ltr'>abutuntur,</span> <span class='ocrx_word' id='word_1_220' title='bbox 955 1705 1028 1744; x_wconf 87' lang='lat' dir='ltr'>illis</span> <span class='ocrx_word' id='word_1_221' title='bbox 1060 1705 1178 1744; x_wconf 89' lang='lat' dir='ltr'>etiam</span> <span class='ocrx_word' id='word_1_222' title='bbox 1212 1705 1290 1744; x_wconf 82' lang='lat' dir='ltr'>sint</span> <span class='ocrx_word' id='word_1_223' title='bbox 1319 1705 1438 1757; x_wconf 92' lang='lat' dir='ltr'>iniqui</span> <span class='ocrx_word' id='word_1_224' title='bbox 1472 1706 1538 1757; x_wconf 94' lang='lat' dir='ltr'>qui</span> <span class='ocrx_word' id='word_1_225' title='bbox 1564 1705 1783 1744; x_wconf 86' lang='lat' dir='ltr'>modestam</span> 
     </span>
     <span class='ocr_line' id='line_1_26' title="bbox 313 1768 1785 1821; baseline -0.001 -14"><span class='ocrx_word' id='word_1_226' title='bbox 313 1776 544 1821; x_wconf 86' lang='lat' dir='ltr'>castamque</span> <span class='ocrx_word' id='word_1_227' title='bbox 565 1768 891 1808; x_wconf 89' lang='lat' dir='ltr'>consuetudinem</span> <span class='ocrx_word' id='word_1_228' title='bbox 921 1781 1053 1807; x_wconf 91' lang='lat' dir='ltr'>eorum</span> <span class='ocrx_word' id='word_1_229' title='bbox 1076 1774 1280 1819; x_wconf 87' lang='lat' dir='ltr'>expetunt,</span> <span class='ocrx_word' id='word_1_230' title='bbox 1302 1781 1371 1807; x_wconf 92' lang='lat' dir='ltr'>eos</span> <span class='ocrx_word' id='word_1_231' title='bbox 1397 1781 1473 1819; x_wconf 86' lang='lat' dir='ltr'>ego</span> <span class='ocrx_word' id='word_1_232' title='bbox 1499 1780 1578 1806; x_wconf 89' lang='lat' dir='ltr'>non</span> <span class='ocrx_word' id='word_1_233' title='bbox 1612 1768 1785 1807; x_wconf 91' lang='lat' dir='ltr'>sibimet-</span> 
     </span>
     <span class='ocr_line' id='line_1_27' title="bbox 312 1829 1784 1882; baseline 0 -14"><span class='ocrx_word' id='word_1_234' title='bbox 312 1831 409 1882; x_wconf 89' lang='lat' dir='ltr'>ipsis</span> <span class='ocrx_word' id='word_1_235' title='bbox 430 1838 581 1870; x_wconf 86' lang='lat' dir='ltr'>tantum</span> <span class='ocrx_word' id='word_1_236' title='bbox 610 1831 711 1869; x_wconf 92' lang='lat' dir='ltr'>male</span> <span class='ocrx_word' id='word_1_237' title='bbox 739 1830 957 1877; x_wconf 90' lang='lat' dir='ltr'>consulere,</span> <span class='ocrx_word' id='word_1_238' title='bbox 979 1830 1048 1868; x_wconf 92' lang='lat' dir='ltr'>sed</span> <span class='ocrx_word' id='word_1_239' title='bbox 1077 1830 1236 1868; x_wconf 89' lang='lat' dir='ltr'>aliorum</span> <span class='ocrx_word' id='word_1_240' title='bbox 1266 1830 1382 1869; x_wconf 90' lang='lat' dir='ltr'>etiam</span> <span class='ocrx_word' id='word_1_241' title='bbox 1402 1829 1682 1868; x_wconf 83' lang='lat' dir='ltr'>familiaritates</span> <span class='ocrx_word' id='word_1_242' title='bbox 1714 1830 1784 1868; x_wconf 88' lang='lat' dir='ltr'>de-</span> 
     </span>
     <span class='ocr_line' id='line_1_28' title="bbox 313 1891 1783 1945; baseline -0.001 -13"><span class='ocrx_word' id='word_1_243' title='bbox 313 1906 490 1945; x_wconf 83' lang='lat' dir='ltr'>pravare,</span> <span class='ocrx_word' id='word_1_244' title='bbox 528 1894 759 1944; x_wconf 85' lang='lat' dir='ltr'>illorumque</span> <span class='ocrx_word' id='word_1_245' title='bbox 797 1892 1003 1931; x_wconf 87' lang='lat' dir='ltr'>amentiam</span> <span class='ocrx_word' id='word_1_246' title='bbox 1033 1891 1291 1943; x_wconf 87' lang='lat' dir='ltr'>prudentibus</span> <span class='ocrx_word' id='word_1_247' title='bbox 1322 1904 1398 1930; x_wconf 91' lang='lat' dir='ltr'>non</span> <span class='ocrx_word' id='word_1_248' title='bbox 1434 1905 1521 1930; x_wconf 90' lang='lat' dir='ltr'>esse</span> <span class='ocrx_word' id='word_1_249' title='bbox 1555 1892 1783 1930; x_wconf 87' lang='lat' dir='ltr'>imitandam</span> 
     </span>
     <span class='ocr_line' id='line_1_29' title="bbox 314 1953 1784 2006; baseline -0.001 -12"><span class='ocrx_word' id='word_1_250' title='bbox 314 1955 556 1994; x_wconf 84' lang='lat' dir='ltr'>existimavi:</span> <span class='ocrx_word' id='word_1_251' title='bbox 588 1955 803 2006; x_wconf 82' lang='lat' dir='ltr'>praesertim</span> <span class='ocrx_word' id='word_1_252' title='bbox 831 1954 862 1992; x_wconf 90' lang='lat' dir='ltr'>si</span> <span class='ocrx_word' id='word_1_253' title='bbox 896 1953 1155 2001; x_wconf 86' lang='lat' dir='ltr'>considerent,</span> <span class='ocrx_word' id='word_1_254' title='bbox 1176 1967 1263 1992; x_wconf 88' lang='lat' dir='ltr'>cum</span> <span class='ocrx_word' id='word_1_255' title='bbox 1295 1967 1357 1992; x_wconf 91' lang='lat' dir='ltr'>res</span> <span class='ocrx_word' id='word_1_256' title='bbox 1383 1953 1477 2005; x_wconf 89' lang='lat' dir='ltr'>ipsae</span> <span class='ocrx_word' id='word_1_257' title='bbox 1501 1967 1575 1992; x_wconf 92' lang='lat' dir='ltr'>nec</span> <span class='ocrx_word' id='word_1_258' title='bbox 1604 1954 1784 1993; x_wconf 85' lang='lat' dir='ltr'>honestae</span> 
     </span>
     <span class='ocr_line' id='line_1_30' title="bbox 314 2014 1783 2069; baseline -0.001 -15"><span class='ocrx_word' id='word_1_259' title='bbox 314 2030 384 2056; x_wconf 90' lang='lat' dir='ltr'>nec</span> <span class='ocrx_word' id='word_1_260' title='bbox 418 2017 620 2069; x_wconf 79' lang='lat' dir='ltr'>flagitiosae</span> <span class='ocrx_word' id='word_1_261' title='bbox 653 2030 719 2069; x_wconf 90' lang='lat' dir='ltr'>per</span> <span class='ocrx_word' id='word_1_262' title='bbox 751 2029 835 2054; x_wconf 87' lang='lat' dir='ltr'>sese</span> <span class='ocrx_word' id='word_1_263' title='bbox 857 2016 948 2062; x_wconf 87' lang='lat' dir='ltr'>sint,</span> <span class='ocrx_word' id='word_1_264' title='bbox 975 2015 1045 2054; x_wconf 88' lang='lat' dir='ltr'>sed</span> <span class='ocrx_word' id='word_1_265' title='bbox 1070 2029 1138 2067; x_wconf 91' lang='lat' dir='ltr'>pro</span> <span class='ocrx_word' id='word_1_266' title='bbox 1172 2016 1319 2054; x_wconf 92' lang='lat' dir='ltr'>ratione</span> <span class='ocrx_word' id='word_1_267' title='bbox 1351 2015 1545 2053; x_wconf 90' lang='lat' dir='ltr'>utentium</span> <span class='ocrx_word' id='word_1_268' title='bbox 1573 2014 1783 2067; x_wconf 88' lang='lat' dir='ltr'>plurimum</span> 
     </span>
     <span class='ocr_line' id='line_1_31' title="bbox 312 2077 1781 2129; baseline -0.001 -12"><span class='ocrx_word' id='word_1_269' title='bbox 312 2079 475 2125; x_wconf 86' lang='lat' dir='ltr'>varient,</span> <span class='ocrx_word' id='word_1_270' title='bbox 497 2079 724 2117; x_wconf 88' lang='lat' dir='ltr'>temeritatis</span> <span class='ocrx_word' id='word_1_271' title='bbox 745 2091 829 2117; x_wconf 89' lang='lat' dir='ltr'>esse</span> <span class='ocrx_word' id='word_1_272' title='bbox 848 2091 927 2117; x_wconf 88' lang='lat' dir='ltr'>uno</span> <span class='ocrx_word' id='word_1_273' title='bbox 957 2078 1172 2129; x_wconf 89' lang='lat' dir='ltr'>eodemque</span> <span class='ocrx_word' id='word_1_274' title='bbox 1186 2078 1237 2116; x_wconf 91' lang='lat' dir='ltr'>de</span> <span class='ocrx_word' id='word_1_275' title='bbox 1257 2078 1429 2129; x_wconf 89' lang='lat' dir='ltr'>utrisque</span> <span class='ocrx_word' id='word_1_276' title='bbox 1449 2077 1568 2116; x_wconf 87' lang='lat' dir='ltr'>modo</span> <span class='ocrx_word' id='word_1_277' title='bbox 1586 2084 1781 2117; x_wconf 87' lang='lat' dir='ltr'>statuere:</span> 
     </span>
     <span class='ocr_line' id='line_1_32' title="bbox 314 2139 1784 2192; baseline -0.001 -13"><span class='ocrx_word' id='word_1_278' title='bbox 314 2140 466 2188; x_wconf 89' lang='lat' dir='ltr'>deinde,</span> <span class='ocrx_word' id='word_1_279' title='bbox 486 2141 658 2179; x_wconf 89' lang='lat' dir='ltr'>omnium</span> <span class='ocrx_word' id='word_1_280' title='bbox 678 2153 763 2178; x_wconf 89' lang='lat' dir='ltr'>esse</span> <span class='ocrx_word' id='word_1_281' title='bbox 799 2139 1119 2178; x_wconf 82' lang='lat' dir='ltr'>absurdissimum</span> <span class='ocrx_word' id='word_1_282' title='bbox 1136 2139 1286 2191; x_wconf 88' lang='lat' dir='ltr'>judico,</span> <span class='ocrx_word' id='word_1_283' title='bbox 1308 2152 1376 2178; x_wconf 87' lang='lat' dir='ltr'>eos</span> <span class='ocrx_word' id='word_1_284' title='bbox 1400 2139 1581 2178; x_wconf 88' lang='lat' dir='ltr'>admirari</span> <span class='ocrx_word' id='word_1_285' title='bbox 1610 2141 1675 2191; x_wconf 92' lang='lat' dir='ltr'>qui</span> <span class='ocrx_word' id='word_1_286' title='bbox 1696 2139 1784 2192; x_wconf 86' lang='lat' dir='ltr'>plu-</span> 
     </span>
     <span class='ocr_line' id='line_1_33' title="bbox 313 2201 1785 2253; baseline 0 -13"><span class='ocrx_word' id='word_1_287' title='bbox 313 2203 444 2248; x_wconf 86' lang='lat' dir='ltr'>rimos,</span> <span class='ocrx_word' id='word_1_288' title='bbox 464 2210 501 2242; x_wconf 83' lang='lat' dir='ltr'>et</span> <span class='ocrx_word' id='word_1_289' title='bbox 523 2202 861 2241; x_wconf 89' lang='lat' dir='ltr'>constantissimos</span> <span class='ocrx_word' id='word_1_290' title='bbox 883 2202 1026 2240; x_wconf 90' lang='lat' dir='ltr'>amicos</span> <span class='ocrx_word' id='word_1_291' title='bbox 1056 2201 1242 2248; x_wconf 88' lang='lat' dir='ltr'>habeant,</span> <span class='ocrx_word' id='word_1_292' title='bbox 1265 2208 1457 2240; x_wconf 88' lang='lat' dir='ltr'>amatores</span> <span class='ocrx_word' id='word_1_293' title='bbox 1484 2208 1613 2240; x_wconf 91' lang='lat' dir='ltr'>autem</span> <span class='ocrx_word' id='word_1_294' title='bbox 1641 2201 1785 2253; x_wconf 90' lang='lat' dir='ltr'>impro-</span> 
     </span>
     <span class='ocr_line' id='line_1_34' title="bbox 312 2263 1785 2315; baseline 0.001 -13"><span class='ocrx_word' id='word_1_295' title='bbox 312 2265 419 2310; x_wconf 88' lang='lat' dir='ltr'>bare,</span> <span class='ocrx_word' id='word_1_296' title='bbox 441 2265 579 2315; x_wconf 87' lang='lat' dir='ltr'>quibus</span> <span class='ocrx_word' id='word_1_297' title='bbox 600 2264 706 2310; x_wconf 89' lang='lat' dir='ltr'>solis,</span> <span class='ocrx_word' id='word_1_298' title='bbox 738 2277 812 2302; x_wconf 87' lang='lat' dir='ltr'>nec</span> <span class='ocrx_word' id='word_1_299' title='bbox 849 2264 895 2301; x_wconf 89' lang='lat' dir='ltr'>iis</span> <span class='ocrx_word' id='word_1_300' title='bbox 927 2270 1058 2302; x_wconf 89' lang='lat' dir='ltr'>tamen</span> <span class='ocrx_word' id='word_1_301' title='bbox 1093 2264 1287 2311; x_wconf 87' lang='lat' dir='ltr'>omnibus,</span> <span class='ocrx_word' id='word_1_302' title='bbox 1307 2263 1379 2301; x_wconf 88' lang='lat' dir='ltr'>sed</span> <span class='ocrx_word' id='word_1_303' title='bbox 1404 2263 1516 2302; x_wconf 86' lang='lat' dir='ltr'>bonis</span> <span class='ocrx_word' id='word_1_304' title='bbox 1534 2271 1574 2302; x_wconf 93' lang='lat' dir='ltr'>et</span> <span class='ocrx_word' id='word_1_305' title='bbox 1597 2264 1785 2303; x_wconf 86' lang='lat' dir='ltr'>modestis</span> 
     </span>
     <span class='ocr_line' id='line_1_35' title="bbox 313 2325 1784 2373; baseline 0 -9"><span class='ocrx_word' id='word_1_306' title='bbox 313 2326 518 2373; x_wconf 82' lang='lat' dir='ltr'>duntaxat,</span> <span class='ocrx_word' id='word_1_307' title='bbox 538 2325 769 2364; x_wconf 85' lang='lat' dir='ltr'>amasiorum</span> <span class='ocrx_word' id='word_1_308' title='bbox 789 2325 906 2363; x_wconf 87' lang='lat' dir='ltr'>animi</span> <span class='ocrx_word' id='word_1_309' title='bbox 931 2325 985 2363; x_wconf 88' lang='lat' dir='ltr'>sic</span> <span class='ocrx_word' id='word_1_310' title='bbox 1012 2325 1208 2364; x_wconf 89' lang='lat' dir='ltr'>conciliari</span> <span class='ocrx_word' id='word_1_311' title='bbox 1237 2325 1379 2372; x_wconf 89' lang='lat' dir='ltr'>solent,</span> <span class='ocrx_word' id='word_1_312' title='bbox 1401 2338 1446 2364; x_wconf 90' lang='lat' dir='ltr'>ac</span> <span class='ocrx_word' id='word_1_313' title='bbox 1466 2325 1557 2364; x_wconf 91' lang='lat' dir='ltr'>dedi</span> <span class='ocrx_word' id='word_1_314' title='bbox 1577 2333 1622 2364; x_wconf 90' lang='lat' dir='ltr'>ut</span> <span class='ocrx_word' id='word_1_315' title='bbox 1651 2339 1784 2364; x_wconf 89' lang='lat' dir='ltr'>eorum</span> 
     </span>
     <span class='ocr_line' id='line_1_36' title="bbox 314 2386 1781 2439; baseline 0 -13"><span class='ocrx_word' id='word_1_316' title='bbox 314 2401 400 2426; x_wconf 91' lang='lat' dir='ltr'>esse</span> <span class='ocrx_word' id='word_1_317' title='bbox 422 2387 562 2439; x_wconf 90' lang='lat' dir='ltr'>proprii</span> <span class='ocrx_word' id='word_1_318' title='bbox 580 2387 813 2425; x_wconf 85' lang='lat' dir='ltr'>videantur:</span> <span class='ocrx_word' id='word_1_319' title='bbox 838 2387 919 2438; x_wconf 88' lang='lat' dir='ltr'>jam</span> <span class='ocrx_word' id='word_1_320' title='bbox 946 2386 1033 2424; x_wconf 89' lang='lat' dir='ltr'>illos</span> <span class='ocrx_word' id='word_1_321' title='bbox 1055 2386 1119 2438; x_wconf 93' lang='lat' dir='ltr'>qui</span> <span class='ocrx_word' id='word_1_322' title='bbox 1148 2386 1294 2424; x_wconf 90' lang='lat' dir='ltr'>nullius</span> <span class='ocrx_word' id='word_1_323' title='bbox 1320 2387 1410 2425; x_wconf 90' lang='lat' dir='ltr'>talis</span> <span class='ocrx_word' id='word_1_324' title='bbox 1431 2387 1609 2426; x_wconf 85' lang='lat' dir='ltr'>amicitiae</span> <span class='ocrx_word' id='word_1_325' title='bbox 1629 2387 1781 2426; x_wconf 88' lang='lat' dir='ltr'>felicem</span> 
     </span>
     <span class='ocr_line' id='line_1_37' title="bbox 315 2448 1783 2500; baseline 0 -12"><span class='ocrx_word' id='word_1_326' title='bbox 315 2458 499 2488; x_wconf 84' lang='lat' dir='ltr'>eventum</span> <span class='ocrx_word' id='word_1_327' title='bbox 519 2449 712 2495; x_wconf 89' lang='lat' dir='ltr'>viderunt,</span> <span class='ocrx_word' id='word_1_328' title='bbox 732 2456 799 2487; x_wconf 90' lang='lat' dir='ltr'>aut</span> <span class='ocrx_word' id='word_1_329' title='bbox 831 2448 1065 2500; x_wconf 83' lang='lat' dir='ltr'>semetipsos</span> <span class='ocrx_word' id='word_1_330' title='bbox 1095 2455 1173 2486; x_wconf 90' lang='lat' dir='ltr'>tam</span> <span class='ocrx_word' id='word_1_331' title='bbox 1208 2448 1495 2487; x_wconf 77' lang='lat' dir='ltr'>incontinentes</span> <span class='ocrx_word' id='word_1_332' title='bbox 1519 2462 1606 2488; x_wconf 89' lang='lat' dir='ltr'>esse</span> <span class='ocrx_word' id='word_1_333' title='bbox 1637 2449 1783 2496; x_wconf 90' lang='lat' dir='ltr'>sciunt,</span> 
     </span>
     <span class='ocr_line' id='line_1_38' title="bbox 312 2510 1783 2562; baseline 0.001 -13"><span class='ocrx_word' id='word_1_334' title='bbox 312 2521 357 2549; x_wconf 89' lang='lat' dir='ltr'>ut</span> <span class='ocrx_word' id='word_1_335' title='bbox 374 2513 591 2551; x_wconf 88' lang='lat' dir='ltr'>modestam</span> <span class='ocrx_word' id='word_1_336' title='bbox 610 2525 699 2550; x_wconf 87' lang='lat' dir='ltr'>cum</span> <span class='ocrx_word' id='word_1_337' title='bbox 719 2510 971 2549; x_wconf 86' lang='lat' dir='ltr'>familiaribus</span> <span class='ocrx_word' id='word_1_338' title='bbox 990 2511 1134 2549; x_wconf 89' lang='lat' dir='ltr'>habere</span> <span class='ocrx_word' id='word_1_339' title='bbox 1154 2510 1477 2549; x_wconf 89' lang='lat' dir='ltr'>consuetudinem</span> <span class='ocrx_word' id='word_1_340' title='bbox 1498 2517 1709 2562; x_wconf 84' lang='lat' dir='ltr'>nequeant,</span> <span class='ocrx_word' id='word_1_341' title='bbox 1728 2512 1783 2550; x_wconf 85' lang='lat' dir='ltr'>ita</span> 
     </span>
     <span class='ocr_line' id='line_1_39' title="bbox 313 2572 1785 2624; baseline -0.001 -11"><span class='ocrx_word' id='word_1_342' title='bbox 313 2575 454 2613; x_wconf 80' lang='lat' dir='ltr'>sentire</span> <span class='ocrx_word' id='word_1_343' title='bbox 485 2574 650 2612; x_wconf 87' lang='lat' dir='ltr'>fortasse</span> <span class='ocrx_word' id='word_1_344' title='bbox 684 2573 778 2611; x_wconf 90' lang='lat' dir='ltr'>nihil</span> <span class='ocrx_word' id='word_1_345' title='bbox 808 2572 892 2610; x_wconf 88' lang='lat' dir='ltr'>miri</span> <span class='ocrx_word' id='word_1_346' title='bbox 913 2580 987 2619; x_wconf 82' lang='lat' dir='ltr'>est,</span> <span class='ocrx_word' id='word_1_347' title='bbox 1006 2572 1072 2623; x_wconf 87' lang='lat' dir='ltr'>qui</span> <span class='ocrx_word' id='word_1_348' title='bbox 1104 2579 1233 2610; x_wconf 83' lang='lat' dir='ltr'>autem</span> <span class='ocrx_word' id='word_1_349' title='bbox 1262 2573 1414 2620; x_wconf 90' lang='lat' dir='ltr'>eodem,</span> <span class='ocrx_word' id='word_1_350' title='bbox 1438 2586 1516 2624; x_wconf 94' lang='lat' dir='ltr'>quo</span> <span class='ocrx_word' id='word_1_351' title='bbox 1535 2579 1578 2611; x_wconf 91' lang='lat' dir='ltr'>tu</span> <span class='ocrx_word' id='word_1_352' title='bbox 1598 2573 1728 2611; x_wconf 91' lang='lat' dir='ltr'>animo</span> <span class='ocrx_word' id='word_1_353' title='bbox 1744 2582 1785 2612; x_wconf 89' lang='lat' dir='ltr'>et</span> 
     </span>
     <span class='ocr_line' id='line_1_40' title="bbox 312 2633 1785 2685; baseline 0.001 -12"><span class='ocrx_word' id='word_1_354' title='bbox 312 2635 534 2673; x_wconf 90' lang='lat' dir='ltr'>conditione</span> <span class='ocrx_word' id='word_1_355' title='bbox 555 2641 658 2681; x_wconf 88' lang='lat' dir='ltr'>sunt,</span> <span class='ocrx_word' id='word_1_356' title='bbox 678 2634 743 2685; x_wconf 87' lang='lat' dir='ltr'>qui</span> <span class='ocrx_word' id='word_1_357' title='bbox 775 2647 849 2672; x_wconf 90' lang='lat' dir='ltr'>nec</span> <span class='ocrx_word' id='word_1_358' title='bbox 882 2646 1039 2684; x_wconf 84' lang='lat' dir='ltr'>prorsus</span> <span class='ocrx_word' id='word_1_359' title='bbox 1070 2633 1263 2685; x_wconf 81' lang='lat' dir='ltr'>ignorant,</span> <span class='ocrx_word' id='word_1_360' title='bbox 1283 2641 1441 2685; x_wconf 88' lang='lat' dir='ltr'>quantae</span> <span class='ocrx_word' id='word_1_361' title='bbox 1469 2634 1785 2674; x_wconf 84' lang='lat' dir='ltr'>necessitudines</span> 
     </span>
     <span class='ocr_line' id='line_1_41' title="bbox 312 2696 1781 2750; baseline -0.001 -14"><span class='ocrx_word' id='word_1_362' title='bbox 312 2712 380 2750; x_wconf 83' lang='lat' dir='ltr'>per</span> <span class='ocrx_word' id='word_1_363' title='bbox 394 2711 562 2736; x_wconf 87' lang='lat' dir='ltr'>amorem</span> <span class='ocrx_word' id='word_1_364' title='bbox 584 2699 732 2748; x_wconf 88' lang='lat' dir='ltr'>absque</span> <span class='ocrx_word' id='word_1_365' title='bbox 751 2696 909 2734; x_wconf 88' lang='lat' dir='ltr'>infamia</span> <span class='ocrx_word' id='word_1_366' title='bbox 924 2697 1001 2734; x_wconf 90' lang='lat' dir='ltr'>sint</span> <span class='ocrx_word' id='word_1_367' title='bbox 1015 2703 1154 2744; x_wconf 86' lang='lat' dir='ltr'>auctae,</span> <span class='ocrx_word' id='word_1_368' title='bbox 1174 2703 1213 2734; x_wconf 88' lang='lat' dir='ltr'>et</span> <span class='ocrx_word' id='word_1_369' title='bbox 1232 2697 1438 2747; x_wconf 85' lang='lat' dir='ltr'>superioris</span> <span class='ocrx_word' id='word_1_370' title='bbox 1459 2696 1549 2735; x_wconf 83' lang='lat' dir='ltr'>vitae</span> <span class='ocrx_word' id='word_1_371' title='bbox 1570 2709 1652 2735; x_wconf 88' lang='lat' dir='ltr'>suae</span> <span class='ocrx_word' id='word_1_372' title='bbox 1680 2704 1781 2735; x_wconf 90' lang='lat' dir='ltr'>tcm-</span> 
     </span>
     <span class='ocr_line' id='line_1_42' title="bbox 311 2757 1781 2811; baseline 0 -14"><span class='ocrx_word' id='word_1_373' title='bbox 311 2773 383 2811; x_wconf 89' lang='lat' dir='ltr'>pus</span> <span class='ocrx_word' id='word_1_374' title='bbox 421 2772 510 2797; x_wconf 86' lang='lat' dir='ltr'>cum</span> <span class='ocrx_word' id='word_1_375' title='bbox 543 2758 777 2796; x_wconf 89' lang='lat' dir='ltr'>verecundia</span> <span class='ocrx_word' id='word_1_376' title='bbox 817 2765 1103 2809; x_wconf 85' lang='lat' dir='ltr'>transegerunt,</span> <span class='ocrx_word' id='word_1_377' title='bbox 1147 2757 1186 2795; x_wconf 91' lang='lat' dir='ltr'>in</span> <span class='ocrx_word' id='word_1_378' title='bbox 1224 2771 1291 2796; x_wconf 85' lang='lat' dir='ltr'>eos</span> <span class='ocrx_word' id='word_1_379' title='bbox 1325 2772 1374 2795; x_wconf 90' lang='lat' dir='ltr'>ne</span> <span class='ocrx_word' id='word_1_380' title='bbox 1408 2758 1580 2810; x_wconf 89' lang='lat' dir='ltr'>suspicio</span> <span class='ocrx_word' id='word_1_381' title='bbox 1623 2759 1781 2811; x_wconf 87' lang='lat' dir='ltr'>quidem</span> 
     </span>
     <span class='ocr_line' id='line_1_43' title="bbox 312 2820 1780 2872; baseline -0.001 -12"><span class='ocrx_word' id='word_1_382' title='bbox 312 2822 417 2860; x_wconf 86' lang='lat' dir='ltr'>cadit</span> <span class='ocrx_word' id='word_1_383' title='bbox 448 2821 564 2859; x_wconf 85' lang='lat' dir='ltr'>ullius</span> <span class='ocrx_word' id='word_1_384' title='bbox 593 2820 858 2872; x_wconf 87' lang='lat' dir='ltr'>turpitudinis.</span> <span class='ocrx_word' id='word_1_385' title='bbox 917 2820 1006 2864; x_wconf 86' lang='lat' dir='ltr'>Quo</span> <span class='ocrx_word' id='word_1_386' title='bbox 1036 2820 1158 2871; x_wconf 84' lang='lat' dir='ltr'>magis</span> <span class='ocrx_word' id='word_1_387' title='bbox 1190 2820 1307 2859; x_wconf 90' lang='lat' dir='ltr'>etiam</span> <span class='ocrx_word' id='word_1_388' title='bbox 1329 2820 1379 2858; x_wconf 88' lang='lat' dir='ltr'>ad</span> <span class='ocrx_word' id='word_1_389' title='bbox 1409 2820 1512 2860; x_wconf 89' lang='lat' dir='ltr'>hanc</span> <span class='ocrx_word' id='word_1_390' title='bbox 1537 2820 1780 2859; x_wconf 82' lang='lat' dir='ltr'>scribendam</span> 
     </span>
     <span class='ocr_line' id='line_1_44' title="bbox 311 2881 1780 2934; baseline -0.001 -13"><span class='ocrx_word' id='word_1_391' title='bbox 311 2884 521 2922; x_wconf 86' lang='lat' dir='ltr'>orationem</span> <span class='ocrx_word' id='word_1_392' title='bbox 541 2897 626 2922; x_wconf 90' lang='lat' dir='ltr'>sum</span> <span class='ocrx_word' id='word_1_393' title='bbox 647 2882 843 2930; x_wconf 88' lang='lat' dir='ltr'>incitatus,</span> <span class='ocrx_word' id='word_1_394' title='bbox 873 2882 979 2934; x_wconf 89' lang='lat' dir='ltr'>quod</span> <span class='ocrx_word' id='word_1_395' title='bbox 998 2882 1097 2920; x_wconf 89' lang='lat' dir='ltr'>duas</span> <span class='ocrx_word' id='word_1_396' title='bbox 1123 2895 1185 2920; x_wconf 90' lang='lat' dir='ltr'>res</span> <span class='ocrx_word' id='word_1_397' title='bbox 1203 2881 1485 2934; x_wconf 87' lang='lat' dir='ltr'>pulcherrimas</span> <span class='ocrx_word' id='word_1_398' title='bbox 1502 2883 1689 2934; x_wconf 87' lang='lat' dir='ltr'>consequi</span> <span class='ocrx_word' id='word_1_399' title='bbox 1716 2895 1780 2920; x_wconf 86' lang='lat' dir='ltr'>me</span> 
     </span>
     <span class='ocr_line' id='line_1_45' title="bbox 312 2944 1780 2996; baseline 0 -12"><span class='ocrx_word' id='word_1_400' title='bbox 312 2958 430 2996; x_wconf 88' lang='lat' dir='ltr'>posse</span> <span class='ocrx_word' id='word_1_401' title='bbox 467 2945 836 2985; x_wconf 80' lang='lat' dir='ltr'>animadvertebam.</span> <span class='ocrx_word' id='word_1_402' title='bbox 914 2945 1015 2985; x_wconf 85' lang='lat' dir='ltr'>Nam</span> <span class='ocrx_word' id='word_1_403' title='bbox 1054 2951 1136 2984; x_wconf 87' lang='lat' dir='ltr'>tum</span> <span class='ocrx_word' id='word_1_404' title='bbox 1161 2944 1273 2984; x_wconf 90' lang='lat' dir='ltr'>bonis</span> <span class='ocrx_word' id='word_1_405' title='bbox 1312 2945 1386 2984; x_wconf 86' lang='lat' dir='ltr'>tuis</span> <span class='ocrx_word' id='word_1_406' title='bbox 1421 2944 1780 2993; x_wconf 73' lang='lat' dir='ltr'>commemorandiS,</span> 
     </span>
    </p>
   </div>
  </div>
 </body>
</html>
