1981 3356
578 232 870 272 ADVERSUS
902 231 1248 270 APATURlUM.
1569 236 1659 271 525⁴

182 333 325 373 accidit
352 334 390 372 in
422 334 684 381 Chersoneso,
715 336 897 387 collapsis
918 335 1081 377 aedibus,
1102 341 1141 372 et
1160 347 1258 372 uxor
1276 335 1359 385 ejus
1380 342 1419 373 et
1437 335 1544 373 liberi
1566 348 1649 386 per-

182 397 323 434 ierunt.
380 397 468 441 Qua
494 398 577 449 ipse
607 398 829 436 calamitate
862 396 1007 444 audita,
1037 410 1135 435 nave
1169 409 1385 435 conscensa
1410 397 1499 435 hinc
1532 397 1649 435 abiit:

184 458 400 498 Aristocles
421 467 564 507 autem,
584 473 670 498 cum
688 459 877 498 Parmeno
897 460 1062 497 testibus
1083 458 1264 497 adhibitis
1284 459 1471 496 vetuisset
1489 472 1537 497 ne
1557 472 1650 497 con-

182 527 242 558 tra
260 534 303 559 se
323 523 469 573 absque
489 522 691 560 coarbitris
712 521 1000 573 pronunciaret,
1022 521 1175 558 homine
1205 527 1362 571 propter
1389 520 1649 559 calamitatem

181 582 272 621 hinc
292 584 481 635 profecto,
501 585 700 622 absentem
721 584 1008 622 condemnavit.
1046 583 1107 621 Ac
1122 595 1196 633 ego
1211 582 1366 633 quidem
1387 589 1426 620 et
1445 582 1650 622 Phocritus

182 644 221 682 in
252 645 390 683 eadem
421 646 598 696 pactione
626 645 771 697 scripti,
793 646 974 697 quoniam
1002 644 1072 683 iste
1099 645 1356 683 contenderat
1375 657 1452 682 non
1473 657 1560 683 esse
1579 646 1651 683 sibi

184 718 256 744 nos
276 705 452 753 arbitros,
473 707 732 745 abstinuimus
753 707 929 745 arbitrio:
959 706 1023 744 ille
1042 713 1187 751 autem,
1212 719 1301 744 cum
1329 719 1407 744 non
1427 706 1544 744 modo
1572 720 1651 745 non

181 779 426 812 concessum,
455 767 524 805 sed
548 767 793 806 interdictum
815 768 931 805 etiam
952 767 986 805 ei
1007 767 1395 814 esset,·nihilominus
1418 768 1651 806 sententiam

180 829 282 867 tulit.
341 829 386 866 Id
421 829 526 880 quod
556 843 683 881 neque
710 837 896 875 vestrum,
926 843 1051 880 neque
1086 829 1320 880 reliquorum
1352 829 1649 867 Atheniensium

181 890 310 929 facere
331 891 537 942 quisquam
561 892 733 930 auderet.
793 892 893 936 Quae
925 891 1042 942 igitur
1067 891 1105 928 in
1135 891 1346 930 abolitione
1374 892 1594 930 tabularum
1615 899 1654 931 et

183 951 224 988 in
256 952 448 991 sententia
478 954 624 992 arbitrii
643 953 853 1004 Apaturius
885 960 923 991 et
958 953 1099 991 arbiter
1131 953 1194 990 ille
1229 953 1498 1004 designarunt,
1528 954 1561 992 is
1591 954 1653 992 cui

180 1011 284 1052 faeta
304 1021 364 1051 est
382 1013 533 1063 injuria,
550 1014 581 1052 si
597 1014 756 1064 quando
777 1014 931 1052 redierit
949 1013 1170 1060 incolumis,
1186 1013 1415 1052 ulciscetur:
1444 1021 1652 1066 postquam

183 1080 313 1112 autem
333 1088 379 1113 eo
408 1076 600 1127 processit
626 1075 879 1126 impudentiae
901 1075 1125 1126 Apaturius,
1148 1082 1190 1112 ut
1218 1082 1257 1113 et
1282 1089 1343 1114 me
1374 1077 1412 1113 in
1429 1076 1496 1127 jus
1525 1083 1655 1122 vocet,

182 1149 228 1174 ac
261 1137 483 1175 criminetur
513 1151 588 1182 me,
609 1138 745 1188 quanti
778 1134 1030 1175 damnaretur
1062 1138 1270 1182 Parmeno,
1305 1138 1518 1176 soluturum
1548 1152 1654 1177 rece-

182 1198 298 1249 pisse,
320 1206 359 1236 et
377 1211 438 1236 me
460 1211 687 1249 sponsorem
708 1198 747 1235 in
766 1199 910 1236 tabulis
928 1199 1155 1250 inscriptum
1177 1212 1264 1236 esse
1284 1199 1374 1245 aiat,
1394 1199 1448 1237 ita
1467 1201 1522 1237 uti
1542 1200 1657 1239 decet

181 1259 261 1298 tale
286 1260 455 1299 refutare
483 1260 645 1307 crimen,
674 1261 837 1312 primum
868 1261 979 1298 vobis
1012 1261 1207 1298 adducam
1227 1267 1361 1308 testes,
1382 1273 1459 1299 non
1493 1275 1555 1300 me
1585 1275 1655 1313 pro

184 1322 445 1362 Parmenonte
492 1323 765 1374 spopondisse,
814 1323 884 1361 sed
922 1323 1163 1374 Archippum
1200 1322 1522 1375 Myrrhinusium‚
1570 1332 1657 1376 post

182 1385 297 1423 etiam
319 1385 559 1437 'argumentis
580 1398 642 1423 me
663 1385 887 1432 defendam,
908 1385 1083 1423 Judices.

236 1449 274 1485 7.
305 1448 394 1485 Jam
428 1447 594 1498 primum
622 1447 795 1485 omnium
829 1447 956 1498 ipsum
989 1447 1082 1484 mihi
1114 1454 1270 1499 tempus
1304 1449 1532 1486 ementitum
1567 1461 1653 1487 esse

183 1508 327 1547 crimen
359 1515 542 1547 testatur.
599 1509 936 1559 Compromissum
975 1509 1078 1546 enim
1120 1510 1168 1547 ab
1217 1509 1293 1547 isto
1326 1516 1365 1547 et
1396 1509 1654 1549 Parmenonte

183 1584 286 1609 anno
316 1570 455 1609 abhinc
479 1570 593 1608 tertio
624 1571 771 1608 factum
800 1577 873 1615 est,
904 1577 944 1607 et
975 1570 1146 1620 cognitio
1179 1569 1407 1608 Aristoclis:
1439 1572 1655 1610 sortitiones

184 1640 312 1671 autem
334 1631 571 1684 judiciorum
599 1632 879 1671 mercatoribus
911 1638 1116 1669 semestres
1138 1638 1229 1669 sunt
1249 1645 1272 1669 a
1294 1632 1428 1669 Sextili
1458 1646 1582 1683 usque
1606 1633 1655 1671 ad

185 1694 384 1741 Martium,
403 1700 448 1731 ut
461 1693 526 1745 jus
547 1706 660 1731 suum
684 1693 812 1731 statim
836 1693 967 1744 adepti
987 1693 1184 1744 navigent.
1243 1693 1359 1736 Quod
1380 1694 1410 1731 si
1431 1707 1504 1744 ego
1523 1708 1656 1733 revera

184 1768 349 1806 sponsor
371 1754 425 1792 fui
450 1754 737 1799 Parmenonfis,
758 1767 826 1792 cur
845 1755 1008 1805 primum
1031 1767 1110 1792 non
1131 1755 1276 1800 statim,
1296 1755 1401 1792 facta
1420 1757 1656 1807 cognitione,

183 1831 368 1870 sponsum
401 1816 612 1868 exigebat?
669 1816 755 1855 Nec
783 1817 883 1855 enim
908 1816 1060 1855 scilicet
1084 1816 1159 1855 hoc
1193 1818 1319 1855 dicere
1344 1825 1485 1868 potest,
1507 1832 1547 1857 se
1567 1833 1655 1871 pro-

183 1886 266 1932 pter
299 1879 508 1918 amicitiam
541 1886 712 1917 nostram
741 1879 949 1917 molestum
983 1892 1071 1917 esse
1105 1879 1198 1916 mihi
1227 1879 1424 1917 noluisse:
1456 1893 1529 1931 ego
1555 1883 1655 1920 enim

183 1942 288 1980 mille
310 1941 516 1980 drachmas
534 1941 806 1980 Parmenontis
821 1941 956 1980 odiose
978 1942 1026 1979 ab
1047 1954 1094 1979 eo
1114 1954 1334 1992 exegeram,
1355 1949 1394 1979 et
1412 1955 1500 1980 cum
1517 1957 1654 1982 navem

181 2003 441 2056 protraheret,
461 2003 563 2042 clam
583 2017 625 2041 se
644 2003 910 2041 subducturus
924 2009 964 2041 et
982 2002 1114 2041 debito
1134 2003 1329 2042 mensario
1349 2003 1611 2052 fraudaturus,
1632 2019 1655 2043 a

182 2079 245 2104 me
264 2065 479 2118 prohibitus
499 2065 639 2103 fuerat.
685 2065 866 2111 Proinde,
882 2065 913 2103 si
928 2078 1003 2115 ego
1017 2078 1088 2116 pro
1109 2065 1373 2103 Parmenonte
1391 2065 1509 2104 fidem
1527 2080 1653 2105 meam

183 2127 493 2173 obstrinxissem,
513 2140 591 2165 non
608 2127 723 2165 tertio
743 2140 847 2165 anno
861 2127 1033 2173 demum,
1048 2128 1119 2165 sed
1134 2135 1213 2165 tum
1237 2128 1364 2165 statim
1386 2141 1446 2165 me
1467 2128 1515 2165 de
1537 2142 1653 2180 spon-

185 2188 292 2227 sione
311 2187 559 2239 appellasset.
608 2189 659 2225 At
679 2188 906 2227 abundabat
922 2188 1062 2239 opibus
1083 2189 1212 2233 credo,
1232 2196 1276 2226 ut
1295 2189 1329 2226 ei
1349 2189 1464 2227 etiam
1487 2197 1576 2240 post
1594 2203 1655 2229 me

183 2249 389 2289 convenire
410 2249 557 2296 liceret,
578 2257 661 2287 tum
681 2262 772 2288 vero
801 2250 1025 2301 navigando
1047 2257 1132 2288 erat
1160 2250 1408 2301 occupatus?
1457 2251 1540 2289 Imo
1565 2265 1654 2303 pro-

184 2320 269 2364 pter
287 2311 456 2363 inopiam
480 2317 521 2349 et
546 2311 657 2350 bonis
683 2311 762 2350 suis
789 2318 975 2358 cesserat,
1006 2318 1046 2350 et
1077 2324 1214 2350 navem
1235 2312 1474 2351 vendiderat.
1532 2314 1594 2352 Ac
1614 2322 1657 2351 ut

183 2373 351 2412 maxime
368 2372 635 2424 impedimenti
657 2373 802 2424 aliquid
822 2373 856 2412 ei
874 2373 1070 2425 objectum
1096 2374 1146 2411 sit
1173 2387 1251 2425 quo
1275 2376 1400 2412 minus
1419 2382 1502 2412 tum
1524 2376 1654 2413 statim

183 2438 224 2475 in
237 2436 302 2487 jus
321 2448 382 2473 me
401 2441 572 2482 vocaret,
591 2437 842 2486 quamobrem
864 2448 968 2474 anno
987 2435 1182 2487 superiore
1210 2435 1272 2474 hic
1298 2444 1488 2483 versatus,
1508 2437 1652 2475 nedum

184 2499 221 2536 in
237 2498 302 2549 jus
316 2509 469 2544 vocare,
490 2497 561 2535 sed
581 2510 655 2536 nec
675 2497 870 2549 appellare
889 2510 949 2535 me
970 2510 1091 2536 ausus
1111 2497 1213 2536 fuit?
1244 2498 1368 2549 Atqui
1387 2499 1653 2544 conveniebat,

184 2560 218 2599 si
237 2566 277 2597 et
295 2558 488 2596 Parmeno
508 2558 658 2610 judicio
683 2560 816 2598 victus·
838 2559 871 2597 ei
899 2559 1080 2605 debebat,
1102 2566 1141 2598 et
1160 2573 1234 2611 ego
1253 2561 1549 2612 spoponderam,
1565 2574 1655 2599 eum

186 2621 236 2660 ad
265 2633 327 2659 me
355 2620 520 2658 testibus
551 2620 734 2659 adhibitis
766 2621 954 2660 accedere
987 2635 1251 2673 sponsumque
1280 2623 1491 2674 postulare,
1518 2623 1549 2661 si
1573 2636 1652 2661 non

185 2683 329 2721 abhinc
349 2681 476 2728 tertio,
498 2681 696 2732 superiore
724 2682 860 2720 saltem
882 2696 1002 2721 anno:
1035 2697 1097 2730 ac,
1129 2684 1159 2722 si
1188 2685 1467 2735 praestitissem,
1489 2684 1652 2735 auferre,

187 2744 246 2782 sin
266 2743 407 2789 minus,
424 2743 573 2795 judicio
589 2744 770 2795 experiri.
803 2745 846 2782 In
868 2745 1009 2784 talibus
1030 2746 1132 2784 enim
1153 2746 1281 2784 causis
1302 2759 1436 2784 omnes
1454 2747 1651 2796 postulare

187 2807 308 2858 prius,
326 2818 445 2857 quam
478 2805 516 2843 in
547 2806 631 2844 foro
663 2807 912 2852 contendere,
934 2815 1233 2846 consueverunt.
1293 2808 1418 2846 Nemo
1444 2816 1570 2846 autem
1592 2817 1650 2847 est

189 2869 256 2920 qui
282 2875 491 2909 testaturus
520 2868 569 2907 sit
587 2882 627 2908 se
648 2869 819 2916 affuisse,
840 2883 929 2908 cum
948 2871 1021 2909 iste
1043 2871 1104 2909 vel
1123 2871 1316 2922 superiore
1337 2884 1439 2909 anuo
1458 2871 1518 2909 vel
1541 2872 1651 2910 tertio

189 2930 329 2969 abhinc
350 2938 417 2969 aut
435 2931 534 2969 diem
560 2931 651 2969 mihi
685 2931 836 2978 dixerit,
863 2940 926 2970 aut
955 2933 1077 2970 ullum
1102 2933 1202 2983 apud
1233 2945 1292 2969 me
1318 2933 1473 2970 verbum
1505 2933 1650 2976 fecerit,
