1915 3356
648 205 705 242 IN
738 204 1185 246 CTESIPHONTEM.
1576 206 1646 242 lll

181 309 299 361 jerat,
333 319 561 361 semperque
599 309 703 361 apud
741 309 900 348 eosdem
938 307 1009 346 sibi
1041 308 1158 347 fidem
1187 321 1275 347 esse
1304 310 1435 359 jurato
1468 307 1655 359 postulat,

185 370 352 410 duorum
383 371 546 410 alterum
576 378 784 424 suppetere
804 377 995 424 oportere,
1017 384 1181 422 quorum
1209 379 1390 410 neutrum
1419 379 1654 410 consecutus

185 439 246 470 est
265 433 565 481 Demosthenes,
585 441 653 473 aut
672 434 765 472 deos
785 446 906 472 novos
927 440 995 471 aut
1014 446 1092 471 non
1112 433 1274 472 eosdem
1297 434 1505 472 auditores.
1562 434 1588 471 J
1592 446 1655 471 am

186 494 292 545 quod
313 494 365 534 ad
387 496 584 548 lacrymas
602 497 743 535 attinet
771 502 812 534 et
831 496 1119 534 contentionem
1148 497 1270 542 vocis,
1297 510 1386 534 cum
1405 509 1474 534 vos
1504 495 1656 546 rogabit

185 568 280 606 quo
314 557 474 595 confu
491 558 642 609 giam,
677 557 988 596 Atheniens
1005 556 1094 595 es?
1130 556 1551 595 circumscribatis
1581 569 1654 594 me

186 630 246 654 ex
278 619 594 670 republica;
624 632 724 657 non
757 626 838 658 est
865 633 967 671 quo
1000 634 1068 659 me
1097 620 1367 672 recipiam,
1395 618 1482 657 haec
1502 619 1536 657 ei
1562 631 1654 657 con-

187 684 250 716 tra
281 671 422 718 referte
460 686 511 718 at
547 681 751 733 populu
769 695 785 720 s
824 682 1187 720 Atheniensis
1222 694 1322 732 quo
1358 680 1653 730 confugiet,

189 739 560 779 Demosthene
578 742 624 779 s?
665 742 725 780 ad
754 756 901 793 quem
934 743 1203 781 sociorum
1243 747 1551 793 apparatum
1579 741 1657 778 vel

188 801 253 838 ad
295 814 442 851 quam
478 804 786 852 pecuniam?
837 817 947 852 quae
995 804 1109 839 dum
1137 811 1199 839 .tu
1248 815 1402 852 remp.
1451 815 1658 853 gereres

188 864 383 916 populo
420 865 753 902 munimenta
789 863 1152 914 comparasti?
1201 877 1316 902 nam
1354 864 1548 915 quibus
1586 878 1658 903 re-

187 927 284 964 bus
321 926 421 964 tibi
457 925 560 977 ipsi
601 925 967 971 consulueris,
1004 938 1183 963 omnes
1221 940 1240 962 v
1258 926 1474 964 idemus.
1518 927 1656 965 Urbe

190 987 328 1025 enim
369 987 573 1026 relicta
603 1000 716 1034 non,
761 994 816 1024 ut
859 993 907 1024 te
944 986 1115 1024 videri
1164 986 1316 1032 velis,
1363 986 1410 1023 in
1454 986 1656 1025 Piraeeo

189 1049 424 1097 habitas,
463 1049 557 1088 sed.
594 1050 776 1101 fugam
821 1062 879 1087 ex
916 1048 1145 1087 civitate
1183 1055 1410 1100 spectas,
1444 1049 1657 1100 jamque

191 1111 419 1162 ignaviae
452 1119 551 1150 tuae
585 1110 801 1150 viatica
827 1111 1122 1163 providisti
1157 1123 1336 1149 aurum
1375 1110 1569 1162 regium
1609 1120 1659 1152 et

191 1174 448 1224 peculatu
480 1174 740 1225 quaesitas
771 1187 911 1225 opeS.

244 1237 309 1274 73.
339 1236 520 1288 Denique
553 1249 736 1287 quorsum
771 1236 984 1287 lacrymae?
1026 1249 1211 1286 quorsum
1242 1235 1430 1287 ejulatio?
1474 1248 1661 1287 quorsum

193 1302 304 1335 tanta
330 1297 397 1335 illa
416 1298 525 1336 vocis
548 1299 746 1336 contentio
761 1298 778 1335 ’ζ
811 1299 953 1336 Nonne
973 1299 1004 1335 is
1031 1299 1096 1348 qui
1126 1311 1286 1336 causam
1316 1297 1412 1335 dicit
1446 1297 1664 1348 Ctesiphon

191 1365 266 1406 est,
285 1371 482 1412 causaque
496 1360 583 1411 ipsa
596 1373 841 1411 nequaquam
859 1373 905 1397 ex
925 1359 970 1397 iis
988 1373 1074 1410 quae
1094 1373 1247 1411 poenam
1263 1360 1412 1397 habent
1425 1359 1575 1410 legibus
1596 1360 1665 1397 de-

194 1421 356 1468 finitam,
373 1428 416 1459 tu
434 1435 526 1460 vero
543 1435 668 1472 neque
685 1422 734 1460 de
753 1422 918 1460 fortunis
933 1434 1060 1472 neque
1080 1422 1128 1459 de
1145 1422 1224 1460 vita
1238 1435 1365 1472 neque
1379 1421 1665 1460 existimatione

194 1489 262 1520 tua
282 1482 475 1521 decertas.
520 1484 610 1527 Qua
625 1483 783 1522 tandem
804 1483 920 1534 igitur
940 1483 989 1521 de
1009 1496 1048 1521 re
1069 1483 1251 1521 laborat?
1281 1484 1343 1520 De
1363 1483 1490 1521 aureis
1511 1484 1665 1522 coronis

194 1550 234 1582 et
253 1545 456 1595 praeconiis
485 1544 522 1583 in
553 1546 704 1584 theatro
723 1545 877 1596 legibus
897 1545 1128 1583 interdictis.
1172 1547 1314 1590 Quem,
1343 1544 1374 1582 si
1402 1546 1569 1595 populus
1599 1553 1666 1583 aut

193 1605 324 1644 furore
351 1619 528 1658 praeceps
559 1614 627 1645 aut
651 1607 856 1658 proesentis
884 1619 1013 1644 rerum
1040 1613 1165 1644 status
1193 1608 1394 1644 immemor
1426 1614 1506 1644 tam
1539 1607 1666 1645 alieno

194 1672 369 1719 tempore
394 1680 483 1706 eum
510 1681 656 1707 corona
675 1669 822 1707 donare
850 1668 980 1712 vellet,
1005 1667 1044 1705 in
1072 1668 1299 1706 concionem
1328 1681 1580 1720 progressum
1609 1668 1667 1706 di-

197 1728 305 1767 xisse
356 1730 573 1781 oportebat,
623 1730 1007 1776 Athenienses,
1045 1743 1103 1768 co
1120 1744 1303 1769 ronam
1340 1730 1547 1781 quidem
1585 1744 1664 1769 ac-

199 1791 360 1842 cipio,
394 1798 607 1843 tempus
648 1800 833 1838 autem,
881 1792 928 1830 in
960 1804 1061 1843 quo
1100 1792 1154 1830 fit
1186 1793 1527 1843 praeconium,
1563 1806 1666 1831 non

197 1853 390 1904 probo:
424 1866 522 1891 nec
559 1854 693 1892 enim
724 1855 892 1901 decet,
931 1860 1153 1905 propter
1186 1868 1296 1905 quae
1345 1855 1668 1906 respublica

198 1914 352 1953 luctu
402 1917 592 1954 obruta
638 1924 723 1954 est
770 1923 821 1954 et
869 1928 1070 1954 comam
1129 1916 1390 1962 totondit,
1443 1923 1668 1968 propter

199 1990 221 2015 e
235 1989 258 2014 a
305 1990 343 2014 m
357 1990 379 2015 e
424 1990 445 2016 c
458 1990 482 2015 o
497 1991 514 2015 r
528 1990 551 2015 o
564 1991 590 2015 n
603 1991 627 2016 a
674 1978 702 2018 d
713 1991 736 2016 o
750 1991 773 2015 n
785 1991 806 2016 a
818 1991 835 2015 r
850 1978 875 2016 i.
926 1978 1017 2016 Hac
1045 1978 1182 2028 opinor
1209 1979 1384 2016 oratione
1412 1984 1586 2016 uteretur
1614 1978 1670 2015 vir

199 2039 342 2086 bonus,
367 2038 432 2089 qui
451 2039 568 2076 vitam
597 2052 687 2078 cum
717 2052 809 2078 vera
841 2040 981 2077 virtute
1012 2039 1262 2090 conjunctam
1292 2040 1451 2078 vixisset
1466 2053 1475 2077 :
1506 2054 1593 2090 quae
1626 2048 1670 2078 tu

202 2099 311 2137 dices
342 2112 448 2145 vero,
481 2100 659 2138 scelerati
688 2108 780 2138 sunt
799 2100 1004 2139 nebulonis
1025 2100 1177 2138 inanem
1198 2101 1349 2140 virtutis
1378 2102 1555 2139 umbram
1576 2114 1670 2140 con-

202 2160 403 2200 sectantis.

257 2224 323 2261 74.
363 2223 504 2273 Neque
529 2223 631 2262 enim
650 2223 872 2262 mehercule
892 2223 967 2262 hoc
987 2224 1195 2275 quisquam
1215 2231 1386 2264 vestrum
1405 2226 1670 2276 pertimescat,

201 2297 250 2323 ne
266 2284 573 2332 Demosthenes,
594 2286 725 2337 magni
741 2285 797 2324 vir
811 2285 929 2324 animi
949 2291 989 2324 et
1005 2286 1147 2324 virtute
1159 2287 1300 2326 bellica
1316 2287 1556 2340 praecellens,
1574 2301 1671 2339 prae-

203 2347 290 2385 miis
311 2347 547 2385 fortitudinis
579 2347 790 2387 frustratus
812 2362 854 2387 se
882 2348 1040 2387 domum
1062 2362 1237 2388 reversus
1257 2350 1489 2393 interficiat:
1521 2350 1586 2401 qui
1609 2363 1673 2388 us-

203 2422 282 2460 que
303 2409 403 2447 adeo
420 2409 548 2448 laudis
574 2417 615 2448 et
633 2410 767 2461 gloriae
797 2411 902 2462 apud
920 2425 990 2449 vos
1016 2411 1188 2450 studium
1211 2412 1374 2459 deridet,
1396 2420 1439 2451 ut
1458 2412 1673 2450 nefandum

203 2469 302 2508 illud
314 2477 434 2521 caput
445 2477 486 2509 et
504 2472 718 2511 rationibus
736 2473 949 2515 referendis
965 2474 1189 2522 obnoxium,
1209 2475 1313 2527 quod
1330 2476 1401 2513 iste
1415 2484 1550 2513 contra
1565 2475 1673 2526 leges

205 2545 341 2571 omnes
361 2533 627 2575 coronandum
648 2535 831 2579 decrevit,
854 2536 985 2575 decies
1011 2536 1152 2575 millies
1174 2537 1419 2584 dissecuerit,
1441 2539 1600 2589 ejusque
1622 2537 1675 2576 rei

208 2596 423 2634 uberrimam
437 2596 658 2636 mercedem
674 2598 776 2645 tulit,
791 2600 1107 2637 accusationibus
1128 2600 1176 2638 de
1193 2600 1351 2638 vulnere
1367 2599 1546 2638 consulto
1566 2600 1675 2637 illato

207 2657 409 2705 institutis,
430 2659 649 2710 pugnisque
668 2659 723 2699 ita
743 2667 804 2699 est
822 2674 846 2699 a
866 2661 994 2699 Midia
1007 2661 1203 2708 concisus,
1224 2668 1266 2699 ut
1279 2675 1410 2699 eorum
1432 2661 1587 2699 credam
1608 2674 1675 2699 ve-

209 2720 326 2771 stigia
343 2719 472 2759 adhuc
498 2721 538 2759 in
558 2734 719 2775 corpore
739 2723 821 2775 ejus
850 2723 1031 2762 eminere.
1071 2724 1202 2761 Homo
1222 2723 1324 2761 enim
1355 2737 1432 2762 nou
1453 2729 1531 2760 tam
1559 2730 1678 2774 caput

211 2787 356 2832 gestat,
375 2794 491 2833 quam
510 2781 799 2835 capitularium.

267 2844 335 2881 75.
365 2843 455 2882 Jam
487 2858 600 2896 porro
623 2846 672 2884 de
699 2845 971 2897 Ctesiphonte,
1005 2847 1070 2898 qui
1098 2848 1237 2885 scitum
1256 2848 1331 2885 hoc
1358 2846 1526 2898 scripsit,
1551 2859 1682 2898 pauca

213 2903 308 2942 mihi
325 2904 496 2944 dicenda
513 2913 630 2952 sunt;
660 2909 785 2946 multa
801 2914 931 2947 autem
952 2909 1168 2959 praeteribo,
1191 2916 1235 2947 ut
1262 2910 1379 2947 vestri
1409 2909 1547 2947 faciam
1579 2909 1679 2959 peri-

214 2965 361 3015 culum,
376 2973 505 3006 utrum
518 2967 696 3009 homines
711 2969 955 3022 improbitate
970 2971 1240 3022 praecellentes
1258 2971 1329 3023 ipsi
1344 2984 1412 3022 per
1431 2984 1516 3018 vos,
1531 2969 1682 3009 etiarnsi
