1915 3356
461 202 535 240 DE
567 202 724 240 MALE
757 202 933 240 GESTA
968 201 1298 240 LEGATIONE.
1568 205 1614 240 51

153 303 274 351 vistis,
295 304 403 343 nulla
423 306 527 344 facta
545 313 603 344 est
622 305 767 344 mentio
788 303 1068 354 Cersobleptis.
1098 305 1188 342 Jam
1219 318 1307 343 vero
1335 304 1448 342 nobis
1470 304 1519 342 ad
1540 305 1618 342 exi-

152 366 322 417 gendum
337 367 614 419 jusjurandum
637 367 814 410 delectis,
844 364 1017 402 nondum
1039 377 1128 401 vero
1158 366 1206 402 ad
1228 367 1479 415 posteriorem
1510 365 1619 416 lega-

150 427 294 465 tionem
313 429 514 479 profectis,
535 430 672 467 concio
693 429 747 473 fit,
769 428 806 464 in
836 439 913 477 qua
935 425 1208 471 Demostheni,
1232 427 1297 476 qui
1329 441 1433 465 nunc
1463 440 1524 465 me
1553 440 1618 465 ac-

150 496 276 534 cusat,
297 490 453 527 obvenit
474 497 517 527 ut
536 490 774 541 praesideret.
817 488 863 524 In
892 500 937 525 ea
965 488 1154 525 concione
1186 487 1412 526 Critobulus
1434 489 1618 539 Lampsa-

151 563 274 589 cenus
293 564 522 602 progressus
543 551 655 595 dixit,
684 563 724 587 se
755 550 916 587 missum
937 562 1023 586 esse
1043 562 1065 586 a
1094 548 1364 599 Cersoblepte,
1386 550 1452 599 qui
1474 556 1622 600 peteret

150 618 195 649 ut
214 611 489 663 jusjurandum
509 611 675 662 Philippi
696 611 836 661 legatis
867 611 1040 655 daretur,
1062 617 1101 648 et
1127 609 1402 660 Cersobleptes
1432 610 1529 647 inter
1556 624 1619 648 ve-

151 680 252 711 stros
275 674 401 712 socios
416 673 703 711 inscriberetur.
735 674 823 710 Hac
843 674 1016 710 oratione
1033 672 1178 716 habita,
1197 671 1478 709 Aleximachus
1496 672 1622 710 Galea

151 734 351 772 decretum
372 735 604 785 praesidibus
624 735 838 786 legendum
859 734 941 779 dat,
962 734 1001 771 in
1019 747 1095 784 quo
1117 733 1303 784 scriptum
1325 740 1420 777 erat,
1443 740 1486 770 ut
1504 734 1536 770 is
1557 733 1623 783 qui

150 808 174 833 a
201 796 459 847 Cersoblepte
488 796 675 842 venisset,
703 796 978 847 jusjurandum
1010 795 1189 846 Philippo
1219 807 1308 833 cum
1338 795 1476 832 ceteris
1507 794 1621 832 sociis

148 857 274 895 daret.
314 858 495 896 Recitato
517 859 788 903 decreto,—et
807 857 880 895 hoc
899 871 966 895 vos
988 870 1123 894 omnes
1149 857 1311 894 arbitror
1330 856 1619 900 meminisse—,

148 919 317 957 surrexit
330 919 616 958 Demosthenes
628 933 650 956 a
661 919 905 970 praesidibus,
918 931 1037 970 seque
1052 919 1091 956 id
1105 918 1307 956 decretum
1319 920 1621 968 approbaturum

147 993 234 1018 esse
253 980 425 1031 negavit,
442 994 569 1031 neque
585 982 728 1019 factam
741 993 828 1018 cum
851 980 1029 1032 Philippo
1045 993 1181 1031 pacem
1201 980 1346 1018 irritam
1363 980 1619 1023 redditurum,

147 1054 275 1091 neque
296 1055 507 1092 agnoscere
538 1043 680 1086 socios,
702 1043 766 1092 qui
787 1049 973 1092 tanquam
993 1042 1030 1078 in
1053 1042 1315 1088 libationibus,
1337 1055 1474 1080 manus
1501 1042 1621 1080 sacris

149 1103 428 1141 admoverent:
459 1103 530 1141 sed
552 1102 601 1141 de
629 1103 690 1141 his
711 1103 823 1140 aliam
846 1116 931 1141 esse
958 1104 1189 1141 concionem
1219 1103 1478 1141 indicendam.
1530 1104 1622 1141 Cla-

148 1165 347 1203 mantibus
371 1172 500 1203 autem
527 1164 652 1210 vobis,
673 1173 712 1203 et
736 1165 923 1216 praesides
951 1165 1000 1202 ad
1032 1172 1265 1215 suggestum
1292 1166 1534 1209 vocantibus,
1567 1166 1621 1203 sic

147 1226 269 1264 invito
288 1227 361 1264 isto
375 1228 668 1277 comprobatum
686 1234 746 1264 est
763 1227 975 1264 decretum.
1014 1228 1114 1269 Quae
1135 1233 1179 1264 ut
1199 1240 1288 1265 vere
1309 1240 1332 1265 a
1352 1241 1411 1265 me
1432 1228 1507 1266 dici
1529 1241 1621 1267 con-

147 1294 241 1333 stet,
274 1300 373 1326 voca
392 1288 484 1325 mihi
517 1288 830 1333 Aleximachum,
851 1288 918 1338 qui
950 1288 1150 1325 decretum
1177 1288 1347 1340 scripsit,
1377 1297 1416 1327 et
1447 1289 1618 1341 collegas

150 1351 439 1399 Demosthenis,
458 1364 503 1389 ac
521 1351 786 1389 testimonium
805 1350 939 1388 recita.

255 1450 655 1518 TESTIMONIUM
687 1478 1087 1517 DEMOSTHENIS
1119 1479 1523 1517 COLLEGARUM.

203 1568 270 1604 27.
301 1566 339 1604 Is
361 1567 492 1618 igitur,
524 1567 589 1617 qui
621 1567 736 1605 modo
763 1567 827 1605 hic
849 1567 898 1604 ad
921 1565 1188 1617 Cersobleptis
1214 1565 1449 1604 mentionem
1471 1565 1622 1617 illacry-

149 1628 281 1674 mavit,
297 1628 483 1666 societate
502 1627 608 1666 illum
631 1628 815 1666 exclusit.
847 1629 901 1666 Ut
915 1641 1004 1665 vero
1026 1640 1071 1666 ea
1092 1627 1230 1666 concio
1259 1627 1420 1666 dimissa
1444 1626 1530 1673 fuit,
1552 1627 1622 1664 foe-

149 1689 304 1730 deratos
325 1690 493 1742 Philippi
507 1690 626 1741 legati
641 1690 895 1742 jurejurando
916 1690 952 1727 in
973 1697 1102 1727 vestro
1122 1690 1302 1740 praetorio
1322 1690 1622 1727 obstrinxerunt.

152 1753 287 1790 Ausus
308 1755 438 1791 au'tem
459 1761 519 1791 est
537 1753 587 1791 ad
617 1766 684 1790 vos
707 1753 835 1790 dicere
862 1760 1081 1796 accusator,
1103 1766 1164 1790 me
1197 1751 1454 1797 Critobulum,
1483 1752 1624 1789 Cerso-

149 1814 291 1866 bl‘eptis
305 1815 494 1865 legatum,
509 1828 532 1853 a
547 1815 666 1853 sacris
689 1814 891 1866 repulisse,
909 1826 998 1851 cum
1019 1821 1057 1851 et
1071 1814 1166 1851 socii
1186 1813 1381 1859 adessent,
1401 1819 1440 1850 et
1454 1812 1623 1863 populus

149 1875 341 1923 scivisset,
364 1882 405 1914 et
425 1876 545 1914 duces
566 1876 795 1913 assiderent.
837 1875 951 1912 Unde
974 1882 1099 1912 tantas
1121 1875 1219 1912 vires
1247 1873 1407 1924 accepi?
1438 1875 1518 1911 Aut
1544 1886 1623 1923 quo

149 1944 266 1988 pacto
281 1950 340 1976 res
359 1938 479 1976 tacita
499 1937 590 1975 est?
620 1936 738 1979 Quod
760 1936 793 1974 si
812 1936 917 1973 istud
939 1949 1012 1986 ego
1034 1935 1185 1973 facinus
1202 1948 1280 1972 non
1295 1934 1622 1979 reformidassem,

150 2005 193 2037 tu
219 2012 357 2051 passus
391 2012 510 2045 esses,
551 1997 870 2036 Demosthenes?
915 1997 1004 2035 Non
1038 1995 1379 2034 vociferationibus
1404 2003 1442 2033 et
1478 1994 1623 2033 clamo·

150 2060 256 2099 ribus
272 2061 398 2099 forum
420 2060 674 2111 complesses,
696 2072 784 2097 cum
805 2058 958 2095 videres
987 2070 1062 2103 me,
1091 2064 1134 2094 ut
1154 2056 1272 2094 modo
1291 2055 1437 2101 aiebas,
1461 2069 1483 2093 a
1503 2057 1624 2094 sacris

150 2122 324 2174 legatum
344 2122 560 2174 repellere?
589 2122 780 2159 Accersat
801 2119 891 2157 mihi
915 2120 1036 2158 duces
1057 2132 1200 2170 praeco,
1221 2125 1261 2156 et
1282 2118 1476 2156 sociorum
1497 2131 1624 2157 asses-

152 2199 276 2233 sores,
298 2194 342 2225 ut
361 2199 497 2225 eorum
509 2184 732 2224 testimonia
749 2183 932 2222 audiatis.

709 2304 1069 2344 TESTIMONIA.

152 2396 295 2434 Nonne
313 2394 554 2433 intolerabile
573 2399 646 2439 est,
673 2393 948 2439 Athenienses,
969 2393 1001 2430 si
1021 2391 1106 2442 quis
1126 2396 1262 2429 contra
1276 2388 1467 2428 hominem
1489 2388 1625 2435 civem,

151 2471 230 2495 non
247 2471 374 2503 suum,
394 2457 464 2495 sed
481 2455 780 2494 vestrum—hoc
801 2455 903 2493 enim
924 2454 961 2491 in
981 2454 1111 2505 primis
1133 2452 1400 2503 distinguo—,
1422 2458 1530 2489 tanta
1546 2463 1624 2488 non

154 2526 308 2558 veretur
339 2518 543 2557 mendacia
571 2516 824 2568 comminisci,
856 2517 995 2567 quibus
1026 2515 1065 2552 in
1093 2513 1233 2566 capitis
1263 2513 1470 2551 discrimen
1502 2511 1625 2549 addu-

153 2579 294 2618 catur?
323 2580 537 2618 Maximam
569 2578 685 2629 igitur
719 2578 1018 2631 appobationem
1051 2583 1219 2614 meretur
1249 2576 1280 2612 is
1315 2587 1415 2618 mos,
1448 2574 1559 2624 cujus
1587 2573 1626 2610 in

155 2642 384 2694 capitalibus
423 2642 475 2681 ad
507 2641 729 2680 Palladium
757 2641 886 2680 causis
916 2646 1046 2691 patres
1081 2637 1202 2675 nostri
1233 2642 1410 2674 auctores
1440 2634 1625 2672 fuerunt:

154 2717 242 2744 cum
270 2703 437 2742 victimis
470 2703 663 2750 secandis,
694 2716 761 2742 eos
792 2702 857 2752 qui
888 2700 1074 2751 suffragio
1106 2699 1324 2750 superiores
1349 2703 1452 2741 sunt,
1478 2696 1626 2746 jureju-

152 2765 277 2805 rando
297 2766 716 2818 obstringunt—idque
741 2764 850 2803 vobis
880 2763 996 2801 etiam
1026 2774 1132 2799 nunc
1152 2760 1320 2812 patrium
1351 2765 1534 2796 est—eos
1561 2756 1628 2807 ju,

153 2828 260 2873 dices
280 2840 370 2867 vere
385 2828 568 2879 justeque
593 2827 883 2880 pronunciasse,
903 2825 969 2876 qui
990 2823 1214 2874 suffragium
1243 2833 1312 2872 pro
1335 2833 1375 2857 se
1396 2819 1567 2863 tulerint,
1589 2826 1629 2855 et

155 2890 305 2928 nullum
322 2883 465 2928 dixi'sse
478 2889 751 2928 mendacium:
782 2888 887 2940 quod
908 2887 946 2924 ni
965 2886 1020 2924 ita
1039 2886 1095 2930 fit,
1114 2884 1186 2922 sibi
1207 2891 1247 2920 et
1263 2881 1419 2920 familiae
1440 2893 1521 2918 suae
1543 2879 1627 2917 exi-

156 2951 251 2990 tium
281 2952 563 3004 imprecantur:
589 2950 788 3003 judicibus
815 2956 946 2988 autem
966 2947 1110 2999 optima
1131 2957 1297 2996 quaeque
1325 2949 1364 2981 et
1390 2941 1626 2982 faustissima
