1948 3306
349 156 371 189 8
768 152 997 190 CONTRA
1029 153 1387 191 TIMARCHUM.

346 262 463 293 recte.
495 254 584 293 Non
605 255 809 305 ignorabat
827 256 1003 293 nimirum
1031 255 1243 306 legislator,
1269 256 1307 293 in
1329 262 1423 294 natu
1444 256 1652 307 majoribus
1686 257 1815 308 vigere

344 316 592 367 prudentiam
611 317 833 365 (audaciam
857 324 986 355 autem
1007 318 1174 368 incipere
1188 318 1270 368 jam
1291 317 1458 355 deficere
1483 318 1521 354 in
1540 318 1612 366 eis)
1630 319 1680 356 ob
1703 331 1817 356 usum

345 391 485 416 rerum.
517 377 664 415 Volens
681 378 798 428 igitur
819 379 1140 429 prudentissimos
1159 391 1337 429 quosque
1353 379 1646 425 consuefacere,
1666 386 1709 416 ut
1729 392 1818 417 sen-

346 441 507 478 tentiam
525 441 746 478 necessario
761 441 832 479 sibi
851 441 1059 478 dicendam
1080 448 1287 491 putarent:
1318 454 1405 478 cum
1421 441 1726 492 uniuscujusque
1746 454 1816 479 no-

346 502 520 540 minatim
542 502 765 553 appellandi
785 502 1011 540 facultatem
1029 515 1108 539 non
1132 502 1308 548 haberet,
1330 501 1525 540 communi
1548 502 1666 540 totius
1691 502 1818 540 aetatis

346 564 578 615 cognomine
597 572 800 615 usurpato,
821 564 871 601 ad
892 570 1123 613 suggestum
1145 577 1212 601 eos
1233 569 1360 611 vocat,
1376 570 1414 602 et
1433 564 1483 602 ad
1501 563 1704 602 habendas
1724 576 1819 601 con-

346 626 477 664 ciones
493 626 744 664 adhortatur:
775 625 989 675 eademque
1004 637 1121 676 opera
1140 626 1256 663 etiam
1274 626 1543 664 adolescentes
1562 625 1835 663 reverentiaml

346 701 439 738 erga
465 688 637 725 seniores
657 687 918 726 adhibendam
940 699 1026 725 esse
1046 686 1176 733 docet,
1196 687 1328 738 eisque
1348 688 1515 739 priorem
1541 687 1579 724 in
1599 688 1715 724 rebus
1736 700 1819 725 om-

347 750 460 788 nibus
480 744 608 788 locum
629 748 938 796 concedendum,
958 755 998 787 et
1022 749 1209 787 honorem
1227 749 1418 788 senectuti
1447 750 1686 796 habendum,
1705 756 1749 788 ut
1768 750 1816 788 ad

346 825 462 862 quam
481 812 707 863 perventuri
727 812 849 850 simus
865 825 1014 856 omnes,
1038 812 1113 849 nisi
1143 823 1217 849 nos
1239 811 1320 850 fata
1343 811 1633 862 interceperint.
1682 812 1820 862 Itaque

346 880 496 911 veteres
516 874 572 911 illi
591 881 777 921 oratores,
799 873 982 920 Pericles,
1002 873 1300 921 Themistocles,
1320 873 1529 920 Aristides,
1547 874 1613 924 qui
1632 873 1821 912 dissimile

348 934 556 973 Timarcho
577 948 796 986 cognomen
816 936 949 983 habet,
969 936 1111 987 quippe
1130 936 1196 987 qui
1219 935 1351 987 justus
1371 935 1600 986 appelletur,
1620 935 1718 973 adeo
1737 948 1820 973 mo-

346 996 447 1035 desti
466 998 637 1043 fuerunt,
668 1006 722 1045 ut,
752 999 857 1048 quod
887 1012 992 1036 nunc
1013 999 1063 1036 de
1092 1011 1201 1036 more
1230 1009 1363 1035 omnes
1387 998 1566 1043 facimus,
1596 1003 1641 1035 ut
1671 997 1823 1048 prolata

345 1064 463 1096 manu
478 1059 666 1104 dicamus,
682 1060 721 1096 id
736 1066 816 1096 tum
834 1059 1009 1097 audaciae
1024 1059 1242 1105 tribuerint,
1256 1067 1295 1096 et
1307 1057 1559 1110 verecundati
1573 1058 1662 1096 sint.
1697 1058 1821 1109 Cujus

346 1133 419 1170 ego
432 1119 726 1157 consuetudinis
741 1133 803 1157 me
820 1121 947 1171 reipsa
959 1133 1145 1170 magnum
1158 1119 1269 1157 vobis
1284 1125 1558 1169 argumentum
1571 1125 1822 1158 ostensurum

347 1173 542 1219 arbitror.v
569 1181 672 1219 Satis
695 1181 797 1219 enim
816 1182 911 1229 scio,
931 1195 999 1220 vos
1027 1195 1161 1219 ornnes
1181 1181 1379 1232 trajecisse
1407 1180 1660 1226 Salaminem,
1690 1188 1729 1219 et
1750 1182 1822 1220 So-

346 1243 448 1281 lonis
480 1250 679 1295 spectasse
710 1251 902 1282 statuam:
938 1245 1067 1295 itaque
1096 1245 1168 1295 ipsi
1197 1242 1330 1281 testari
1359 1243 1534 1294 potestis,
1565 1243 1749 1281 Solonem
1783 1243 1822 1281 in

346 1305 430 1342 foro
451 1305 746 1343 Salaminiorum
768 1305 882 1343 situm
903 1319 989 1344 esse
1010 1319 1123 1343 manu
1142 1305 1244 1343 intra
1262 1310 1413 1342 vestem
1435 1304 1607 1343 condita.
1639 1304 1742 1342 Illud
1763 1312 1824 1343 est

345 1366 641 1413 monimentum,
662 1362 936 1413 Athenienses,
969 1374 1008 1405 et
1028 1367 1277 1405 simulacrum
1297 1373 1435 1417 gestus
1459 1366 1629 1413 Solonis,
1648 1379 1822 1416 quonam

348 1434 462 1479 pacto
484 1441 572 1466 curn
593 1428 736 1479 populo
758 1428 1056 1466 Atheniensium
1087 1440 1305 1466 sermonem
1326 1427 1518 1465 habuerit.
1566 1427 1824 1466 Considerate

349 1495 495 1539 autem,
518 1490 790 1536 Athenienses,
813 1498 1003 1540 quantum
1018 1490 1118 1528 inter
1133 1490 1317 1528 Solonem
1333 1497 1372 1528 et
1387 1489 1635 1528 Timarchum
1656 1490 1822 1536 intersit,

349 1557 389 1588 et
407 1564 473 1588 eos
493 1550 594 1589 viros
618 1565 780 1603 quorum
802 1553 919 1603 paulo
940 1559 1032 1590 ante
1053 1552 1289 1590 mentionem
1311 1551 1399 1590 feci.
1447 1551 1541 1590 Illos
1562 1552 1664 1590 enim
1685 1552 1826 1602 puduit

349 1620 508 1651 extenta
529 1626 645 1651 manu
671 1614 790 1652 verba
817 1614 972 1652 facere:
1003 1614 1077 1652 iste
1107 1622 1236 1652 autem
1270 1627 1350 1652 non
1379 1612 1470 1651 olim
1501 1612 1571 1651 sed
1603 1627 1728 1665 nuper
1753 1613 1822 1651 ali-

349 1676 506 1726 quando
527 1677 683 1728 abjecta
702 1683 810 1715 veste
840 1677 967 1715 nudus
995 1683 1079 1715 toto
1105 1689 1265 1728 corpore
1295 1676 1469 1728 pugilem
1496 1677 1639 1726 agebat
1667 1676 1707 1713 in
1733 1688 1825 1713 con-

349 1738 487 1776 cione:
518 1744 556 1775 et
585 1739 741 1788 quidem
765 1751 926 1789 corpore
953 1739 1002 1777 ob
1035 1739 1261 1776 ebrietatem
1293 1745 1332 1775 et
1359 1737 1612 1789 petulantiam
1646 1737 1701 1776 ita
1722 1737 1825 1775 male

349 1801 588 1851 turpiterque
611 1800 769 1845 affecto,
801 1807 842 1837 ut
871 1800 1049 1837 homines
1076 1800 1226 1835 cordati
1254 1800 1389 1835 oculos
1418 1798 1604 1845 velarent,
1633 1811 1824 1837 verecun-

350 1863 489 1900 dantes
509 1862 733 1912 reipublicae
754 1862 894 1907 vicem,
913 1873 1001 1910 quae
1017 1858 1159 1897 talibus
1179 1858 1466 1915 consultoribus
1487 1866 1671 1899 uteretur.

401 1926 439 1961 7.
469 1923 623 1965 Quibus
643 1923 758 1960 rebus
776 1921 974 1972 legislator
994 1920 1226 1971 perspectis,
1241 1920 1357 1970 plane
1373 1920 1668 1967 demonstravit,
1681 1921 1822 1972 quibus

350 1985 560 2024 conciones
576 1984 653 2021 sint
663 1983 872 2028 habendae,
885 1988 925 2020 et
943 1981 1084 2033 quibus
1099 1981 1204 2032 apud
1217 1981 1405 2032 populum
1417 1982 1537 2020 verba
1548 1981 1731 2021 facienda
1746 1996 1824 2021 non

349 2048 437 2085 sint.
469 2046 607 2096 Neque
619 2058 708 2083 vero
729 2058 751 2082 a
768 2050 959 2095 suggestu
972 2043 1125 2094 repellit
1143 2055 1374 2093 quemquam
1395 2042 1458 2093 qui
1471 2043 1742 2095 viropraetorio
1755 2057 1824 2082 na-

350 2117 414 2146 tus
427 2121 506 2146 non
523 2114 598 2157 est,
617 2113 684 2145 aut
694 2107 758 2158 qui
774 2113 896 2145 artem
911 2106 1077 2156 aliquam
1096 2111 1254 2143 exercet
1270 2104 1392 2143 victus
1412 2105 1576 2156 parandi
1588 2119 1731 2144 causa:
1753 2107 1822 2145 sed

351 2170 424 2208 hos
442 2170 504 2208 vel
530 2170 697 2208 maxime
718 2168 978 2220 amplectitur,
1004 2180 1129 2218 eaque
1149 2166 1198 2204 de
1215 2179 1336 2205 causa
1365 2180 1471 2218 saepe
1489 2167 1713 2219 interrogat,
1738 2169 1825 2219 quis

351 2232 481 2270 dicere
493 2231 608 2271 velit?
629 2233 739 2273 Quos
756 2244 848 2269 vero
861 2244 884 2268 a
897 2229 1066 2268 dicendo
1079 2229 1242 2280 repulit?
1263 2228 1339 2272 Qui
1348 2235 1501 2280 turpem
1511 2229 1629 2268 vitam
1646 2239 1824 2281 egerunt.

352 2293 433 2331 Eos
449 2293 671 2331 concionari
686 2306 764 2330 non
781 2292 883 2330 sinit.
913 2291 1044 2342 Atque
1058 2291 1124 2329 ubi
1139 2290 1179 2328 id
1191 2290 1391 2330 declarat?
1411 2291 1457 2328 In
1466 2290 1594 2342 capite
1615 2291 1685 2330 De
1712 2292 1825 2332 Ora-

353 2363 509 2394 torum
537 2354 901 2405 Exploratione.
939 2353 979 2391 Si
1001 2353 1121 2404 quis,
1149 2353 1287 2403 inquit,
1315 2353 1504 2403 publice
1529 2353 1672 2391 verba
1701 2354 1825 2393 fece-

352 2418 426 2461 rit,
457 2417 535 2468 qui
564 2423 746 2467 patrem
779 2421 859 2453 aut
886 2422 1078 2452 matrem
1099 2415 1344 2461 verberat,
1376 2421 1459 2452 aut
1480 2427 1576 2452 non
1605 2415 1708 2462 alit,
1743 2424 1824 2455 aut

354 2480 427 2518 eis
463 2479 651 2516 domum
681 2490 776 2514 non
810 2477 1004 2527 praebet,
1033 2475 1158 2514 hunc
1184 2476 1332 2514 verba
1359 2476 1540 2514 facere
1571 2489 1661 2514 non
1693 2477 1824 2518 sinit.

352 2541 479 2592 quue
499 2547 603 2578 recte
624 2538 858 2583 mehercule,
882 2551 969 2575 mea
986 2538 1143 2588 quidem
1164 2536 1371 2576 sententia.
1404 2537 1513 2576 Cur?
1551 2537 1667 2581 Quod
1687 2539 1718 2576 si
1739 2541 1826 2591 quis

350 2616 446 2653 erga
464 2616 530 2640 eos
546 2601 674 2640 officio
695 2613 772 2638 non
792 2600 980 2652 fungitur,
994 2600 1058 2650 qui
1076 2599 1160 2651 pari
1177 2612 1265 2637 cum
1286 2599 1357 2637 diis
1375 2599 1657 2637 immortalibus
1677 2600 1826 2641 honore

353 2671 444 2703 sunt
463 2662 680 2702 afficiendi:
711 2663 743 2700 is
764 2676 841 2713 quo
860 2670 976 2713 pacto
999 2661 1095 2700 alios
1120 2662 1298 2700 homines
1318 2661 1512 2708 tractabit,
1532 2668 1572 2699 et
1591 2668 1714 2700 totam
1733 2665 1826 2702 civi-

353 2726 506 2765 tatem?
537 2725 687 2768 Quibus
709 2724 885 2763 secundo
914 2724 1002 2762 loco
1027 2723 1216 2762 habendis
1243 2722 1496 2761 concionibus
1523 2723 1744 2762 interdixit?
1773 2725 1824 2764 Si

355 2789 481 2839 quis,
514 2787 651 2838 inquit,
689 2786 981 2836 imperatas
1027 2784 1125 2823 sibi
1165 2784 1406 2835 expediti
1423 2797 1550 2823 ones
1588 2798 1689 2823 non
1719 2787 1824 2824 obi-

355 2850 475 2896 erit,
502 2855 587 2887 aut
613 2847 857 2900 clypeum
890 2847 1145 2899 abjecerit.
1185 2846 1322 2884 Recte.
1359 2846 1440 2884 Cur
1459 2846 1648 2885 tandem?
1677 2847 1823 2894 Homo,

355 2911 389 2949 ei
410 2911 568 2956 civitati,
589 2924 660 2961 pro
680 2923 757 2960 qua
777 2923 884 2948 arma
903 2922 982 2947 non
1000 2908 1134 2955 sumis,
1155 2908 1295 2959 cuique
1315 2908 1363 2946 ob
1382 2908 1578 2960 ignaviam
1597 2921 1708 2960 opem
1727 2909 1826 2947 ferre
