1915 3356
513 214 804 255 ADVERSUS
837 213 1161 252 CALLICLEM.
1498 210 1570 246 731

113 355 115 359 Α
170 324 212 361 8
233 318 335 364 Cum
353 328 483 360 autem
509 327 618 373 pater
644 332 715 358 nec
741 319 790 356 ab
813 316 934 363 initio,
954 329 1044 354 cum
1064 315 1225 353 fundum
1246 314 1425 360 muniret,
1444 313 1500 352 eis
1520 312 1576 349 in-

107 383 250 436 juriam
270 382 418 430 fecerit,
438 396 509 422 nec
525 382 587 421 isti
605 393 778 433 unquam
796 378 922 430 questi
941 379 1031 422 sint,
1044 383 1153 415 tanto
1175 384 1345 428 ternpore
1362 374 1577 426 interJecto,

113 451 154 487 et
173 445 250 493 alii,
267 446 398 485 multis
423 452 464 484 et
491 446 642 496 magnis
672 442 800 482 affecti
831 441 997 486 damnis,
1026 440 1146 478 nihilo
1173 439 1260 491 plus
1288 452 1350 477 me
1380 442 1577 481 accusent,

115 520 262 559 vosque
282 521 416 546 omnes
434 521 575 560 aquam
595 520 644 545 ex
666 506 816 544 aedibus
837 511 876 543 et
894 503 1024 542 fundis
1048 503 1085 540 in
1111 502 1193 540 vias
1214 501 1381 540 educere
1405 499 1578 544 soleatis,

107 582 195 609 >non
213 571 268 610 ita
287 584 349 609 me
368 575 472 608 amet
491 569 642 620 Jupiter
662 581 747 606 eam
766 581 854 619 qnae
874 567 913 605 in
933 567 996 604 via
1020 571 1080 603 est
1103 566 1203 602 intro
1224 562 1444 607 admittere,
1464 575 1578 613 quor-

113 646 200 671 sum
226 633 338 684 plura
357 631 524 670 dicenda
553 631 667 670 sunt?
697 631 835 682 Neque
865 630 966 668 enim
997 642 1046 667 ex
1076 628 1135 665 his
1157 628 1366 665 obscurum
1394 631 1465 669 est,
1485 623 1577 661 mihi

113 694 313 733 manifeste
332 693 564 732 calumniam
580 692 674 739 fieri,
696 706 816 743 quum
835 705 962 742 neque
982 690 1160 743 injuriam
1183 688 1258 726 illis
1279 687 1434 736 faciam,
1453 698 1579 736 neque

112 768 204 794 eum
218 755 273 794 eis
293 762 371 795 tam
389 756 489 794 male
510 762 642 794 actum
660 755 710 794 sit
723 763 767 793 ut
788 755 937 793 dicunt.

168 820 206 856 9.
229 817 286 856 Ut
311 824 443 856 autem
464 817 609 864 sciatis,
635 830 702 856 eos
723 826 762 855 et
780 816 945 855 eluviem
970 816 1010 853 in
1040 816 1140 853 viam
1160 812 1392 865 projecisse3
1417 816 1470 856 et,
1490 822 1581 860 sepe

112 878 433 926 circumductam,
461 880 562 918 viam
595 879 857 930 angustiorem
885 878 1082 921 effecisse;
1113 883 1153 915 et
1186 889 1246 913 me
1278 875 1440 913 istorum
1468 871 1582 910 matii

93 940 380 999 ⁸jusjurandum
400 941 600 987 detulisse,
628 947 669 978 et
697 954 720 978 a
747 954 838 980 mea
864 940 1086 992 postulasse
1113 946 1157 977 ut
1183 938 1288 976 idem
1309 933 1580 987 jusjurandum

111 1000 236 1049 daret,
250 1015 348 1055 cape
367 1002 460 1041 mihi
479 1001 565 1040 haec
585 1003 808 1041 testimonia
826 1010 865 1041 et
884 1000 1214 1053 provocationem.

446 1154 809 1194 TESTIMONIA.
868 1154 1248 1193 PROVOCATIO.

116 1251 222 1296 Quid
250 1251 334 1290 istis
360 1251 579 1290 hominibus
608 1251 690 1289 fieri
716 1251 843 1303 possit
861 1249 1155 1301 impudentius?
1184 1261 1271 1300 quae
1290 1247 1484 1285 calumnia
1503 1259 1583 1283 ma-

109 1313 307 1354 nifestior?
360 1314 440 1366 qui,
469 1327 588 1366 quum
626 1314 701 1365 ipsi
732 1326 864 1366 sepem
902 1311 1159 1364 produxerint
1197 1318 1236 1350 et
1274 1311 1375 1348 viam
1414 1322 1584 1359 exagge-

113 1377 247 1423 tarint,
272 1376 366 1415 alios
395 1375 476 1415 dati
501 1375 633 1414 damni
653 1382 857 1423 accusant,
882 1383 922 1414 et
952 1375 1057 1413 mille
1087 1374 1292 1412 drachmas
1322 1372 1405 1420 ¹dari
1437 1371 1508 1410 sibi
1538 1384 1585 1408 ex

113 1438 267 1490 legibus
295 1439 456 1478 omnino
483 1438 693 1490 postulant,
722 1451 887 1490 quorum
917 1438 1093 1476 universa
1116 1441 1270 1486 jactura
1296 1448 1372 1474 non
1393 1442 1452 1473 est
1471 1434 1584 1485 quin-

50 1498 56 1499 ’
110 1500 304 1552 quaginta
323 1499 623 1539 drachmarum?
666 1502 791 1553 *Atquj
818 1500 1077 1545 considerate,
1099 1498 1274 1544 Judices,
1296 1511 1412 1549 quam
1441 1496 1583 1534 multo-

108 1575 200 1608 ‚rum
227 1562 330 1614 agris
365 1563 413 1602 ab
441 1575 546 1614 aqua
580 1562 768 1602 damnum
801 1563 938 1601 datum
964 1563 1027 1609 sit,
1060 1562 1196 1614 partim
1229 1560 1413 1599 Eleusine
1446 1559 1586 1611 partim

114 1623 199 1663 aliis
221 1625 260 1663 in
279 1624 396 1663 locis:
432 1638 558 1676 neque
584 1631 728 1673 tamen,
756 1638 779 1664 o
807 1624 859 1663 dii
886 1625 1134 1670 immortales,
1155 1636 1288 1662 eorum
1320 1624 1485 1674 quisque
1516 1621 1585 1659 da-

115 1699 250 1725 mnum
270 1700 293 1726 a
310 1687 446 1726 vicinis
467 1689 623 1739 pensari
655 1689 726 1727 sibi
754 1687 942 1740 postulat.
997 1688 1055 1725 Ac
1088 1699 1161 1738 ego
1193 1686 1363 1737 quidem,
1387 1698 1501 1736 quem
1527 1684 1585 1721 in-

111 1747 271 1798 dignari
295 1749 516 1800 oportebat,
532 1756 690 1801 propter
707 1749 808 1788 viam
828 1756 867 1788 et
886 1749 1151 1800 angustiorem
1173 1755 1213 1787 et
1234 1749 1407 1787 altiorem
1425 1747 1584 1791 factam,

109 1811 301 1863 quiesco:
327 1811 412 1851 istis
434 1819 567 1850 autem
587 1825 634 1851 ea
652 1812 807 1851 licentia
826 1813 954 1859 datur,
975 1814 1006 1851 si
1032 1813 1086 1850 ita
1106 1812 1164 1858 fit,
1191 1820 1234 1850 ut
1259 1812 1419 1850 allectos
1438 1809 1584 1862 injuriis

114 1873 230 1915 etiam
251 1873 550 1913 calumnientur.
590 1874 724 1926 Atqui,
741 1875 940 1921 Callicles,
962 1875 993 1912 si
1007 1874 1116 1913 vobis
1132 1874 1281 1912 munire
1302 1873 1395 1911 licet
1413 1880 1586 1911 vestrum

114 1935 296 1983 fundum,
315 1935 426 1975 nobis
447 1937 581 1988 utique
598 1943 775 1976 nostrum
794 1951 949 1989 quoque
969 1937 1102 1976 licuit:
1134 1938 1193 1976 sin
1226 1942 1336 1987 pater
1361 1948 1472 1973 meus
1501 1947 1585 1972 mu-

116 1997 261 2036 niendo
281 1997 390 2036 vobis
411 1998 587 2050 injuriam
618 1999 721 2046 fecit,
743 2007 783 2038 et
809 2013 879 2038 vos
911 2013 1016 2038 nunc
1041 1999 1134 2037 mihi
1163 1999 1290 2038 facitis
1323 1998 1502 2050 injuriam
1529 1997 1585 2035 sic

116 2059 342 2098 muniendo.
400 2060 501 2098 Cum
534 2060 637 2099 enim
667 2067 797 2099 vester
830 2061 977 2099 fundus
1008 2061 1160 2112 magnis
1193 2059 1296 2098 saxis
1328 2058 1501 2097 munitus
1524 2059 1586 2102 sit,

116 2120 210 2160 satis
242 2129 415 2174 apparet,
436 2136 578 2175 aquam
606 2136 740 2162 rursus
769 2122 808 2161 in
840 2136 969 2161 meum
990 2123 1152 2161 fundum
1174 2129 1401 2160 venturam:
1431 2128 1534 2172 post,
1556 2119 1586 2157 si

114 2183 171 2222 ita
188 2183 385 2231 ceciderit,
404 2184 606 2236 inopinato
625 2198 778 2223 murum
798 2191 1091 2237 prostraturam.
1149 2185 1227 2223 Sed
1249 2197 1322 2236 ego
1342 2190 1499 2236 propter
1511 2183 1586 2221 hoc

114 2258 181 2284 eos
213 2245 333 2284 nihilo
364 2246 490 2298 magis
520 2260 678 2294 accUSO,
712 2247 782 2286 sed
809 2248 1006 2286 fortunam
1038 2247 1128 2285 boni
1158 2247 1335 2292 consulo,
1360 2253 1399 2284 et
1425 2253 1469 2283 ut
1501 2259 1588 2284 mea

115 2314 227 2347 tuear
245 2321 402 2360 operam
423 2309 539 2347 dabo.
597 2309 701 2348 Nam
719 2317 758 2348 et
785 2310 917 2356 istum,
938 2309 1005 2360 qui
1034 2322 1106 2347 sua
1132 2309 1268 2361 sepiat,
1291 2321 1449 2360 sapere;
1480 2308 1587 2359 quod

117 2377 248 2409 autem
280 2370 373 2409 mihi
403 2370 510 2409 litem
529 2379 674 2418 movet,
693 2379 732 2410 et
761 2371 1090 2424 improbissimum
1120 2379 1159 2409 et
1184 2370 1325 2409 mentis
1345 2383 1473 2409 errore
1495 2369 1583 2408 affe-

47 2465 60 2475 .
117 2440 224 2473 ctum
246 2446 346 2480 esse,
366 2433 556 2473 existimo.

174 2497 236 2534 10.
266 2496 330 2535 Ne
361 2509 451 2535 vero
478 2497 684 2549 miremini,
713 2498 891 2545 Judices,
921 2499 1035 2537 istius
1069 2498 1367 2549 improbitatem,
1389 2510 1515 2547 neque
1547 2496 1586 2532 in

117 2557 369 2610 impingendo
401 2558 501 2597 falso
528 2560 686 2608 crimine
706 2560 926 2599 audaciam.
986 2561 1088 2598 Nam
1108 2560 1215 2612 prius
1235 2558 1366 2604 etiam,
1387 2571 1474 2596 cum
1495 2570 1587 2595 con·

119 2620 274 2659 sobrino
295 2634 366 2660 suo
382 2621 644 2673 persuasisset
662 2630 707 2660 ut
725 2622 816 2660 mihi
841 2623 949 2661 litem
968 2629 1142 2661 moveret
1161 2623 1210 2661 de
1230 2621 1366 2665 fundo,
1389 2620 1588 2672 pactiones

118 2683 404 2722 commentitias
423 2684 600 2735 protulit,
621 2690 662 2722 et
681 2697 785 2722 nunc
807 2685 889 2735 ipse
920 2698 980 2722 me
1010 2684 1086 2722 alio
1101 2683 1250 2736 jndicio
1272 2684 1472 2720 absentcn
1495 2696 1588 2719 con-

119 2743 315 2783 demnavit
348 2745 478 2784 arbitri
516 2746 722 2792 sententia,
744 2746 889 2785 Callari
920 2747 1075 2784 nomine
1110 2747 1174 2798 qui
1203 2759 1301 2783 unus
1332 2754 1390 2782 est
1420 2758 1439 2780 e
1472 2745 1590 2781 servis

120 2796 229 2844 meis.
286 2806 388 2845 Nam
408 2815 549 2860 praeter
576 2808 651 2846 alia
678 2808 830 2847 scelera
853 2809 970 2847 etiam
999 2808 1073 2846 hoc
1102 2814 1364 2846 commentum
1395 2806 1589 2857 excogita-

120 2871 236 2903 runt:
268 2866 467 2906 Callarum
487 2868 659 2920 ejusdem
675 2869 845 2908 criminis
866 2883 973 2908 reum
995 2878 1130 2920 agunt.
1188 2868 1285 2910 Quis
1306 2874 1436 2905 autem
1456 2880 1590 2905 servus

121 2926 271 2980 injussu
287 2928 431 2968 domini
451 2943 587 2982 agrum
609 2939 721 2983 septo
740 2931 1013 2970 circundaret?
1049 2931 1149 2968 Cum
1167 2937 1295 2968 autem
1315 2929 1418 2981 quod
1436 2929 1592 2967 callam

122 2988 306 3041 objiciant
332 2990 426 3030 nihil
454 2991 558 3031 aliud
586 2993 769 3041 habeant,
790 3002 947 3046 propter
981 2994 1018 3033 id
1051 3000 1218 3046 septum,
1246 3006 1323 3043 qno
1355 2993 1458 3032 facto
1484 3003 1593 3044 pater
