1998 3306
299 233 375 270 516
630 228 918 268 ADVERSUS
949 224 1418 266 ZENOTHEMIDEM.

296 345 431 370 omnes
456 332 558 378 volo,
591 332 622 369 si
651 332 757 383 quod
786 344 957 382 unquam
990 330 1190 381 negotium
1227 334 1374 367 attente
1403 323 1618 370 audivistis,
1650 330 1695 362 ut
1724 330 1763 362 et

297 393 397 432 hanc
416 406 575 432 causam
598 400 744 432 attente
765 393 956 431 audiatis:
985 390 1232 442 cognoscetis
1252 389 1355 428 enim
1372 387 1542 426 hominis
1561 385 1764 425 audaciam

297 462 337 492 et
357 455 642 505 improbitatem
660 455 766 493 haud
785 454 999 506 vulgarem,
1016 452 1047 489 si
1068 452 1185 490 modo
1205 464 1280 502 ego
1308 450 1481 489 facinora.
1509 448 1613 486 illius
1640 447 1765 495 vobis,

296 516 351 554 uti
372 529 499 566 spero,
520 530 716 568 exponere
737 523 915 567 potuero.
1388 514 1390 516 ’

351 579 389 614 2.
420 578 679 624 Zenothemis,
699 578 873 615 minister
906 575 1133 626 Hegestrati
1153 573 1393 620 navicularii,
1417 585 1531 624 quem
1560 577 1600 610 et
1625 571 1708 622 ipse
1726 570 1766 608 in

299 640 546 678 accusatione
563 640 730 691 scripsit,
746 640 784 677 in
802 638 941 689 pelago
961 635 1269 688 periisse‚--sed
1288 635 1484 686 quomodo
1501 633 1670 686 perierit,
1689 644 1768 670 non

300 702 519 752 adscripsit,
540 714 616 752 ego
634 714 725 739 vero
746 701 943 745 dicam—‚
963 698 1041 736 tale
1062 697 1188 736 scelus
1209 710 1298 735 cum
1312 697 1378 735 illo
1398 695 1644 748 excogitavit.
1692 693 1768 732 Pe-

299 763 449 799 cuniam
484 770 523 800 et
556 763 627 800 iste
649 769 687 800 et
715 762 779 800 ille
808 760 1013 813 Syracusis
1033 759 1199 797 mutuati
1218 765 1319 797 sunt.
1377 759 1436 796 Ac
1457 757 1522 796 ille
1540 756 1698 809 quidem
1718 754 1770 794 ad

299 837 367 862 eos
389 824 454 874 qui
473 823 536 862 isti
556 831 735 861 mutuum
755 823 914 870 dabant,
936 821 967 859 si
998 822 1083 873 quis
1109 821 1286 872 rogabat,
1316 820 1486 867 dicebat,
1512 819 1575 858 isti
1603 817 1770 856 multum

299 887 334 923 in
357 886 444 923 navi
464 899 550 924 csse
570 886 751 923 frumenti
769 899 778 923 :
809 885 897 931 iste,
913 884 963 923 ad
978 897 1045 922 eos
1066 883 1132 934 qui
1151 882 1223 928 illi,
1239 895 1390 920 merces
1409 888 1526 932 atque
1547 893 1645 919 onus
1659 879 1770 917 navis

299 947 399 985 illius
428 961 513 986 esse
541 947 751 998 proprium.
811 947 912 984 Cum
944 953 1075 984 autem
1107 945 1204 983 alter
1228 943 1503 988 navicularius,
1524 942 1622 980 alter
1640 946 1772 980 vector

299 1015 429 1046 esset:
460 1022 536 1047 non
558 1009 696 1046 mirum
716 1008 790 1045 fuit
809 1020 893 1046 esse
914 1008 1064 1045 credita
1091 1020 1179 1057 quae
1205 1007 1303 1044 alter
1323 1006 1372 1044 de
1393 1005 1518 1043 altero
1540 1004 1770 1043 affirmabat.

300 1068 512 1107 Pecuniam
530 1077 658 1107 autem
676 1076 878 1120 acceptam
895 1068 1055 1106 domum
1074 1067 1294 1106 Massiliam
1313 1066 1501 1104 miserunt
1518 1078 1646 1116 neque
1662 1065 1770 1116 quic-

299 1144 414 1181 quam
433 1132 472 1168 in
491 1132 618 1178 navim
639 1130 868 1169 intulerunt.
910 1130 990 1168 Sed
1010 1129 1100 1180 quia
1115 1130 1270 1177 tabulae,
1291 1129 1332 1167 id
1352 1127 1457 1179 quod
1478 1140 1612 1166 omnes
1633 1127 1772 1173 solent,

299 1193 564 1239 continebant,
593 1193 625 1229 si
654 1192 764 1231 navis
799 1191 1005 1230 mansisset
1029 1191 1234 1230 incolumis
1260 1189 1467 1243 pecuniam
1492 1202 1577 1228 esse
1604 1188 1773 1227 redden-

299 1253 405 1299 dam,
428 1255 466 1292 in
485 1254 664 1292 fraudem
684 1254 934 1301 creditorum,
957 1267 1096 1292 navem
1122 1255 1374 1304 submergere
1401 1258 1631 1290 statuerunt.
1690 1251 1773 1289 He-

301 1323 496 1367 gestratus
529 1316 660 1367 igitur,
682 1329 770 1365 curn
791 1329 814 1353 a
833 1322 935 1354 terra
951 1316 1060 1354 bidui
1077 1322 1142 1354 aut
1163 1315 1278 1353 tridui
1295 1316 1367 1353 iter
1382 1327 1521 1353 navem
1536 1313 1775 1361 abduxisset,

285 1379 419 1416 ‘noctu
452 1378 491 1415 in
524 1377 694 1416 carinam
730 1378 950 1424 descendit,
971 1385 1012 1416 et
1040 1378 1206 1416 fundum
1234 1377 1344 1416 navis
1364 1377 1557 1429 perforat:
1587 1376 1661 1414 iste
1680 1388 1774 1414 vero

300 1446 344 1477 ut
374 1441 493 1478 totius
535 1439 587 1477 rei
621 1439 795 1490 ignarus,
832 1452 951 1491 supra
978 1453 1067 1478 cum
1099 1440 1252 1478 caeteris
1285 1439 1507 1478 vectoribus
1533 1431 1773 1476 versabatur.

302 1500 400 1538 Orto
421 1500 598 1552 strepitu,
624 1501 687 1552 qui
717 1502 756 1538 in
789 1500 878 1538 navi
911 1508 1023 1539 erant
1046 1513 1217 1546 sensere,
1238 1500 1277 1537 in
1305 1500 1439 1539 carina
1464 1499 1556 1551 mali
1575 1499 1773 1551 quippiam

301 1562 395 1611 geri,
416 1569 534 1612 atque
555 1561 780 1614 opitulaturi
801 1562 1061 1600 descendunt.
1121 1561 1403 1612 Deprehensus
1433 1561 1711 1612 Hegestratus‚
1729 1568 1774 1599 ut

301 1635 343 1659 se
375 1636 509 1673 poenas
534 1623 717 1661 daturum
750 1629 877 1674 putat,
896 1623 1012 1673 fugit,
1038 1623 1279 1673 fugatusque
1308 1636 1349 1661 se
1383 1623 1422 1660 in
1441 1635 1550 1660 mare
1579 1623 1704 1674 jacit:
1735 1629 1776 1661 et

300 1683 470 1721 lembum
503 1691 661 1735 propter
690 1690 843 1721 noctem
871 1696 949 1721 non
978 1683 1162 1734 adeptus,
1180 1682 1408 1721 suffocatur.
1467 1683 1540 1721 Ille
1565 1682 1683 1735 igitur
1703 1684 1774 1731 sic,

302 1746 357 1782 uti
394 1746 629 1791 merebatur,
660 1745 787 1782 malus
815 1745 915 1782 male
944 1744 1070 1796 periit,
1092 1745 1171 1782 suis
1195 1745 1278 1796 ipse
1308 1745 1470 1792 insidiis,
1489 1758 1586 1795 quas
1614 1746 1652 1782 in
1678 1746 1774 1784 alios

301 1807 548 1853 instruxerat,
569 1814 708 1858 captus
741 1814 860 1857 atque
893 1819 1118 1857 oppressus.
1177 1806 1256 1844 Iste
1275 1820 1366 1845 vero
1396 1806 1525 1844 socius
1546 1813 1586 1845 et
1605 1806 1773 1857 adjutor,

301 1868 465 1918 primum
487 1869 617 1906 statim
638 1868 677 1905 in
698 1868 855 1918 navigio
874 1868 912 1905 in
931 1868 1016 1919 ipso
1036 1868 1224 1914 facinore,
1239 1875 1429 1920 tanquam
1450 1869 1623 1919 ignarus,
1645 1869 1715 1907 sed
1736 1876 1774 1908 et

300 1929 382 1978 ipse
413 1930 529 1967 etiam
558 1930 801 1981 perterritus,
823 1930 961 1967 rectori
982 1943 1107 1980 prorae
1127 1937 1166 1968 et
1184 1931 1313 1969 nautis
1334 1931 1527 1969 suadebat
1545 1937 1589 1969 ut
1612 1931 1652 1968 in
1678 1931 1775 1969 lem·-

302 1990 392 2027 bum
425 1991 722 2036 descenderent,
744 1992 834 2028 navi
856 2004 972 2042 quam
993 1992 1192 2030 celerrime
1222 1992 1370 2039 relicta,
1391 1992 1501 2043 quasi
1531 1992 1641 2030 nulla
1670 2000 1774 2031 esset

303 2052 498 2102 speranda
518 2053 638 2099 salus,
658 2060 696 2090 et
718 2052 822 2090 navis
851 2053 979 2090 statim
1004 2054 1302 2104 submergenda,
1327 2061 1384 2100 ut,
1413 2054 1520 2105 quod
1539 2054 1773 2104 cogitarant,

303 2113 339 2149 id
361 2115 629 2160 conficeretur,
650 2114 817 2165 navique
832 2114 987 2166 perdita
1006 2128 1061 2152 aes
1081 2115 1250 2152 alienum
1267 2115 1508 2154 fraudarent.
1566 2116 1655 2160 Quo
1677 2130 1772 2154 con-

303 2174 386 2212 silio
407 2175 630 2221 frustratus,
656 2182 697 2215 et
721 2182 896 2214 nostrate
928 2176 1098 2226 quodam
1132 2183 1289 2234 vectore
1316 2177 1536 2224 adversato,
1569 2185 1607 2215 et
1644 2180 1773 2217 nautis

302 2248 465 2286 magnas
497 2232 711 2283 mercedes,
745 2238 776 2275 si
806 2251 944 2276 navem
979 2245 1290 2285 conservassent,
1311 2238 1499 2290 pollicito,
1517 2239 1706 2291 perducta
1734 2241 1773 2279 in

298 2296 577 2348 Cephaleniam
601 2312 712 2345 nave,
733 2300 894 2337 deorum
915 2313 988 2350 ope
1007 2300 1282 2338 immortalium
1307 2300 1346 2338 in
1369 2301 1516 2351 primis,
1537 2301 1679 2340 deinde
1699 2303 1773 2341 vir-

302 2365 382 2395 tute
399 2367 618 2405 nautarum,
636 2374 768 2398 rursus
784 2374 872 2398 cum
893 2361 1201 2400 Massiliensibus
1221 2362 1448 2413 Hegestrati
1464 2363 1613 2402 civibus
1629 2365 1773 2416 agebat

303 2433 352 2456 ne
389 2422 583 2472 navigium
616 2422 791 2460 Athenas
821 2423 1108 2473 perveheretur,
1139 2423 1273 2462 dicens
1298 2431 1338 2462 et
1370 2438 1412 2463 se
1439 2431 1479 2462 et
1507 2438 1654 2464 merces
1686 2439 1774 2465 esse

303 2480 421 2526 illinc,
451 2489 489 2520 et
527 2490 604 2520 tam
645 2483 937 2529 navicularium,
976 2497 1094 2534 quam
1123 2484 1335 2523 creditores
1373 2499 1463 2523 esse
1494 2485 1775 2526 Massilienses.

304 2542 421 2585 Quod
442 2544 505 2581 ubi
535 2551 575 2581 et
606 2544 733 2594 ipsum
766 2557 842 2581 non
874 2546 1076 2591 successit,
1096 2552 1136 2583 et
1156 2546 1496 2597 Cephaleniorum‚
1525 2547 1773 2598 magistratus

300 2605 656 2653 pronunciaverunt
688 2619 825 2643 navem
860 2606 1051 2653 Athenas,
1085 2607 1190 2645 unde
1229 2608 1421 2654 solvisset,
1456 2608 1772 2659 perducendam:

304 2677 418 2713 quem
438 2679 551 2704 nemo
570 2667 740 2705 omnium
757 2666 834 2704 hue
855 2667 983 2705 venire
1005 2681 1186 2706 ausurum
1207 2676 1373 2720 putaret,
1388 2677 1478 2720 post
1496 2669 1594 2708 tales
1613 2670 1772 2709 insidias

306 2726 673 2777 taliaque'vfacinora,
694 2729 968 2776 Athenienses,
990 2730 1021 2768 is
1037 2737 1115 2768 tam
1142 2731 1285 2782 insigni
1305 2739 1365 2769 est
1387 2731 1628 2782 impudentia
1645 2738 1685 2770 et
1703 2746 1772 2770 au·

305 2786 428 2833 dacia,
449 2796 492 2826 ut
511 2803 589 2827 non
610 2790 726 2828 modo
746 2790 905 2836 venerit,
925 2791 993 2828 sed
1020 2798 1059 2828 et
1080 2799 1214 2830 nostro
1242 2793 1438 2831 frumento
1463 2792 1535 2831 sibi
1564 2794 1772 2833 vendicato

305 2861 376 2884 nos
398 2849 553 2900 insuper
574 2851 689 2903 injus
709 2852 868 2889 vocarit.
927 2853 1023 2895 Quae
1042 2866 1161 2891 causa
1183 2861 1240 2892 est
1260 2854 1389 2904 igitur,
1410 2861 1477 2892 aut
1496 2867 1574 2904 qua
1593 2868 1633 2892 re
1650 2855 1772 2895 fretus

307 2917 345 2946 et
368 2912 470 2948 venit
488 2919 527 2949 et
547 2913 581 2949 in
600 2916 664 2962 jus
688 2914 852 2965 vocavit,
872 2927 945 2963 ego
968 2914 1074 2951 vobis
1096 2914 1238 2961 dicam,
1258 2915 1438 2960 Judices,
1457 2915 1615 2963 invitus,
1632 2916 1772 2959 ‚Iovem

304 2971 489 3021 optimum
507 2974 716 3016 maximum
738 2981 859 3015 testor
879 2982 918 3013 et
939 2988 1074 3013 ornnes
1094 2975 1204 3023 deos,
1219 2977 1293 3015 sed
1313 2983 1484 3015 coactus.
