<?xml version="1.0" encoding="UTF-8"?>
<!DOCTYPE html PUBLIC "-//W3C//DTD XHTML 1.0 Transitional//EN"
    "http://www.w3.org/TR/xhtml1/DTD/xhtml1-transitional.dtd">
<html xmlns="http://www.w3.org/1999/xhtml" xml:lang="en" lang="en">
 <head>
  <title>
</title>
<meta http-equiv="Content-Type" content="text/html;charset=utf-8" />
  <meta name='ocr-system' content='tesseract 3.04.00' />
  <meta name='ocr-capabilities' content='ocr_page ocr_carea ocr_par ocr_line ocrx_word'/>
</head>
<body>
  <div class='ocr_page' id='page_1' title='image "./oratoresatticie16dobs_0373.png"; bbox 0 0 1915 3356; ppageno 0'>
   <div class='ocr_carea' id='block_1_1' title="bbox 554 192 1576 234">
    <p class='ocr_par' dir='ltr' id='par_1_1' title="bbox 554 192 1576 234">
     <span class='ocr_line' id='line_1_1' title="bbox 554 192 1576 234; baseline -0.003 0"><span class='ocrx_word' id='word_1_1' title='bbox 554 193 786 234; x_wconf 85' lang='lat' dir='ltr'><strong>CONTRA</strong></span> <span class='ocrx_word' id='word_1_2' title='bbox 813 192 1172 232; x_wconf 87' lang='lat' dir='ltr'>TIMARCHUM.</span> <span class='ocrx_word' id='word_1_3' title='bbox 1527 194 1576 232; x_wconf 84' lang='lat'>21</span> 
     </span>
    </p>
   </div>
   <div class='ocr_carea' id='block_1_2' title="bbox 119 298 1603 2996">
    <p class='ocr_par' dir='ltr' id='par_1_2' title="bbox 119 298 1585 659">
     <span class='ocr_line' id='line_1_2' title="bbox 121 298 1580 353; baseline -0.003 -13"><span class='ocrx_word' id='word_1_4' title='bbox 121 308 269 353; x_wconf 87' lang='lat' dir='ltr'>patrem</span> <span class='ocrx_word' id='word_1_5' title='bbox 300 300 383 352; x_wconf 88' lang='lat' dir='ltr'>ejus</span> <span class='ocrx_word' id='word_1_6' title='bbox 411 300 516 339; x_wconf 89' lang='lat' dir='ltr'>olim.</span> <span class='ocrx_word' id='word_1_7' title='bbox 555 300 675 351; x_wconf 87' lang='lat' dir='ltr'><strong>Atqui</strong></span> <span class='ocrx_word' id='word_1_8' title='bbox 703 313 764 339; x_wconf 88' lang='lat' dir='ltr'>res</span> <span class='ocrx_word' id='word_1_9' title='bbox 793 312 834 338; x_wconf 90' lang='lat' dir='ltr'>se</span> <span class='ocrx_word' id='word_1_10' title='bbox 854 299 908 337; x_wconf 83' lang='lat' dir='ltr'>ita</span> <span class='ocrx_word' id='word_1_11' title='bbox 936 311 1015 336; x_wconf 92' lang='lat' dir='ltr'>non</span> <span class='ocrx_word' id='word_1_12' title='bbox 1033 298 1164 337; x_wconf 84' lang='lat' dir='ltr'>habet.</span> <span class='ocrx_word' id='word_1_13' title='bbox 1209 298 1314 337; x_wconf 87' lang='lat' dir='ltr'>Nihil</span> <span class='ocrx_word' id='word_1_14' title='bbox 1343 305 1476 345; x_wconf 87' lang='lat' dir='ltr'>restat,</span> <span class='ocrx_word' id='word_1_15' title='bbox 1501 313 1580 337; x_wconf 87' lang='lat' dir='ltr'>non</span> 
     </span>
     <span class='ocr_line' id='line_1_3' title="bbox 121 360 1582 409; baseline -0.001 -9"><span class='ocrx_word' id='word_1_16' title='bbox 121 361 272 409; x_wconf 89' lang='lat' dir='ltr'>domus,</span> <span class='ocrx_word' id='word_1_17' title='bbox 291 374 370 399; x_wconf 91' lang='lat' dir='ltr'>non</span> <span class='ocrx_word' id='word_1_18' title='bbox 384 361 487 408; x_wconf 82' lang='lat' dir='ltr'>villa,</span> <span class='ocrx_word' id='word_1_19' title='bbox 507 374 583 399; x_wconf 90' lang='lat' dir='ltr'>non</span> <span class='ocrx_word' id='word_1_20' title='bbox 603 361 764 408; x_wconf 79' lang='lat' dir='ltr'>fundus,</span> <span class='ocrx_word' id='word_1_21' title='bbox 784 373 862 398; x_wconf 90' lang='lat' dir='ltr'>non</span> <span class='ocrx_word' id='word_1_22' title='bbox 878 360 990 404; x_wconf 85' lang='lat' dir='ltr'>servi,</span> <span class='ocrx_word' id='word_1_23' title='bbox 1010 372 1089 397; x_wconf 91' lang='lat' dir='ltr'>non</span> <span class='ocrx_word' id='word_1_24' title='bbox 1109 372 1164 397; x_wconf 86' lang='lat' dir='ltr'>aes</span> <span class='ocrx_word' id='word_1_25' title='bbox 1184 360 1457 407; x_wconf 85' lang='lat' dir='ltr'>alienum‚non</span> <span class='ocrx_word' id='word_1_26' title='bbox 1476 360 1582 399; x_wconf 91' lang='lat' dir='ltr'>aliud</span> 
     </span>
     <span class='ocr_line' id='line_1_4' title="bbox 120 420 1582 475; baseline -0.001 -15"><span class='ocrx_word' id='word_1_27' title='bbox 120 422 343 475; x_wconf 89' lang='lat' dir='ltr'>quicquam,</span> <span class='ocrx_word' id='word_1_28' title='bbox 362 423 466 461; x_wconf 89' lang='lat' dir='ltr'>unde</span> <span class='ocrx_word' id='word_1_29' title='bbox 485 423 663 461; x_wconf 87' lang='lat' dir='ltr'>homines</span> <span class='ocrx_word' id='word_1_30' title='bbox 695 435 774 460; x_wconf 91' lang='lat' dir='ltr'>non</span> <span class='ocrx_word' id='word_1_31' title='bbox 794 420 962 459; x_wconf 88' lang='lat' dir='ltr'>malefici</span> <span class='ocrx_word' id='word_1_32' title='bbox 981 420 1128 458; x_wconf 87' lang='lat' dir='ltr'>vivunt.</span> <span class='ocrx_word' id='word_1_33' title='bbox 1171 422 1250 459; x_wconf 90' lang='lat' dir='ltr'>Sed</span> <span class='ocrx_word' id='word_1_34' title='bbox 1271 422 1333 459; x_wconf 84' lang='lat' dir='ltr'>isti</span> <span class='ocrx_word' id='word_1_35' title='bbox 1351 422 1439 460; x_wconf 91' lang='lat' dir='ltr'>loco</span> <span class='ocrx_word' id='word_1_36' title='bbox 1464 422 1582 473; x_wconf 89' lang='lat' dir='ltr'>patri-</span> 
     </span>
     <span class='ocr_line' id='line_1_5' title="bbox 120 482 1584 536; baseline 0 -14"><span class='ocrx_word' id='word_1_37' title='bbox 120 485 239 522; x_wconf 86' lang='lat' dir='ltr'>monii</span> <span class='ocrx_word' id='word_1_38' title='bbox 259 491 439 536; x_wconf 83' lang='lat' dir='ltr'><strong>superest</strong></span> <span class='ocrx_word' id='word_1_39' title='bbox 456 484 696 535; x_wconf 85' lang='lat' dir='ltr'>improbitas,</span> <span class='ocrx_word' id='word_1_40' title='bbox 718 483 926 529; x_wconf 87' lang='lat' dir='ltr'>calumnia,</span> <span class='ocrx_word' id='word_1_41' title='bbox 954 482 1203 529; x_wconf 83' lang='lat' dir='ltr'>confidentia,</span> <span class='ocrx_word' id='word_1_42' title='bbox 1223 482 1389 529; x_wconf 74' lang='lat' dir='ltr'>deliciae,</span> <span class='ocrx_word' id='word_1_43' title='bbox 1416 484 1584 535; x_wconf 86' lang='lat' dir='ltr'>ignavia,</span> 
     </span>
     <span class='ocr_line' id='line_1_6' title="bbox 119 543 1585 596; baseline 0.001 -14"><span class='ocrx_word' id='word_1_44' title='bbox 119 544 373 596; x_wconf 87' lang='lat' dir='ltr'>impudentia,</span> <span class='ocrx_word' id='word_1_45' title='bbox 404 545 653 584; x_wconf 90' lang='lat' dir='ltr'>erubescendi</span> <span class='ocrx_word' id='word_1_46' title='bbox 672 546 721 582; x_wconf 92' lang='lat' dir='ltr'>ob</span> <span class='ocrx_word' id='word_1_47' title='bbox 746 544 1028 596; x_wconf 83' lang='lat' dir='ltr'><strong>turpitudinem</strong></span> <span class='ocrx_word' id='word_1_48' title='bbox 1049 543 1222 583; x_wconf 85' lang='lat' dir='ltr'>inscitia:</span> <span class='ocrx_word' id='word_1_49' title='bbox 1251 544 1390 595; x_wconf 90' lang='lat' dir='ltr'>quibus</span> <span class='ocrx_word' id='word_1_50' title='bbox 1418 558 1440 583; x_wconf 93' lang='lat' dir='ltr'>e</span> <span class='ocrx_word' id='word_1_51' title='bbox 1469 547 1585 584; x_wconf 86' lang='lat' dir='ltr'>rebus</span> 
     </span>
     <span class='ocr_line' id='line_1_7' title="bbox 119 606 1083 659; baseline 0 -13"><span class='ocrx_word' id='word_1_52' title='bbox 119 606 213 646; x_wconf 89' lang='lat' dir='ltr'>civis</span> <span class='ocrx_word' id='word_1_53' title='bbox 233 608 426 659; x_wconf 88' lang='lat' dir='ltr'>pessimus</span> <span class='ocrx_word' id='word_1_54' title='bbox 442 614 482 645; x_wconf 91' lang='lat' dir='ltr'>et</span> <span class='ocrx_word' id='word_1_55' title='bbox 496 606 753 658; x_wconf 89' lang='lat' dir='ltr'>nequissimus</span> <span class='ocrx_word' id='word_1_56' title='bbox 773 607 933 645; x_wconf 88' lang='lat' dir='ltr'>conflari</span> <span class='ocrx_word' id='word_1_57' title='bbox 953 613 1083 657; x_wconf 86' lang='lat' dir='ltr'><strong>queat.</strong></span> 
     </span>
    </p>

    <p class='ocr_par' dir='ltr' id='par_1_3' title="bbox 119 667 1599 2011">
     <span class='ocr_line' id='line_1_8' title="bbox 174 667 1589 720; baseline 0 -13"><span class='ocrx_word' id='word_1_58' title='bbox 174 671 239 707; x_wconf 80' lang='lat'>22.</span> <span class='ocrx_word' id='word_1_59' title='bbox 272 670 409 719; x_wconf 87' lang='lat' dir='ltr'><strong>Neque</strong></span> <span class='ocrx_word' id='word_1_60' title='bbox 438 682 529 707; x_wconf 90' lang='lat' dir='ltr'>vero</span> <span class='ocrx_word' id='word_1_61' title='bbox 555 669 831 720; x_wconf 86' lang='lat' dir='ltr'>patrimonium</span> <span class='ocrx_word' id='word_1_62' title='bbox 862 669 1056 707; x_wconf 84' lang='lat' dir='ltr'>duntaxat</span> <span class='ocrx_word' id='word_1_63' title='bbox 1081 668 1312 720; x_wconf 85' lang='lat' dir='ltr'>absumpsit,</span> <span class='ocrx_word' id='word_1_64' title='bbox 1336 667 1405 706; x_wconf 92' lang='lat' dir='ltr'>sed</span> <span class='ocrx_word' id='word_1_65' title='bbox 1430 668 1589 719; x_wconf 88' lang='lat' dir='ltr'>publica</span> 
     </span>
     <span class='ocr_line' id='line_1_9' title="bbox 120 729 1586 783; baseline 0 -15"><span class='ocrx_word' id='word_1_66' title='bbox 120 738 261 777; x_wconf 88' lang='lat' dir='ltr'>vestra,</span> <span class='ocrx_word' id='word_1_67' title='bbox 295 731 434 781; x_wconf 87' lang='lat' dir='ltr'>quibus</span> <span class='ocrx_word' id='word_1_68' title='bbox 464 744 636 781; x_wconf 89' lang='lat' dir='ltr'>unquam</span> <span class='ocrx_word' id='word_1_69' title='bbox 660 732 806 783; x_wconf 90' lang='lat' dir='ltr'>potitus</span> <span class='ocrx_word' id='word_1_70' title='bbox 831 731 917 770; x_wconf 84' lang='lat' dir='ltr'>fuit.</span> <span class='ocrx_word' id='word_1_71' title='bbox 965 730 1069 768; x_wconf 90' lang='lat' dir='ltr'>Nam</span> <span class='ocrx_word' id='word_1_72' title='bbox 1095 730 1127 768; x_wconf 91' lang='lat' dir='ltr'>is</span> <span class='ocrx_word' id='word_1_73' title='bbox 1159 743 1279 781; x_wconf 91' lang='lat' dir='ltr'>quum</span> <span class='ocrx_word' id='word_1_74' title='bbox 1309 742 1357 768; x_wconf 89' lang='lat' dir='ltr'>ea</span> <span class='ocrx_word' id='word_1_75' title='bbox 1384 729 1435 767; x_wconf 86' lang='lat' dir='ltr'>sit</span> <span class='ocrx_word' id='word_1_76' title='bbox 1458 736 1586 775; x_wconf 86' lang='lat' dir='ltr'>aetate,</span> 
     </span>
     <span class='ocr_line' id='line_1_10' title="bbox 119 791 1588 843; baseline -0.001 -14"><span class='ocrx_word' id='word_1_77' title='bbox 119 804 238 841; x_wconf 88' lang='lat' dir='ltr'>quam</span> <span class='ocrx_word' id='word_1_78' title='bbox 256 804 324 830; x_wconf 90' lang='lat' dir='ltr'>vos</span> <span class='ocrx_word' id='word_1_79' title='bbox 353 791 509 840; x_wconf 87' lang='lat' dir='ltr'>videtis,</span> <span class='ocrx_word' id='word_1_80' title='bbox 527 792 659 830; x_wconf 85' lang='lat' dir='ltr'>nullus</span> <span class='ocrx_word' id='word_1_81' title='bbox 679 793 926 843; x_wconf 84' lang='lat' dir='ltr'>magistratus</span> <span class='ocrx_word' id='word_1_82' title='bbox 956 799 1018 830; x_wconf 86' lang='lat' dir='ltr'>est</span> <span class='ocrx_word' id='word_1_83' title='bbox 1037 792 1222 836; x_wconf 88' lang='lat' dir='ltr'>omnium,</span> <span class='ocrx_word' id='word_1_84' title='bbox 1246 804 1365 841; x_wconf 90' lang='lat' dir='ltr'>quem</span> <span class='ocrx_word' id='word_1_85' title='bbox 1390 803 1467 828; x_wconf 91' lang='lat' dir='ltr'>non</span> <span class='ocrx_word' id='word_1_86' title='bbox 1501 804 1588 841; x_wconf 87' lang='lat' dir='ltr'>ges-</span> 
     </span>
     <span class='ocr_line' id='line_1_11' title="bbox 119 851 1591 904; baseline 0.001 -15"><span class='ocrx_word' id='word_1_87' title='bbox 119 852 223 898; x_wconf 88' lang='lat' dir='ltr'>serit,</span> <span class='ocrx_word' id='word_1_88' title='bbox 242 865 319 890; x_wconf 90' lang='lat' dir='ltr'>non</span> <span class='ocrx_word' id='word_1_89' title='bbox 339 852 448 890; x_wconf 89' lang='lat' dir='ltr'>illum</span> <span class='ocrx_word' id='word_1_90' title='bbox 467 853 624 904; x_wconf 91' lang='lat' dir='ltr'>quidem</span> <span class='ocrx_word' id='word_1_91' title='bbox 644 860 745 891; x_wconf 89' lang='lat' dir='ltr'>sorte</span> <span class='ocrx_word' id='word_1_92' title='bbox 764 853 952 897; x_wconf 90' lang='lat' dir='ltr'>oblatum,</span> <span class='ocrx_word' id='word_1_93' title='bbox 969 858 1038 890; x_wconf 89' lang='lat' dir='ltr'>aut</span> <span class='ocrx_word' id='word_1_94' title='bbox 1055 851 1239 902; x_wconf 85' lang='lat' dir='ltr'>suffragio</span> <span class='ocrx_word' id='word_1_95' title='bbox 1257 851 1500 898; x_wconf 84' lang='lat' dir='ltr'>mandatum,</span> <span class='ocrx_word' id='word_1_96' title='bbox 1520 852 1591 890; x_wconf 91' lang='lat' dir='ltr'>sed</span> 
     </span>
     <span class='ocr_line' id='line_1_12' title="bbox 119 911 1592 965; baseline 0.001 -15"><span class='ocrx_word' id='word_1_97' title='bbox 119 925 256 951; x_wconf 89' lang='lat' dir='ltr'>omnes</span> <span class='ocrx_word' id='word_1_98' title='bbox 272 913 394 964; x_wconf 91' lang='lat' dir='ltr'>pretio</span> <span class='ocrx_word' id='word_1_99' title='bbox 410 921 546 952; x_wconf 89' lang='lat' dir='ltr'>contra</span> <span class='ocrx_word' id='word_1_100' title='bbox 558 914 665 965; x_wconf 83' lang='lat' dir='ltr'>leges</span> <span class='ocrx_word' id='word_1_101' title='bbox 684 914 916 965; x_wconf 90' lang='lat' dir='ltr'>redemptos.</span> <span class='ocrx_word' id='word_1_102' title='bbox 951 914 1127 954; x_wconf 80' lang='lat' dir='ltr'>Quorum</span> <span class='ocrx_word' id='word_1_103' title='bbox 1145 925 1218 962; x_wconf 81' lang='lat' dir='ltr'>ego</span> <span class='ocrx_word' id='word_1_104' title='bbox 1233 912 1408 963; x_wconf 88' lang='lat' dir='ltr'>plurimis</span> <span class='ocrx_word' id='word_1_105' title='bbox 1425 911 1592 960; x_wconf 89' lang='lat' dir='ltr'>omissis,</span> 
     </span>
     <span class='ocr_line' id='line_1_13' title="bbox 121 972 1592 1024; baseline 0 -13"><span class='ocrx_word' id='word_1_106' title='bbox 121 972 285 1011; x_wconf 85' lang='lat' dir='ltr'>duorum</span> <span class='ocrx_word' id='word_1_107' title='bbox 306 974 498 1012; x_wconf 82' lang='lat' dir='ltr'>duntaxat</span> <span class='ocrx_word' id='word_1_108' title='bbox 515 981 583 1012; x_wconf 91' lang='lat' dir='ltr'>aut</span> <span class='ocrx_word' id='word_1_109' title='bbox 599 975 715 1012; x_wconf 87' lang='lat' dir='ltr'>trium</span> <span class='ocrx_word' id='word_1_110' title='bbox 733 974 873 1012; x_wconf 86' lang='lat' dir='ltr'>faciam</span> <span class='ocrx_word' id='word_1_111' title='bbox 893 973 1142 1010; x_wconf 87' lang='lat' dir='ltr'>mentionem.</span> <span class='ocrx_word' id='word_1_112' title='bbox 1174 973 1324 1010; x_wconf 88' lang='lat' dir='ltr'>Censor</span> <span class='ocrx_word' id='word_1_113' title='bbox 1341 973 1485 1019; x_wconf 87' lang='lat' dir='ltr'>factus,</span> <span class='ocrx_word' id='word_1_114' title='bbox 1506 973 1592 1024; x_wconf 90' lang='lat' dir='ltr'>plu-</span> 
     </span>
     <span class='ocr_line' id='line_1_14' title="bbox 120 1033 1593 1085; baseline 0.001 -13"><span class='ocrx_word' id='word_1_115' title='bbox 120 1035 257 1072; x_wconf 90' lang='lat' dir='ltr'>rimum</span> <span class='ocrx_word' id='word_1_116' title='bbox 270 1034 493 1085; x_wconf 88' lang='lat' dir='ltr'>reipublicae</span> <span class='ocrx_word' id='word_1_117' title='bbox 513 1034 659 1081; x_wconf 86' lang='lat' dir='ltr'>nocuit,</span> <span class='ocrx_word' id='word_1_118' title='bbox 680 1047 768 1073; x_wconf 90' lang='lat' dir='ltr'>cum</span> <span class='ocrx_word' id='word_1_119' title='bbox 784 1034 1008 1072; x_wconf 90' lang='lat' dir='ltr'>muneribus</span> <span class='ocrx_word' id='word_1_120' title='bbox 1024 1034 1072 1072; x_wconf 90' lang='lat' dir='ltr'>ab</span> <span class='ocrx_word' id='word_1_121' title='bbox 1093 1033 1138 1071; x_wconf 87' lang='lat' dir='ltr'>iis</span> <span class='ocrx_word' id='word_1_122' title='bbox 1154 1033 1406 1085; x_wconf 84' lang='lat' dir='ltr'>accipiendis,</span> <span class='ocrx_word' id='word_1_123' title='bbox 1426 1035 1492 1085; x_wconf 88' lang='lat' dir='ltr'>qui</span> <span class='ocrx_word' id='word_1_124' title='bbox 1511 1048 1593 1074; x_wconf 89' lang='lat' dir='ltr'>rem</span> 
     </span>
     <span class='ocr_line' id='line_1_15' title="bbox 121 1095 1593 1149; baseline 0 -14"><span class='ocrx_word' id='word_1_125' title='bbox 121 1096 222 1135; x_wconf 80' lang='lat' dir='ltr'>male</span> <span class='ocrx_word' id='word_1_126' title='bbox 245 1103 462 1149; x_wconf 86' lang='lat' dir='ltr'>gesserant,</span> <span class='ocrx_word' id='word_1_127' title='bbox 484 1103 568 1135; x_wconf 90' lang='lat' dir='ltr'>tum</span> <span class='ocrx_word' id='word_1_128' title='bbox 593 1096 639 1134; x_wconf 87' lang='lat' dir='ltr'>iis</span> <span class='ocrx_word' id='word_1_129' title='bbox 669 1096 833 1134; x_wconf 86' lang='lat' dir='ltr'>maxime</span> <span class='ocrx_word' id='word_1_130' title='bbox 853 1095 1155 1141; x_wconf 86' lang='lat' dir='ltr'>calumniandis,</span> <span class='ocrx_word' id='word_1_131' title='bbox 1178 1096 1244 1146; x_wconf 88' lang='lat' dir='ltr'>qui</span> <span class='ocrx_word' id='word_1_132' title='bbox 1264 1096 1433 1134; x_wconf 89' lang='lat' dir='ltr'>rationes</span> <span class='ocrx_word' id='word_1_133' title='bbox 1452 1097 1593 1135; x_wconf 85' lang='lat' dir='ltr'>refere-</span> 
     </span>
     <span class='ocr_line' id='line_1_16' title="bbox 120 1158 1593 1210; baseline 0.001 -13"><span class='ocrx_word' id='word_1_134' title='bbox 120 1159 233 1205; x_wconf 86' lang='lat' dir='ltr'>bant,</span> <span class='ocrx_word' id='word_1_135' title='bbox 263 1166 302 1198; x_wconf 89' lang='lat' dir='ltr'>et</span> <span class='ocrx_word' id='word_1_136' title='bbox 330 1159 426 1197; x_wconf 87' lang='lat' dir='ltr'>nihil</span> <span class='ocrx_word' id='word_1_137' title='bbox 458 1165 686 1210; x_wconf 87' lang='lat' dir='ltr'>peccarant.</span> <span class='ocrx_word' id='word_1_138' title='bbox 728 1159 936 1210; x_wconf 85' lang='lat' dir='ltr'>Imperavit</span> <span class='ocrx_word' id='word_1_139' title='bbox 962 1158 1078 1196; x_wconf 86' lang='lat' dir='ltr'>etiarn</span> <span class='ocrx_word' id='word_1_140' title='bbox 1109 1158 1246 1205; x_wconf 86' lang='lat' dir='ltr'>Andri,</span> <span class='ocrx_word' id='word_1_141' title='bbox 1277 1158 1438 1210; x_wconf 91' lang='lat' dir='ltr'>imperio</span> <span class='ocrx_word' id='word_1_142' title='bbox 1477 1172 1593 1198; x_wconf 84' lang='lat' dir='ltr'>xxx.</span> 
     </span>
     <span class='ocr_line' id='line_1_17' title="bbox 123 1219 1594 1271; baseline 0.001 -13"><span class='ocrx_word' id='word_1_143' title='bbox 123 1220 236 1259; x_wconf 88' lang='lat' dir='ltr'>minis</span> <span class='ocrx_word' id='word_1_144' title='bbox 256 1220 471 1271; x_wconf 89' lang='lat' dir='ltr'>redempto,</span> <span class='ocrx_word' id='word_1_145' title='bbox 484 1234 529 1259; x_wconf 90' lang='lat' dir='ltr'>ac</span> <span class='ocrx_word' id='word_1_146' title='bbox 548 1219 710 1258; x_wconf 88' lang='lat' dir='ltr'>novenis</span> <span class='ocrx_word' id='word_1_147' title='bbox 727 1221 851 1258; x_wconf 90' lang='lat' dir='ltr'>obolis</span> <span class='ocrx_word' id='word_1_148' title='bbox 866 1220 906 1258; x_wconf 89' lang='lat' dir='ltr'>in</span> <span class='ocrx_word' id='word_1_149' title='bbox 919 1220 1063 1258; x_wconf 88' lang='lat' dir='ltr'>minam</span> <span class='ocrx_word' id='word_1_150' title='bbox 1080 1220 1249 1271; x_wconf 88' lang='lat' dir='ltr'>pecunia</span> <span class='ocrx_word' id='word_1_151' title='bbox 1263 1227 1398 1258; x_wconf 89' lang='lat' dir='ltr'>mutuo</span> <span class='ocrx_word' id='word_1_152' title='bbox 1416 1228 1594 1271; x_wconf 88' lang='lat' dir='ltr'>sumpta:</span> 
     </span>
     <span class='ocr_line' id='line_1_18' title="bbox 123 1281 1594 1333; baseline 0.001 -15"><span class='ocrx_word' id='word_1_153' title='bbox 123 1287 167 1319; x_wconf 90' lang='lat' dir='ltr'>ut</span> <span class='ocrx_word' id='word_1_154' title='bbox 183 1287 397 1320; x_wconf 87' lang='lat' dir='ltr'>vestrorum</span> <span class='ocrx_word' id='word_1_155' title='bbox 418 1281 611 1320; x_wconf 90' lang='lat' dir='ltr'>sociorum</span> <span class='ocrx_word' id='word_1_156' title='bbox 631 1281 769 1333; x_wconf 90' lang='lat' dir='ltr'>opibus</span> <span class='ocrx_word' id='word_1_157' title='bbox 801 1295 913 1320; x_wconf 89' lang='lat' dir='ltr'>suam</span> <span class='ocrx_word' id='word_1_158' title='bbox 943 1282 1228 1332; x_wconf 89' lang='lat' dir='ltr'>improbitatem</span> <span class='ocrx_word' id='word_1_159' title='bbox 1257 1281 1444 1332; x_wconf 86' lang='lat' dir='ltr'>expleret.</span> <span class='ocrx_word' id='word_1_160' title='bbox 1491 1282 1594 1320; x_wconf 87' lang='lat' dir='ltr'>Tan-</span> 
     </span>
     <span class='ocr_line' id='line_1_19' title="bbox 123 1342 1595 1395; baseline 0 -14"><span class='ocrx_word' id='word_1_161' title='bbox 123 1349 283 1395; x_wconf 85' lang='lat' dir='ltr'>tamque</span> <span class='ocrx_word' id='word_1_162' title='bbox 319 1342 574 1395; x_wconf 83' lang='lat' dir='ltr'>petulantiam</span> <span class='ocrx_word' id='word_1_163' title='bbox 607 1342 646 1380; x_wconf 88' lang='lat' dir='ltr'>in</span> <span class='ocrx_word' id='word_1_164' title='bbox 671 1343 870 1381; x_wconf 90' lang='lat' dir='ltr'>hominum</span> <span class='ocrx_word' id='word_1_165' title='bbox 902 1342 1162 1394; x_wconf 87' lang='lat' dir='ltr'>ingenuorum</span> <span class='ocrx_word' id='word_1_166' title='bbox 1201 1355 1344 1381; x_wconf 88' lang='lat' dir='ltr'>uxores</span> <span class='ocrx_word' id='word_1_167' title='bbox 1370 1344 1595 1391; x_wconf 86' lang='lat' dir='ltr'>ostentavit,</span> 
     </span>
     <span class='ocr_line' id='line_1_20' title="bbox 124 1404 1595 1456; baseline 0.001 -14"><span class='ocrx_word' id='word_1_168' title='bbox 124 1411 452 1456; x_wconf 75' lang='lat' dir='ltr'>quantamnemo</span> <span class='ocrx_word' id='word_1_169' title='bbox 473 1404 571 1444; x_wconf 89' lang='lat' dir='ltr'>alius</span> <span class='ocrx_word' id='word_1_170' title='bbox 590 1418 790 1456; x_wconf 90' lang='lat' dir='ltr'>unquam:</span> <span class='ocrx_word' id='word_1_171' title='bbox 820 1418 984 1456; x_wconf 86' lang='lat' dir='ltr'>quorum</span> <span class='ocrx_word' id='word_1_172' title='bbox 1005 1418 1079 1456; x_wconf 87' lang='lat' dir='ltr'>ego</span> <span class='ocrx_word' id='word_1_173' title='bbox 1099 1405 1292 1443; x_wconf 90' lang='lat' dir='ltr'>neminem</span> <span class='ocrx_word' id='word_1_174' title='bbox 1312 1404 1390 1443; x_wconf 90' lang='lat' dir='ltr'>hue</span> <span class='ocrx_word' id='word_1_175' title='bbox 1409 1418 1522 1451; x_wconf 86' lang='lat' dir='ltr'>voco,</span> <span class='ocrx_word' id='word_1_176' title='bbox 1544 1405 1595 1443; x_wconf 89' lang='lat' dir='ltr'>ad</span> 
     </span>
     <span class='ocr_line' id='line_1_21' title="bbox 123 1466 1595 1518; baseline 0 -12"><span class='ocrx_word' id='word_1_177' title='bbox 123 1479 234 1506; x_wconf 87' lang='lat' dir='ltr'>suam</span> <span class='ocrx_word' id='word_1_178' title='bbox 255 1466 527 1513; x_wconf 84' lang='lat' dir='ltr'>calamitatem,</span> <span class='ocrx_word' id='word_1_179' title='bbox 543 1480 659 1518; x_wconf 88' lang='lat' dir='ltr'>quam</span> <span class='ocrx_word' id='word_1_180' title='bbox 678 1467 830 1506; x_wconf 90' lang='lat' dir='ltr'>silentio</span> <span class='ocrx_word' id='word_1_181' title='bbox 850 1474 983 1518; x_wconf 85' lang='lat' dir='ltr'>tegere</span> <span class='ocrx_word' id='word_1_182' title='bbox 1004 1467 1154 1512; x_wconf 83' lang='lat' dir='ltr'>statuit,</span> <span class='ocrx_word' id='word_1_183' title='bbox 1174 1467 1330 1518; x_wconf 92' lang='lat' dir='ltr'>publice</span> <span class='ocrx_word' id='word_1_184' title='bbox 1349 1468 1569 1505; x_wconf 82' lang='lat' dir='ltr'>testandam</span> <span class='ocrx_word' id='word_1_185' title='bbox 1586 1480 1595 1506; x_wconf 91' lang='lat'><strong>:</strong></span> 
     </span>
     <span class='ocr_line' id='line_1_22' title="bbox 125 1527 1597 1580; baseline 0.001 -14"><span class='ocrx_word' id='word_1_186' title='bbox 125 1528 197 1566; x_wconf 89' lang='lat' dir='ltr'>sed</span> <span class='ocrx_word' id='word_1_187' title='bbox 222 1528 263 1567; x_wconf 86' lang='lat' dir='ltr'>id</span> <span class='ocrx_word' id='word_1_188' title='bbox 282 1529 392 1567; x_wconf 90' lang='lat' dir='ltr'>vobis</span> <span class='ocrx_word' id='word_1_189' title='bbox 412 1528 588 1580; x_wconf 90' lang='lat' dir='ltr'>relinquo</span> <span class='ocrx_word' id='word_1_190' title='bbox 613 1529 881 1580; x_wconf 78' lang='lat' dir='ltr'>cogitandum.</span> <span class='ocrx_word' id='word_1_191' title='bbox 914 1528 1020 1571; x_wconf 81' lang='lat' dir='ltr'>Quid</span> <span class='ocrx_word' id='word_1_192' title='bbox 1039 1541 1130 1567; x_wconf 88' lang='lat' dir='ltr'>vero</span> <span class='ocrx_word' id='word_1_193' title='bbox 1159 1527 1426 1580; x_wconf 78' lang='lat' dir='ltr'>exspectatis?</span> <span class='ocrx_word' id='word_1_194' title='bbox 1457 1528 1533 1572; x_wconf 89' lang='lat' dir='ltr'>Qui</span> <span class='ocrx_word' id='word_1_195' title='bbox 1553 1542 1597 1567; x_wconf 84' lang='lat' dir='ltr'>se</span> 
     </span>
     <span class='ocr_line' id='line_1_23' title="bbox 125 1590 1596 1643; baseline 0 -15"><span class='ocrx_word' id='word_1_196' title='bbox 125 1590 292 1629; x_wconf 90' lang='lat' dir='ltr'>Athenis</span> <span class='ocrx_word' id='word_1_197' title='bbox 311 1590 528 1630; x_wconf 87' lang='lat' dir='ltr'>insolenter</span> <span class='ocrx_word' id='word_1_198' title='bbox 547 1591 658 1642; x_wconf 85' lang='lat' dir='ltr'>gerit,</span> <span class='ocrx_word' id='word_1_199' title='bbox 687 1604 765 1630; x_wconf 90' lang='lat' dir='ltr'>non</span> <span class='ocrx_word' id='word_1_200' title='bbox 784 1591 825 1629; x_wconf 89' lang='lat' dir='ltr'>in</span> <span class='ocrx_word' id='word_1_201' title='bbox 845 1591 942 1630; x_wconf 90' lang='lat' dir='ltr'>alios</span> <span class='ocrx_word' id='word_1_202' title='bbox 964 1591 1167 1638; x_wconf 87' lang='lat' dir='ltr'>duntaxat,</span> <span class='ocrx_word' id='word_1_203' title='bbox 1189 1591 1262 1628; x_wconf 90' lang='lat' dir='ltr'>sed</span> <span class='ocrx_word' id='word_1_204' title='bbox 1281 1597 1321 1628; x_wconf 93' lang='lat' dir='ltr'>et</span> <span class='ocrx_word' id='word_1_205' title='bbox 1344 1590 1382 1628; x_wconf 93' lang='lat' dir='ltr'>in</span> <span class='ocrx_word' id='word_1_206' title='bbox 1403 1603 1517 1628; x_wconf 89' lang='lat' dir='ltr'>suum</span> <span class='ocrx_word' id='word_1_207' title='bbox 1537 1591 1596 1643; x_wconf 90' lang='lat' dir='ltr'>ip-</span> 
     </span>
     <span class='ocr_line' id='line_1_24' title="bbox 125 1650 1597 1703; baseline 0.001 -14"><span class='ocrx_word' id='word_1_208' title='bbox 125 1650 204 1690; x_wconf 86' lang='lat' dir='ltr'>sius</span> <span class='ocrx_word' id='word_1_209' title='bbox 225 1663 382 1703; x_wconf 85' lang='lat' dir='ltr'>corpus,</span> <span class='ocrx_word' id='word_1_210' title='bbox 403 1665 492 1691; x_wconf 91' lang='lat' dir='ltr'>cum</span> <span class='ocrx_word' id='word_1_211' title='bbox 520 1651 630 1703; x_wconf 84' lang='lat' dir='ltr'>leges</span> <span class='ocrx_word' id='word_1_212' title='bbox 653 1652 743 1699; x_wconf 89' lang='lat' dir='ltr'>sint,</span> <span class='ocrx_word' id='word_1_213' title='bbox 763 1665 852 1690; x_wconf 90' lang='lat' dir='ltr'>cum</span> <span class='ocrx_word' id='word_1_214' title='bbox 883 1664 953 1690; x_wconf 91' lang='lat' dir='ltr'>vos</span> <span class='ocrx_word' id='word_1_215' title='bbox 971 1652 1147 1697; x_wconf 83' lang='lat' dir='ltr'>videatis,</span> <span class='ocrx_word' id='word_1_216' title='bbox 1168 1665 1258 1688; x_wconf 90' lang='lat' dir='ltr'>cum</span> <span class='ocrx_word' id='word_1_217' title='bbox 1287 1651 1433 1689; x_wconf 91' lang='lat' dir='ltr'>inimici</span> <span class='ocrx_word' id='word_1_218' title='bbox 1463 1653 1497 1690; x_wconf 91' lang='lat' dir='ltr'>ei</span> <span class='ocrx_word' id='word_1_219' title='bbox 1524 1652 1597 1691; x_wconf 88' lang='lat' dir='ltr'>im-</span> 
     </span>
     <span class='ocr_line' id='line_1_25' title="bbox 126 1712 1598 1764; baseline 0.002 -14"><span class='ocrx_word' id='word_1_220' title='bbox 126 1712 322 1751; x_wconf 83' lang='lat' dir='ltr'>mineant:</span> <span class='ocrx_word' id='word_1_221' title='bbox 352 1725 442 1751; x_wconf 91' lang='lat' dir='ltr'>eum</span> <span class='ocrx_word' id='word_1_222' title='bbox 468 1713 667 1752; x_wconf 84' lang='lat' dir='ltr'>licentiam</span> <span class='ocrx_word' id='word_1_223' title='bbox 692 1718 866 1759; x_wconf 89' lang='lat' dir='ltr'>nactum,</span> <span class='ocrx_word' id='word_1_224' title='bbox 886 1721 926 1751; x_wconf 88' lang='lat' dir='ltr'>et</span> <span class='ocrx_word' id='word_1_225' title='bbox 945 1713 1212 1751; x_wconf 88' lang='lat' dir='ltr'>auctoritatem</span> <span class='ocrx_word' id='word_1_226' title='bbox 1240 1720 1357 1764; x_wconf 90' lang='lat' dir='ltr'>atque</span> <span class='ocrx_word' id='word_1_227' title='bbox 1383 1714 1598 1764; x_wconf 89' lang='lat' dir='ltr'>imperium,</span> 
     </span>
     <span class='ocr_line' id='line_1_26' title="bbox 127 1773 1597 1827; baseline 0.001 -15"><span class='ocrx_word' id='word_1_228' title='bbox 127 1773 214 1825; x_wconf 87' lang='lat' dir='ltr'>quis</span> <span class='ocrx_word' id='word_1_229' title='bbox 234 1780 366 1825; x_wconf 87' lang='lat' dir='ltr'>speret</span> <span class='ocrx_word' id='word_1_230' title='bbox 382 1773 505 1811; x_wconf 84' lang='lat' dir='ltr'>ullum</span> <span class='ocrx_word' id='word_1_231' title='bbox 519 1774 810 1824; x_wconf 78' lang='lat' dir='ltr'>praetermisisse</span> <span class='ocrx_word' id='word_1_232' title='bbox 826 1774 1119 1825; x_wconf 88' lang='lat' dir='ltr'>spurcissimum</span> <span class='ocrx_word' id='word_1_233' title='bbox 1134 1773 1308 1812; x_wconf 75' lang='lat' dir='ltr'>facinus?</span> <span class='ocrx_word' id='word_1_234' title='bbox 1330 1774 1389 1812; x_wconf 95' lang='lat' dir='ltr'>Ac</span> <span class='ocrx_word' id='word_1_235' title='bbox 1404 1775 1496 1813; x_wconf 93' lang='lat' dir='ltr'>mihi</span> <span class='ocrx_word' id='word_1_236' title='bbox 1510 1789 1597 1827; x_wconf 93' lang='lat' dir='ltr'>pro-</span> 
     </span>
     <span class='ocr_line' id='line_1_27' title="bbox 126 1834 1599 1887; baseline 0.003 -15"><span class='ocrx_word' id='word_1_237' title='bbox 126 1834 230 1873; x_wconf 82' lang='lat' dir='ltr'>fecto</span> <span class='ocrx_word' id='word_1_238' title='bbox 246 1847 352 1887; x_wconf 86' lang='lat' dir='ltr'>saepe</span> <span class='ocrx_word' id='word_1_239' title='bbox 372 1834 489 1873; x_wconf 90' lang='lat' dir='ltr'>subiit</span> <span class='ocrx_word' id='word_1_240' title='bbox 507 1834 731 1873; x_wconf 86' lang='lat' dir='ltr'>felicitatem</span> <span class='ocrx_word' id='word_1_241' title='bbox 753 1841 896 1873; x_wconf 83' lang='lat' dir='ltr'>nostrae</span> <span class='ocrx_word' id='word_1_242' title='bbox 917 1835 1023 1873; x_wconf 90' lang='lat' dir='ltr'>urbis</span> <span class='ocrx_word' id='word_1_243' title='bbox 1043 1834 1185 1882; x_wconf 85' lang='lat' dir='ltr'>mirari,</span> <span class='ocrx_word' id='word_1_244' title='bbox 1201 1848 1290 1873; x_wconf 91' lang='lat' dir='ltr'>cum</span> <span class='ocrx_word' id='word_1_245' title='bbox 1305 1836 1355 1874; x_wconf 94' lang='lat' dir='ltr'>ob</span> <span class='ocrx_word' id='word_1_246' title='bbox 1371 1836 1447 1874; x_wconf 90' lang='lat' dir='ltr'>alia</span> <span class='ocrx_word' id='word_1_247' title='bbox 1461 1838 1599 1885; x_wconf 89' lang='lat' dir='ltr'>multa,</span> 
     </span>
     <span class='ocr_line' id='line_1_28' title="bbox 127 1896 1598 1949; baseline 0.002 -14"><span class='ocrx_word' id='word_1_248' title='bbox 127 1902 211 1935; x_wconf 85' lang='lat' dir='ltr'>tum</span> <span class='ocrx_word' id='word_1_249' title='bbox 230 1897 281 1935; x_wconf 93' lang='lat' dir='ltr'>ob</span> <span class='ocrx_word' id='word_1_250' title='bbox 312 1896 411 1935; x_wconf 83' lang='lat' dir='ltr'>iliud</span> <span class='ocrx_word' id='word_1_251' title='bbox 439 1896 621 1943; x_wconf 86' lang='lat' dir='ltr'>maxime,</span> <span class='ocrx_word' id='word_1_252' title='bbox 652 1896 760 1948; x_wconf 90' lang='lat' dir='ltr'>quod</span> <span class='ocrx_word' id='word_1_253' title='bbox 789 1909 836 1935; x_wconf 93' lang='lat' dir='ltr'>eo</span> <span class='ocrx_word' id='word_1_254' title='bbox 864 1903 1038 1949; x_wconf 89' lang='lat' dir='ltr'>tempore</span> <span class='ocrx_word' id='word_1_255' title='bbox 1067 1896 1199 1935; x_wconf 89' lang='lat' dir='ltr'>nullus</span> <span class='ocrx_word' id='word_1_256' title='bbox 1227 1898 1334 1937; x_wconf 88' lang='lat' dir='ltr'>urbis</span> <span class='ocrx_word' id='word_1_257' title='bbox 1361 1898 1598 1938; x_wconf 88' lang='lat' dir='ltr'>Andriorum</span> 
     </span>
     <span class='ocr_line' id='line_1_29' title="bbox 127 1958 462 2011; baseline -0.006 -13"><span class='ocrx_word' id='word_1_258' title='bbox 127 1965 282 2011; x_wconf 87' lang='lat' dir='ltr'>emptor</span> <span class='ocrx_word' id='word_1_259' title='bbox 301 1958 462 1997; x_wconf 82' lang='lat' dir='ltr'>exstitit.</span> 
     </span>
    </p>

    <p class='ocr_par' dir='ltr' id='par_1_4' title="bbox 130 2019 1603 2996">
     <span class='ocr_line' id='line_1_30' title="bbox 182 2019 1598 2075; baseline 0.004 -17"><span class='ocrx_word' id='word_1_260' title='bbox 182 2023 250 2060; x_wconf 81' lang='lat'>23.</span> <span class='ocrx_word' id='word_1_261' title='bbox 279 2020 360 2058; x_wconf 92' lang='lat' dir='ltr'>Sed</span> <span class='ocrx_word' id='word_1_262' title='bbox 380 2019 553 2058; x_wconf 84' lang='lat' dir='ltr'>fortassis</span> <span class='ocrx_word' id='word_1_263' title='bbox 573 2033 642 2071; x_wconf 89' lang='lat' dir='ltr'>per</span> <span class='ocrx_word' id='word_1_264' title='bbox 662 2032 704 2058; x_wconf 89' lang='lat' dir='ltr'>se</span> <span class='ocrx_word' id='word_1_265' title='bbox 726 2020 978 2071; x_wconf 83' lang='lat' dir='ltr'>magistratus</span> <span class='ocrx_word' id='word_1_266' title='bbox 996 2020 1070 2059; x_wconf 87' lang='lat' dir='ltr'>fuit</span> <span class='ocrx_word' id='word_1_267' title='bbox 1088 2020 1299 2072; x_wconf 83' lang='lat' dir='ltr'>improbus,</span> <span class='ocrx_word' id='word_1_268' title='bbox 1326 2035 1416 2060; x_wconf 91' lang='lat' dir='ltr'>cum</span> <span class='ocrx_word' id='word_1_269' title='bbox 1435 2023 1598 2075; x_wconf 85' lang='lat' dir='ltr'>collegis</span> 
     </span>
     <span class='ocr_line' id='line_1_31' title="bbox 130 2081 1601 2129; baseline 0.002 -9"><span class='ocrx_word' id='word_1_270' title='bbox 130 2088 262 2121; x_wconf 90' lang='lat' dir='ltr'>autem</span> <span class='ocrx_word' id='word_1_271' title='bbox 298 2081 535 2120; x_wconf 84' lang='lat' dir='ltr'>moderatus.</span> <span class='ocrx_word' id='word_1_272' title='bbox 576 2081 727 2120; x_wconf 74' lang='lat' dir='ltr'>Unde?</span> <span class='ocrx_word' id='word_1_273' title='bbox 758 2082 850 2129; x_wconf 90' lang='lat' dir='ltr'>Iste,</span> <span class='ocrx_word' id='word_1_274' title='bbox 879 2082 1155 2128; x_wconf 85' lang='lat' dir='ltr'>Athenienses,</span> <span class='ocrx_word' id='word_1_275' title='bbox 1188 2090 1344 2121; x_wconf 88' lang='lat' dir='ltr'>senator</span> <span class='ocrx_word' id='word_1_276' title='bbox 1380 2084 1508 2122; x_wconf 86' lang='lat' dir='ltr'>factus</span> <span class='ocrx_word' id='word_1_277' title='bbox 1540 2092 1601 2123; x_wconf 90' lang='lat' dir='ltr'>est</span> 
     </span>
     <span class='ocr_line' id='line_1_32' title="bbox 130 2143 1599 2196; baseline 0.002 -14"><span class='ocrx_word' id='word_1_278' title='bbox 130 2151 297 2196; x_wconf 89' lang='lat' dir='ltr'>praetore</span> <span class='ocrx_word' id='word_1_279' title='bbox 326 2143 585 2195; x_wconf 87' lang='lat' dir='ltr'>Nicophemo.</span> <span class='ocrx_word' id='word_1_280' title='bbox 634 2143 778 2181; x_wconf 83' lang='lat' dir='ltr'>Omnia</span> <span class='ocrx_word' id='word_1_281' title='bbox 796 2156 910 2195; x_wconf 90' lang='lat' dir='ltr'>porro</span> <span class='ocrx_word' id='word_1_282' title='bbox 940 2143 1023 2195; x_wconf 90' lang='lat' dir='ltr'>ejus</span> <span class='ocrx_word' id='word_1_283' title='bbox 1053 2143 1228 2181; x_wconf 87' lang='lat' dir='ltr'>facinora</span> <span class='ocrx_word' id='word_1_284' title='bbox 1259 2144 1325 2182; x_wconf 90' lang='lat' dir='ltr'>illo</span> <span class='ocrx_word' id='word_1_285' title='bbox 1350 2157 1452 2184; x_wconf 84' lang='lat' dir='ltr'>anno</span> <span class='ocrx_word' id='word_1_286' title='bbox 1480 2146 1599 2193; x_wconf 91' lang='lat' dir='ltr'>edita,</span> 
     </span>
     <span class='ocr_line' id='line_1_33' title="bbox 130 2204 1598 2258; baseline 0.001 -14"><span class='ocrx_word' id='word_1_287' title='bbox 130 2206 274 2258; x_wconf 85' lang='lat' dir='ltr'>exigua</span> <span class='ocrx_word' id='word_1_288' title='bbox 288 2205 451 2244; x_wconf 84' lang='lat' dir='ltr'>dieculae</span> <span class='ocrx_word' id='word_1_289' title='bbox 470 2210 583 2256; x_wconf 88' lang='lat' dir='ltr'>parte</span> <span class='ocrx_word' id='word_1_290' title='bbox 602 2204 703 2243; x_wconf 86' lang='lat' dir='ltr'>velle</span> <span class='ocrx_word' id='word_1_291' title='bbox 722 2217 939 2253; x_wconf 84' lang='lat' dir='ltr'>recensere,</span> <span class='ocrx_word' id='word_1_292' title='bbox 960 2206 1171 2243; x_wconf 86' lang='lat' dir='ltr'>absurdum</span> <span class='ocrx_word' id='word_1_293' title='bbox 1193 2206 1331 2244; x_wconf 87' lang='lat' dir='ltr'>fuerit:</span> <span class='ocrx_word' id='word_1_294' title='bbox 1360 2220 1448 2257; x_wconf 85' lang='lat' dir='ltr'>quae</span> <span class='ocrx_word' id='word_1_295' title='bbox 1467 2215 1598 2246; x_wconf 90' lang='lat' dir='ltr'>autem</span> 
     </span>
     <span class='ocr_line' id='line_1_34' title="bbox 131 2266 1601 2318; baseline 0.002 -13"><span class='ocrx_word' id='word_1_296' title='bbox 131 2267 282 2305; x_wconf 91' lang='lat' dir='ltr'>crimini</span> <span class='ocrx_word' id='word_1_297' title='bbox 310 2266 428 2318; x_wconf 86' lang='lat' dir='ltr'>hujus</span> <span class='ocrx_word' id='word_1_298' title='bbox 462 2266 599 2318; x_wconf 89' lang='lat' dir='ltr'>judicii</span> <span class='ocrx_word' id='word_1_299' title='bbox 632 2266 798 2305; x_wconf 87' lang='lat' dir='ltr'>maxime</span> <span class='ocrx_word' id='word_1_300' title='bbox 832 2274 925 2305; x_wconf 92' lang='lat' dir='ltr'>sunt</span> <span class='ocrx_word' id='word_1_301' title='bbox 953 2266 1092 2312; x_wconf 92' lang='lat' dir='ltr'>affinia,</span> <span class='ocrx_word' id='word_1_302' title='bbox 1126 2280 1173 2305; x_wconf 91' lang='lat' dir='ltr'>ea</span> <span class='ocrx_word' id='word_1_303' title='bbox 1200 2280 1394 2318; x_wconf 86' lang='lat' dir='ltr'>exponam</span> <span class='ocrx_word' id='word_1_304' title='bbox 1421 2270 1601 2309; x_wconf 86' lang='lat' dir='ltr'>breviter.</span> 
     </span>
     <span class='ocr_line' id='line_1_35' title="bbox 133 2327 1601 2382; baseline 0.003 -16"><span class='ocrx_word' id='word_1_305' title='bbox 133 2327 283 2366; x_wconf 87' lang='lat' dir='ltr'>Eodem</span> <span class='ocrx_word' id='word_1_306' title='bbox 311 2328 429 2379; x_wconf 90' lang='lat' dir='ltr'>igitur</span> <span class='ocrx_word' id='word_1_307' title='bbox 448 2335 628 2379; x_wconf 85' lang='lat' dir='ltr'>praetore,</span> <span class='ocrx_word' id='word_1_308' title='bbox 656 2341 745 2366; x_wconf 89' lang='lat' dir='ltr'>cum</span> <span class='ocrx_word' id='word_1_309' title='bbox 776 2329 845 2366; x_wconf 89' lang='lat' dir='ltr'>iste</span> <span class='ocrx_word' id='word_1_310' title='bbox 873 2335 1030 2366; x_wconf 88' lang='lat' dir='ltr'>senator</span> <span class='ocrx_word' id='word_1_311' title='bbox 1059 2336 1176 2375; x_wconf 90' lang='lat' dir='ltr'>esset,</span> <span class='ocrx_word' id='word_1_312' title='bbox 1210 2329 1396 2367; x_wconf 89' lang='lat' dir='ltr'>Minervae</span> <span class='ocrx_word' id='word_1_313' title='bbox 1428 2339 1601 2382; x_wconf 77' lang='lat' dir='ltr'>quaestor</span> 
     </span>
     <span class='ocr_line' id='line_1_36' title="bbox 131 2388 1602 2444; baseline 0.003 -18"><span class='ocrx_word' id='word_1_314' title='bbox 131 2388 206 2427; x_wconf 83' lang='lat' dir='ltr'>fuit</span> <span class='ocrx_word' id='word_1_315' title='bbox 225 2389 495 2440; x_wconf 86' lang='lat' dir='ltr'>Hegesander,</span> <span class='ocrx_word' id='word_1_316' title='bbox 513 2388 672 2440; x_wconf 87' lang='lat' dir='ltr'>Crobyli</span> <span class='ocrx_word' id='word_1_317' title='bbox 692 2389 822 2427; x_wconf 88' lang='lat' dir='ltr'>frater.</span> <span class='ocrx_word' id='word_1_318' title='bbox 854 2390 1101 2427; x_wconf 87' lang='lat' dir='ltr'>Furabantur</span> <span class='ocrx_word' id='word_1_319' title='bbox 1117 2397 1246 2428; x_wconf 89' lang='lat' dir='ltr'>autem</span> <span class='ocrx_word' id='word_1_320' title='bbox 1265 2390 1381 2438; x_wconf 90' lang='lat' dir='ltr'>clam,</span> <span class='ocrx_word' id='word_1_321' title='bbox 1399 2398 1439 2429; x_wconf 88' lang='lat' dir='ltr'>et</span> <span class='ocrx_word' id='word_1_322' title='bbox 1458 2406 1602 2444; x_wconf 82' lang='lat' dir='ltr'>magna</span> 
     </span>
     <span class='ocr_line' id='line_1_37' title="bbox 132 2449 1599 2499; baseline 0.001 -9"><span class='ocrx_word' id='word_1_323' title='bbox 132 2462 222 2490; x_wconf 80' lang='lat' dir='ltr'>cum</span> <span class='ocrx_word' id='word_1_324' title='bbox 241 2450 318 2489; x_wconf 91' lang='lat' dir='ltr'>fide</span> <span class='ocrx_word' id='word_1_325' title='bbox 338 2450 521 2489; x_wconf 77' lang='lat' dir='ltr'>amicitiae</span> <span class='ocrx_word' id='word_1_326' title='bbox 554 2461 606 2489; x_wconf 87' lang='lat' dir='ltr'>M.</span> <span class='ocrx_word' id='word_1_327' title='bbox 636 2449 842 2489; x_wconf 87' lang='lat' dir='ltr'>drachmas</span> <span class='ocrx_word' id='word_1_328' title='bbox 861 2451 1021 2489; x_wconf 85' lang='lat' dir='ltr'>civitati.</span> <span class='ocrx_word' id='word_1_329' title='bbox 1055 2452 1146 2493; x_wconf 85' lang='lat' dir='ltr'>Qua</span> <span class='ocrx_word' id='word_1_330' title='bbox 1164 2464 1203 2489; x_wconf 92' lang='lat' dir='ltr'>re</span> <span class='ocrx_word' id='word_1_331' title='bbox 1227 2451 1285 2488; x_wconf 89' lang='lat' dir='ltr'>vir</span> <span class='ocrx_word' id='word_1_332' title='bbox 1313 2453 1455 2499; x_wconf 85' lang='lat' dir='ltr'>bonus,</span> <span class='ocrx_word' id='word_1_333' title='bbox 1486 2454 1599 2492; x_wconf 87' lang='lat' dir='ltr'>Pam-</span> 
     </span>
     <span class='ocr_line' id='line_1_38' title="bbox 132 2511 1603 2564; baseline 0.001 -13"><span class='ocrx_word' id='word_1_334' title='bbox 132 2511 262 2564; x_wconf 87' lang='lat' dir='ltr'>philus</span> <span class='ocrx_word' id='word_1_335' title='bbox 277 2512 558 2557; x_wconf 84' lang='lat' dir='ltr'>Acherdusius‚</span> <span class='ocrx_word' id='word_1_336' title='bbox 575 2511 638 2552; x_wconf 89' lang='lat' dir='ltr'>cui</span> <span class='ocrx_word' id='word_1_337' title='bbox 654 2525 743 2550; x_wconf 90' lang='lat' dir='ltr'>cum</span> <span class='ocrx_word' id='word_1_338' title='bbox 757 2512 831 2550; x_wconf 89' lang='lat' dir='ltr'>isto</span> <span class='ocrx_word' id='word_1_339' title='bbox 844 2513 1049 2551; x_wconf 86' lang='lat' dir='ltr'>simultatis</span> <span class='ocrx_word' id='word_1_340' title='bbox 1065 2512 1211 2564; x_wconf 90' lang='lat' dir='ltr'>aliquid</span> <span class='ocrx_word' id='word_1_341' title='bbox 1224 2512 1506 2560; x_wconf 84' lang='lat' dir='ltr'>intercedebat,</span> <span class='ocrx_word' id='word_1_342' title='bbox 1522 2515 1603 2552; x_wconf 87' lang='lat' dir='ltr'>ani·</span> 
     </span>
     <span class='ocr_line' id='line_1_39' title="bbox 135 2572 1602 2624; baseline 0.003 -13"><span class='ocrx_word' id='word_1_343' title='bbox 135 2572 351 2621; x_wconf 86' lang='lat' dir='ltr'>madversa,</span> <span class='ocrx_word' id='word_1_344' title='bbox 381 2580 598 2612; x_wconf 90' lang='lat' dir='ltr'>commotus</span> <span class='ocrx_word' id='word_1_345' title='bbox 618 2573 658 2611; x_wconf 91' lang='lat' dir='ltr'>in</span> <span class='ocrx_word' id='word_1_346' title='bbox 683 2574 871 2612; x_wconf 89' lang='lat' dir='ltr'>concione</span> <span class='ocrx_word' id='word_1_347' title='bbox 900 2574 1076 2620; x_wconf 88' lang='lat' dir='ltr'>surrexit,</span> <span class='ocrx_word' id='word_1_348' title='bbox 1105 2587 1149 2612; x_wconf 89' lang='lat' dir='ltr'>ac</span> <span class='ocrx_word' id='word_1_349' title='bbox 1177 2574 1297 2612; x_wconf 88' lang='lat' dir='ltr'>dixit:</span> <span class='ocrx_word' id='word_1_350' title='bbox 1329 2575 1602 2624; x_wconf 87' lang='lat' dir='ltr'>Athenienses,</span> 
     </span>
     <span class='ocr_line' id='line_1_40' title="bbox 135 2633 1602 2676; baseline 0.003 -5"><span class='ocrx_word' id='word_1_351' title='bbox 135 2633 313 2673; x_wconf 83' lang='lat' dir='ltr'>furantur</span> <span class='ocrx_word' id='word_1_352' title='bbox 331 2635 439 2674; x_wconf 88' lang='lat' dir='ltr'>vobis</span> <span class='ocrx_word' id='word_1_353' title='bbox 459 2636 714 2674; x_wconf 85' lang='lat' dir='ltr'>communiter</span> <span class='ocrx_word' id='word_1_354' title='bbox 733 2635 893 2674; x_wconf 88' lang='lat' dir='ltr'>maritus</span> <span class='ocrx_word' id='word_1_355' title='bbox 921 2642 961 2673; x_wconf 90' lang='lat' dir='ltr'>et</span> <span class='ocrx_word' id='word_1_356' title='bbox 979 2648 1076 2673; x_wconf 81' lang='lat' dir='ltr'>uxor</span> <span class='ocrx_word' id='word_1_357' title='bbox 1101 2635 1204 2673; x_wconf 89' lang='lat' dir='ltr'>mille</span> <span class='ocrx_word' id='word_1_358' title='bbox 1225 2635 1442 2674; x_wconf 87' lang='lat' dir='ltr'>drachmas.</span> <span class='ocrx_word' id='word_1_359' title='bbox 1481 2637 1602 2676; x_wconf 87' lang='lat' dir='ltr'>Vobis</span> 
     </span>
     <span class='ocr_line' id='line_1_41' title="bbox 137 2696 1603 2748; baseline 0.002 -15"><span class='ocrx_word' id='word_1_360' title='bbox 137 2702 267 2734; x_wconf 87' lang='lat' dir='ltr'>autem</span> <span class='ocrx_word' id='word_1_361' title='bbox 287 2696 498 2744; x_wconf 88' lang='lat' dir='ltr'>admiratis,</span> <span class='ocrx_word' id='word_1_362' title='bbox 517 2711 595 2748; x_wconf 91' lang='lat' dir='ltr'>quo</span> <span class='ocrx_word' id='word_1_363' title='bbox 620 2703 736 2748; x_wconf 90' lang='lat' dir='ltr'>pacto</span> <span class='ocrx_word' id='word_1_364' title='bbox 759 2697 921 2735; x_wconf 88' lang='lat' dir='ltr'>maritus</span> <span class='ocrx_word' id='word_1_365' title='bbox 942 2703 983 2734; x_wconf 93' lang='lat' dir='ltr'>et</span> <span class='ocrx_word' id='word_1_366' title='bbox 1000 2709 1111 2743; x_wconf 87' lang='lat' dir='ltr'>uxor,</span> <span class='ocrx_word' id='word_1_367' title='bbox 1137 2703 1176 2734; x_wconf 91' lang='lat' dir='ltr'>et</span> <span class='ocrx_word' id='word_1_368' title='bbox 1194 2697 1297 2747; x_wconf 82' lang='lat' dir='ltr'>quid&#39;</span> <span class='ocrx_word' id='word_1_369' title='bbox 1316 2710 1363 2735; x_wconf 84' lang='lat' dir='ltr'>ea</span> <span class='ocrx_word' id='word_1_370' title='bbox 1387 2698 1456 2735; x_wconf 85' lang='lat' dir='ltr'>sibi</span> <span class='ocrx_word' id='word_1_371' title='bbox 1488 2699 1603 2737; x_wconf 84' lang='lat' dir='ltr'>vellet</span> 
     </span>
     <span class='ocr_line' id='line_1_42' title="bbox 137 2756 1602 2810; baseline 0.003 -17"><span class='ocrx_word' id='word_1_372' title='bbox 137 2756 274 2801; x_wconf 81' lang='lat' dir='ltr'>oratio,</span> <span class='ocrx_word' id='word_1_373' title='bbox 295 2757 413 2807; x_wconf 91' lang='lat' dir='ltr'>paulo</span> <span class='ocrx_word' id='word_1_374' title='bbox 427 2765 540 2809; x_wconf 85' lang='lat' dir='ltr'>post:</span> <span class='ocrx_word' id='word_1_375' title='bbox 571 2758 759 2810; x_wconf 87' lang='lat' dir='ltr'>ignoratis</span> <span class='ocrx_word' id='word_1_376' title='bbox 773 2758 867 2809; x_wconf 90' lang='lat' dir='ltr'>quid</span> <span class='ocrx_word' id='word_1_377' title='bbox 883 2758 1010 2796; x_wconf 86' lang='lat' dir='ltr'>dicam</span> <span class='ocrx_word' id='word_1_378' title='bbox 1026 2757 1042 2794; x_wconf 66' lang='grc' dir='ltr'><em>ἲ</em></span> <span class='ocrx_word' id='word_1_379' title='bbox 1071 2758 1236 2796; x_wconf 83' lang='lat' dir='ltr'>Maritus</span> <span class='ocrx_word' id='word_1_380' title='bbox 1253 2772 1358 2796; x_wconf 87' lang='lat' dir='ltr'>nunc</span> <span class='ocrx_word' id='word_1_381' title='bbox 1375 2766 1447 2805; x_wconf 83' lang='lat' dir='ltr'>est,</span> <span class='ocrx_word' id='word_1_382' title='bbox 1466 2759 1602 2810; x_wconf 88' lang='lat' dir='ltr'>inquit,</span> 
     </span>
     <span class='ocr_line' id='line_1_43' title="bbox 140 2817 1602 2872; baseline 0.001 -15"><span class='ocrx_word' id='word_1_383' title='bbox 140 2817 398 2868; x_wconf 85' lang='lat' dir='ltr'>Hegesander</span> <span class='ocrx_word' id='word_1_384' title='bbox 413 2820 492 2866; x_wconf 83' lang='lat' dir='ltr'>ille,</span> <span class='ocrx_word' id='word_1_385' title='bbox 511 2821 577 2872; x_wconf 89' lang='lat' dir='ltr'>qui</span> <span class='ocrx_word' id='word_1_386' title='bbox 596 2834 694 2860; x_wconf 86' lang='lat' dir='ltr'>uxor</span> <span class='ocrx_word' id='word_1_387' title='bbox 713 2821 802 2859; x_wconf 90' lang='lat' dir='ltr'>olim</span> <span class='ocrx_word' id='word_1_388' title='bbox 825 2827 863 2858; x_wconf 90' lang='lat' dir='ltr'>et</span> <span class='ocrx_word' id='word_1_389' title='bbox 881 2820 963 2870; x_wconf 87' lang='lat' dir='ltr'>ipse</span> <span class='ocrx_word' id='word_1_390' title='bbox 982 2819 1066 2866; x_wconf 84' lang='lat' dir='ltr'>fuit,</span> <span class='ocrx_word' id='word_1_391' title='bbox 1089 2820 1361 2858; x_wconf 81' lang='lat' dir='ltr'>Leodamantis</span> <span class='ocrx_word' id='word_1_392' title='bbox 1378 2834 1386 2858; x_wconf 90' lang='lat'><strong>:</strong></span> <span class='ocrx_word' id='word_1_393' title='bbox 1408 2833 1520 2868; x_wconf 85' lang='lat' dir='ltr'>uxor,</span> <span class='ocrx_word' id='word_1_394' title='bbox 1537 2822 1602 2860; x_wconf 92' lang='lat' dir='ltr'>Ti-</span> 
     </span>
     <span class='ocr_line' id='line_1_44' title="bbox 139 2880 1603 2934; baseline 0.003 -16"><span class='ocrx_word' id='word_1_395' title='bbox 139 2880 333 2919; x_wconf 86' lang='lat' dir='ltr'>marchus.</span> <span class='ocrx_word' id='word_1_396' title='bbox 383 2880 472 2924; x_wconf 88' lang='lat' dir='ltr'>Quo</span> <span class='ocrx_word' id='word_1_397' title='bbox 492 2888 619 2920; x_wconf 85' lang='lat' dir='ltr'>autem</span> <span class='ocrx_word' id='word_1_398' title='bbox 642 2888 757 2934; x_wconf 88' lang='lat' dir='ltr'>pacto</span> <span class='ocrx_word' id='word_1_399' title='bbox 786 2881 950 2932; x_wconf 86' lang='lat' dir='ltr'>pecunia</span> <span class='ocrx_word' id='word_1_400' title='bbox 976 2880 1216 2932; x_wconf 86' lang='lat' dir='ltr'>surripiatur,</span> <span class='ocrx_word' id='word_1_401' title='bbox 1247 2894 1320 2933; x_wconf 86' lang='lat' dir='ltr'>ego</span> <span class='ocrx_word' id='word_1_402' title='bbox 1349 2881 1488 2920; x_wconf 86' lang='lat' dir='ltr'>dicam.</span> <span class='ocrx_word' id='word_1_403' title='bbox 1538 2884 1603 2922; x_wconf 92' lang='lat' dir='ltr'>Ac</span> 
     </span>
     <span class='ocr_line' id='line_1_45' title="bbox 137 2939 1603 2996; baseline 0.002 -16"><span class='ocrx_word' id='word_1_404' title='bbox 137 2939 281 2982; x_wconf 81' lang='lat' dir='ltr'>deinde</span> <span class='ocrx_word' id='word_1_405' title='bbox 299 2954 388 2981; x_wconf 87' lang='lat' dir='ltr'>rem.</span> <span class='ocrx_word' id='word_1_406' title='bbox 401 2943 634 2995; x_wconf 84' lang='lat' dir='ltr'>exponebat,</span> <span class='ocrx_word' id='word_1_407' title='bbox 651 2955 815 2995; x_wconf 84' lang='lat' dir='ltr'>eamque</span> <span class='ocrx_word' id='word_1_408' title='bbox 833 2942 947 2981; x_wconf 81' lang='lat' dir='ltr'>vaJde</span> <span class='ocrx_word' id='word_1_409' title='bbox 966 2942 1216 2994; x_wconf 85' lang='lat' dir='ltr'>probabiliter</span> <span class='ocrx_word' id='word_1_410' title='bbox 1235 2942 1499 2996; x_wconf 85' lang='lat' dir='ltr'>dilucideque.</span> <span class='ocrx_word' id='word_1_411' title='bbox 1532 2945 1603 2983; x_wconf 89' lang='lat' dir='ltr'>His</span> 
     </span>
    </p>
   </div>
  </div>
 </body>
</html>
