1948 3306
324 162 401 199 800
784 161 995 201 ORATIO
1025 161 1329 201 AMATORIA.

326 262 573 311 desiderium,
606 270 673 304 aut
703 267 876 318 corporis
909 266 960 305 ad
1003 264 1133 304 omnia
1168 265 1422 312 habilitatem,
1455 265 1529 303 nisi
1561 271 1602 304 et
1636 265 1789 305 animus

322 326 440 376 probe
475 333 581 364 esset
612 335 833 374 exornatus,
854 328 1030 366 laborum
1063 328 1310 366 tolerantiam
1338 327 1466 366 statim
1498 327 1538 366 in
1579 328 1791 380 gymnasiis

322 394 557 426 ostentatam
589 402 660 428 nec
692 390 730 428 in
768 390 880 428 factis
920 389 1116 428 fefellisti:
1160 390 1349 440 reliquum
1387 395 1517 428 autem
1554 390 1696 441 ingenii
1732 390 1790 429 tui

325 449 588 501 splendorem,
615 452 807 503 animique
835 453 964 498 robur,
1000 452 1041 489 in
1073 452 1345 490 certaminibus
1383 451 1622 503 potissimum
1658 451 1790 490 deela-

322 512 429 550 rasti.
487 513 551 551 De
567 513 706 564 quibus
726 515 799 552 etsi
819 513 935 551 ordiri
955 526 1102 559 vereor,
1123 521 1302 551 metuens
1325 527 1373 552 ne
1403 526 1451 551 ea
1468 526 1556 564 quae
1575 520 1658 552 tum
1678 520 1792 563 gesta

323 580 416 612 sunt
451 575 621 613 oratione
648 588 726 612 non
753 587 961 625 assequar:
992 581 1122 612 tamen
1162 588 1286 626 neque
1324 575 1629 627 praetermittam.
1686 574 1792 613 Nam

325 641 436 687 turpe
470 637 598 683 fuerit,
618 650 705 687 quae
736 650 809 674 nos
837 642 1061 688 spectantes
1090 636 1324 685 exhilarant,
1356 651 1403 676 ea
1432 637 1537 675 nolle
1555 648 1792 676 commemo·
1820 638 1825 648 “

322 711 420 737 rare.
478 700 540 736 Ae
561 698 592 736 si
613 698 742 736 omnia
761 699 973 737 certamina
992 698 1132 736 referre
1152 698 1305 746 vellem,
1325 700 1427 738 ultra
1445 699 1604 737 modum
1625 698 1792 737 fortasse

323 761 434 798 nobis
455 761 728 799 extenderetur
749 761 890 799 oratio:
922 761 1035 799 unius
1055 768 1188 799 autem
1214 760 1254 798 in
1285 774 1362 812 quo
1396 761 1560 799 multum
1579 761 1793 800 excelluisti

324 823 428 862 facta
448 823 657 869 mentione,
680 829 720 861 et
752 823 901 875 reliqua
927 822 1108 862 indicabo
1129 829 1169 861 et
1194 823 1414 861 auditorum
1445 823 1687 874 benignitate
1713 836 1793 862 non

323 886 472 924 abutar.
530 885 692 924 Emissis
732 885 845 937 bigis,
880 892 998 936 atque
1035 884 1118 923 aliis
1151 885 1305 937 longius
1345 884 1505 933 evectis,
1537 884 1621 924 aliis
1652 886 1791 924 subse-

324 948 549 999 quentibus,
584 948 756 1000 utrisque
785 947 990 998 superatis,
1010 960 1091 999 prae
1118 947 1306 999 utrisque,
1339 953 1384 985 ut
1410 946 1557 992 decuit,
1589 946 1792 985 victoriam

324 1009 537 1057 obtinuisti,
584 1010 703 1048 talem
739 1023 922 1049 coronam
963 1010 1143 1061 adeptus,
1175 1009 1214 1047 in
1251 1023 1342 1060 qua,
1383 1022 1471 1048 cum
1514 1008 1600 1060 ipsa
1631 1008 1794 1047 victoria

324 1066 512 1124 praeclara
540 1072 601 1118 sit,
623 1079 754 1111 tamen
789 1072 961 1111 evasisse
991 1071 1224 1110 incolumem
1259 1070 1484 1122 praeclarius
1516 1070 1722 1108 videbatur
1756 1076 1796 1108 et

323 1133 600 1176 admirabilius.
658 1136 759 1174 Nam
796 1135 1105 1173 adversariorum
1135 1147 1248 1173 curru
1282 1140 1417 1173 contra
1449 1141 1488 1172 te
1511 1139 1661 1180 ruente,
1699 1146 1795 1172 cun-

324 1197 473 1248 ctisque
493 1198 719 1248 putantibus
749 1211 938 1249 equorum
958 1197 1180 1236 violentiam
1201 1210 1281 1235 non
1301 1195 1482 1235 sustineri
1515 1209 1645 1248 posse,
1671 1208 1795 1246 quan-

324 1273 441 1311 quam
473 1260 624 1299 videras
656 1268 885 1300 caeterorum
904 1261 1096 1312 quosdam
1123 1260 1233 1300 nullo
1256 1260 1371 1298 etiam
1399 1260 1604 1312 ingruente
1621 1258 1795 1312 periculo

324 1322 485 1361 mirifice
515 1323 619 1374 angi,
654 1323 809 1363 minime
840 1322 1067 1375 perterritus
1102 1337 1145 1362 es
1176 1329 1243 1362 aut
1272 1321 1462 1373 refugisti,
1484 1322 1556 1360 sed
1585 1328 1625 1360 et
1656 1322 1794 1361 robore

325 1383 441 1422 animi
460 1390 500 1422 et
517 1384 694 1435 bigarum
714 1386 861 1436 impetu
875 1385 982 1422 fuisti
1003 1385 1189 1436 superior,
1210 1391 1249 1423 et
1264 1383 1521 1431 adversarios,
1537 1384 1602 1435 qui
1618 1383 1794 1431 secundo

325 1445 443 1484 cursu
473 1460 547 1485 nec
575 1447 787 1499 interrupto
815 1447 876 1485 usi
905 1447 1071 1494 fuerant,
1092 1446 1289 1485 celeritate
1308 1445 1561 1484 antevertisti.
1619 1445 1707 1489 Quo
1740 1445 1796 1484 ita

327 1509 485 1547 mutasti
504 1510 650 1548 animos
667 1509 881 1556 hominum,
906 1515 951 1547 ut
965 1522 1053 1547 cum
1074 1508 1183 1547 multi
1197 1509 1350 1561 jactent
1368 1508 1407 1546 in
1426 1508 1530 1546 ludis
1549 1506 1794 1560 equestribus

325 1570 420 1608 nihil
440 1584 525 1610 esse
557 1572 718 1623 perinde
745 1571 964 1624 jucundum
996 1577 1113 1622 atque
1139 1571 1345 1623 naufragia
1374 1583 1568 1617 curruum,
1587 1569 1686 1621 iique
1706 1582 1797 1608 vera

327 1632 457 1671 dicere
484 1632 703 1681 videantur,
732 1634 778 1672 de
811 1640 849 1672 te
876 1640 1014 1672 contra
1031 1639 1269 1684 spectatores
1293 1645 1428 1671 omnes
1449 1631 1603 1678 soliciti,
1624 1644 1672 1670 ne
1701 1630 1796 1682 quid

325 1694 396 1733 tibi
417 1695 496 1733 tale
518 1695 725 1744 accideret,
745 1695 1010 1734 formidarent.
1049 1696 1212 1733 Tantam
1231 1694 1544 1734 benevolentiam
1564 1700 1605 1733 et
1625 1693 1796 1732 studium

326 1757 366 1796 in
401 1772 534 1797 eorum
568 1759 705 1797 animis
735 1765 875 1797 natura
903 1765 972 1797 tua
993 1757 1196 1796 excitarat.
1254 1757 1390 1809 Neque
1421 1758 1461 1796 id
1488 1756 1637 1810 injuria.
1694 1756 1797 1795 Cum

328 1820 431 1858 enim
451 1821 623 1872 pulcrum
644 1821 694 1859 sit
713 1822 762 1859 ob
784 1834 903 1858 unum
930 1820 1090 1871 aliquod
1111 1827 1380 1858 ornamentum
1400 1833 1486 1858 esse
1512 1819 1797 1870 conspicuum:

331 1890 477 1935 quanto
509 1884 683 1935 pulcrius
718 1890 779 1922 est
809 1881 938 1921 omnia
970 1881 1192 1935 complecti,
1222 1894 1310 1934 quae
1341 1881 1458 1920 homo
1485 1881 1657 1934 prudens
1689 1879 1797 1919 laudi

331 1946 404 1984 sibi
424 1945 606 1984 duxerit?

386 2009 421 2045 8.
454 2008 577 2059 quue
605 2009 697 2048 inde
724 2009 970 2061 perspicitur.
1028 2009 1191 2047 AEacum
1212 2015 1251 2047 et
1272 2007 1615 2047 Rhadamanthum
1643 2016 1799 2062 propter

323 2070 528 2122 justitiam,
544 2071 757 2110 Herculem
779 2072 1056 2122 Castoremque
1076 2077 1116 2109 et
1127 2071 1327 2109 Pollucem
1347 2077 1502 2123 propter
1519 2071 1799 2119 fortitudinem,

332 2132 604 2185 Ganymedem
630 2141 670 2172 et
692 2134 865 2173 Adonim
892 2141 932 2172 et
954 2134 1038 2186 ejus
1071 2132 1221 2185 generis
1255 2133 1352 2172 alios
1384 2141 1542 2186 propter
1571 2134 1799 2186 pulcritudi-

332 2209 434 2242 nem,
456 2209 479 2234 a
508 2197 581 2235 diis
614 2197 816 2236 adamatos
846 2211 930 2236 esse
949 2197 1198 2249 reperiemus.
1255 2197 1387 2241 Quare
1408 2210 1484 2236 non
1505 2197 1621 2237 miror
1647 2211 1714 2237 eos
1733 2199 1800 2250 qui

333 2256 537 2295 amicitiam
569 2264 677 2296 tuam
709 2265 910 2310 expetunt,
936 2259 1005 2296 sed
1038 2258 1124 2297 illos
1154 2257 1316 2309 quinon
1336 2258 1474 2298 eodem
1502 2259 1618 2298 modo
1637 2273 1731 2312 erga
1761 2267 1800 2299 te

333 2319 562 2358 afficiuntur.
621 2320 663 2358 Si
695 2320 761 2372 qui
797 2321 897 2359 enim
928 2321 1089 2372 singulis
1131 2320 1323 2360 duntaxat
1347 2321 1483 2360 horum
1515 2335 1603 2373 quae
1633 2322 1800 2362 diximus

332 2381 520 2420 bonorum
554 2382 705 2433 praediti
742 2383 924 2421 convictu
955 2383 1116 2421 deorum
1137 2389 1228 2421 sunt
1261 2383 1423 2434 dignati,
1455 2397 1583 2423 nonne
1615 2385 1663 2432 ei,
1682 2385 1800 2424 homo

337 2443 402 2496 qui
420 2451 536 2482 natus
558 2443 619 2491 sit,
639 2445 808 2496 optabile
829 2445 956 2491 fuerit,
975 2448 1055 2494 ejus
1077 2445 1241 2484 amicum
1270 2446 1352 2484 fieri
1379 2446 1445 2498 qui
1470 2446 1539 2484 illa
1566 2447 1744 2487 universa
1762 2448 1802 2486 in

336 2520 405 2547 sua
431 2513 625 2559 potestate
645 2507 816 2545 habeat?
858 2507 1118 2545 Praedicanda
1137 2508 1254 2559 igitur
1272 2514 1334 2546 est
1346 2508 1402 2547 tui
1418 2515 1458 2548 et
1476 2510 1592 2561 patris
1613 2516 1654 2549 et
1669 2511 1801 2549 matris

334 2576 375 2608 et
400 2577 625 2608 caeterorum
658 2568 963 2620 propinquorum
994 2568 1168 2616 felicitas,
1197 2569 1302 2620 quod
1331 2570 1501 2621 aequales
1531 2576 1618 2609 tuos
1648 2578 1802 2610 tantum

334 2632 473 2670 virtute
488 2631 647 2669 vincas:
680 2630 748 2668 sed
774 2631 911 2668 horum
939 2630 1062 2669 multo
1089 2630 1213 2682 magis
1231 2644 1327 2681 quos
1347 2637 1402 2679 tu,
1425 2638 1503 2669 tam
1525 2633 1801 2683 praestantibus

336 2693 491 2732 dotibus
519 2700 691 2739 ornatus,
712 2692 866 2731 delectu
897 2692 1029 2730 habito
1055 2706 1101 2730 ex
1130 2692 1307 2731 omnibus
1334 2692 1502 2732 amicitia
1529 2701 1597 2732 tua
1616 2694 1801 2746 dignaris.

337 2756 438 2794 Nam
466 2756 554 2794 illos
579 2756 734 2795 fortuna
754 2762 882 2793 tecum
901 2754 1128 2806 conjunxit:
1158 2755 1229 2793 hos
1263 2768 1335 2794 sua
1361 2755 1482 2793 virtus
1509 2755 1577 2794 tibi
1604 2770 1801 2795 commen-

335 2818 454 2857 davit.
510 2818 588 2861 Qui
607 2817 713 2856 haud
733 2817 813 2855 scio
833 2826 1024 2854 amatores
1046 2830 1108 2863 ne,
1130 2831 1179 2856 an
1206 2817 1278 2855 soli
1297 2817 1376 2855 veri
1387 2817 1554 2868 judices,
1581 2818 1658 2856 sint
1676 2818 1799 2856 nomi-

334 2882 473 2920 nandi.
526 2881 628 2919 Nam
662 2880 755 2919 mihi
782 2880 940 2931 quidem
960 2880 1112 2918 videtur
1132 2879 1240 2918 initio
1272 2879 1440 2926 fortuna,
1467 2881 1700 2932 contemptis
1731 2881 1800 2919 im-

332 2943 477 2996 probis,
495 2943 745 2982 honestorum
774 2943 939 2982 virorum
963 2949 1113 2983 mentes
1142 2941 1292 2981 irritare
1319 2941 1472 2989 volens,
1492 2949 1667 2982 naturam
1692 2948 1798 2981 tuam
