1948 3306
461 368 873 410 ARGUMENTUM
903 370 1205 409 ORATIONIS
1237 370 1310 409 DE
1341 370 1571 410 CORONA
1599 371 1740 411 PRAE-

822 433 1100 472 FECTURAE
1128 433 1376 472 NAVALIS.

409 539 550 571 Mutus
567 545 598 571 et
614 540 731 581 magnis
747 542 840 571 rebus
856 541 1061 572 Athenienses
1081 542 1260 582 urgentibus
1284 541 1321 572 ad
1344 541 1483 572 triremes
1498 541 1700 582 complendas
1717 546 1748 572 et
1770 552 1834 572 ma

363 591 422 621 riui
438 591 561 631 imperii
578 603 678 623 curam
695 593 937 633 suscipiendam,
953 595 1111 624 decretum
1129 594 1173 631 fit,
1190 599 1223 624 ut
1243 594 1294 634 qui
1315 594 1433 634 primus
1452 605 1469 624 e
1486 593 1654 624 triremium
1676 593 1833 647 praefectis

364 653 475 673 navem
492 643 671 673 instructam
687 645 823 681 haberet,
834 655 977 676 coronam
991 646 1163 685 acciperet:
1178 646 1231 686 qui
1244 650 1344 676 autem
1355 651 1425 676 aute
1437 645 1539 685 pridie
1551 642 1760 681 calendarum,
1775 632 1834 675 hoc

363 700 413 724 est
428 700 615 733 postremum
639 696 722 725 diem
751 697 877 733 mensis,
900 709 1006 728 navem
1031 699 1069 728 ad
1094 699 1205 730 vallum
1227 709 1289 729 non
1311 698 1522 738 perduxisset,
1534 698 1715 728 vineiretur.
1763 697 1836 727 Fuit

362 749 462 775 autem
476 746 508 774 id
524 746 635 776 vallum
649 751 802 777 structura
820 751 920 788 portui
936 750 1105 790 praeposita
1120 755 1196 781 utet
1211 761 1309 781 naves
1326 751 1517 780 commodius
1534 750 1646 789 appelli
1661 754 1786 790 possent
1802 753 1833 778 et

363 801 465 826 uautae
481 796 524 826 ibi
545 798 643 827 forum
661 798 819 830 haberent.
865 802 1077 841 Apollodorus
1100 802 1196 842 igitur
1217 801 1252 832 F.
1270 802 1422 838 Pasionis,
1439 802 1491 841 qui
1516 812 1626 833 navem
1652 801 1771 842 primus
1796 811 1833 830 eo

363 850 566 888 perduxerat,
583 861 725 882 coronam
736 853 871 891 accepit:
889 865 959 884 cum
975 859 1077 884 autem
1094 865 1200 884 rursus
1214 854 1355 893 probatio
1370 854 1528 894 proposita
1540 857 1634 890 esset,
1653 859 1685 883 ut
1700 854 1727 883 is
1740 853 1832 883 ctiam

363 901 415 940 qui
439 911 548 931 navem
575 902 779 941 pulcherrime
796 904 997 937 instruxisset
1011 909 1220 941 coronaretur,
1241 915 1308 935 eam
1321 916 1444 946 quoque
1467 915 1610 936 coronam
1625 904 1834 945 Apollodorus

363 952 425 982 sibi
443 953 600 984 vendicat.

725 1253 1470 1309 DEMOSTHENIS

411 1428 414 1430 v
464 1404 553 1453 DE
591 1404 880 1455 CORONA
918 1406 1403 1455 PRAEFECTURAE
1440 1406 1728 1455 NAVALIS

966 1529 1230 1574 ORATIO.

421 1647 456 1685 1.
489 1646 536 1684 S1
558 1646 593 1685 ei
613 1645 678 1698 qui
698 1646 884 1698 plurimos
916 1645 1141 1685 defensores
1161 1645 1294 1693 habet,
1314 1652 1444 1698 patres
1471 1645 1696 1698 conscripti,
1721 1657 1833 1684 sena-

362 1708 608 1747 tusconsulto
635 1721 780 1747 corona
800 1708 971 1755 daretur,
990 1722 1140 1748 vaecors
1162 1721 1256 1747 sane
1275 1721 1418 1756 essem,
1438 1708 1505 1760 qui
1533 1720 1620 1747 eam
1646 1713 1833 1759 peterem,

361 1784 452 1810 cum
484 1785 585 1809 unus
622 1771 909 1823 Cephisodotus
947 1771 1042 1809 mihi
1080 1772 1131 1809 sit
1167 1771 1450 1823 patrocinatus,
1486 1771 1569 1810 istis
1601 1770 1834 1822 complures.

362 1833 481 1872 Nunc
494 1833 611 1885 jussit
624 1834 790 1886 populus
811 1839 1047 1885 quaestorem
1075 1833 1109 1871 ei
1130 1846 1313 1871 coronam
1344 1832 1436 1871 dare
1456 1832 1521 1883 qui
1545 1832 1739 1870 triremem
1757 1831 1834 1882 pri-

362 1907 451 1932 mus
472 1894 717 1933 instruxerit:
746 1895 786 1932 id
806 1895 912 1946 quod
931 1908 1005 1946 ego
1028 1895 1115 1942 feci,
1144 1901 1428 1947 proptereaque
1456 1908 1519 1932 me
1550 1906 1694 1932 censeo
1721 1905 1833 1931 coro-

360 1957 552 1995 nandum.
610 1957 790 1995 Demiror
809 1964 939 1996 autem
959 1958 1055 1995 istos
1072 1957 1152 2009 qui,
1169 1957 1313 1996 triremi
1328 1956 1525 2008 neglecta,
1547 1963 1722 1995 oratores
1742 1955 1833 1993 sub·

362 2026 561 2066 ornarunt,
582 2019 756 2070 mihique
788 2019 843 2058 illi
870 2020 1050 2058 videntur
1070 2019 1229 2058 omnino
1249 2033 1272 2058 a
1295 2032 1335 2058 re
1355 2020 1549 2066 aberrare,
1569 2025 1688 2070 atque
1703 2016 1834 2055 existi-

363 2095 484 2129 mare,
504 2095 572 2120 vos
592 2095 671 2120 non
689 2082 734 2120 iis
762 2082 827 2133 qui
845 2082 973 2120 officio
994 2082 1208 2133 fungantur
1237 2081 1380 2119 habere
1409 2081 1587 2133 gratiam,
1607 2079 1676 2119 sed
1696 2079 1740 2117 iis
1768 2079 1835 2130 qui

362 2144 412 2182 de
444 2157 491 2182 eo
524 2144 763 2195 glorientur3
798 2144 837 2182 in
865 2157 943 2195 quo
975 2157 1053 2182 non
1084 2144 1151 2191 ita,
1182 2150 1227 2182 ut
1258 2156 1346 2195 ego,
1381 2143 1429 2182 de
1458 2143 1566 2182 vobis
1598 2141 1834 2180 existimant.

361 2206 493 2257 Atque
513 2207 564 2245 ob
579 2220 664 2245 eam
683 2206 808 2258 ipsam
823 2220 905 2245 rem
920 2219 1078 2258 aequum
1097 2206 1214 2244 fuerit
1232 2219 1302 2245 vos
1321 2205 1415 2243 mihi
1433 2204 1563 2244 favere
1577 2203 1702 2254 magis
1719 2216 1729 2241 :
1760 2215 1834 2254 ego

361 2267 465 2306 enim
485 2281 555 2306 vos
580 2269 758 2307 meliores
784 2269 887 2308 viros
912 2268 1063 2320 judico,
1084 2282 1201 2320 quam
1222 2268 1296 2306 isti.
1354 2267 1525 2318 AEquum
1553 2272 1683 2305 autem
1713 2272 1833 2314 esset,

361 2329 636 2376 Athenienses,
659 2336 699 2369 et
711 2331 876 2382 justum,
898 2338 943 2369 ut
961 2330 985 2368 ii
1005 2331 1070 2381 qui
1091 2344 1276 2370 coronam
1293 2329 1439 2369 avobis
1458 2329 1574 2369 tribui
1592 2328 1664 2367 sibi
1684 2328 1834 2375 volunt,

361 2405 408 2431 ea
422 2406 464 2431 se
479 2393 620 2444 dignos
635 2406 721 2431 esse
736 2393 998 2438 ostenderent,
1020 2406 1099 2431 non
1114 2393 1207 2431 mihi
1224 2393 1502 2431 maledicerent
1517 2405 1527 2431 :
1557 2391 1663 2443 quod
1677 2390 1835 2443 quando

362 2454 426 2493 isti
456 2455 523 2494 illo
545 2455 809 2507 praetermisso
829 2455 991 2502 faciunt,
1011 2456 1217 2494 ostendam
1235 2469 1301 2494 eos
1321 2455 1360 2493 in
1379 2460 1546 2505 utroque
1565 2453 1732 2499 mentiri,
1752 2460 1835 2491 tum

359 2515 400 2554 in
420 2516 638 2568 semetipsis
658 2517 994 2564 commendandis,
1014 2523 1097 2555 tum
1116 2518 1156 2555 in
1183 2517 1295 2555 nobis
1326 2515 1580 2563 insectandis,
1599 2514 1835 2567 proferendo

360 2592 422 2617 res
442 2592 466 2617 a
483 2585 662 2617 nostrum
681 2579 854 2629 utrisque
881 2585 1029 2630 gestas.

414 2643 455 2679 2.
486 2641 657 2680 Decreto
672 2654 696 2680 a
713 2641 823 2679 vobis
843 2640 962 2688 facto,
983 2640 1158 2692 quisquis
1180 2646 1271 2679 ante
1292 2640 1411 2692 pridie
1426 2638 1679 2678 calendarum
1695 2651 1834 2677 navem

362 2703 413 2742 ad
433 2703 578 2742 vallum
611 2715 690 2742 non
724 2702 992 2754 protraxisset,
1016 2708 1056 2739 ut
1083 2701 1236 2739 vinctus
1256 2700 1406 2753 judicio
1433 2700 1663 2746 traderetur,
1683 2706 1724 2738 et
1741 2712 1835 2738 con-

361 2766 528 2811 firmato,
548 2778 623 2817 ego
635 2764 821 2816 protraxi
841 2771 880 2802 et
899 2777 984 2802 eam
1011 2765 1060 2802 ob
1090 2776 1168 2801 rem
1197 2776 1342 2801 corona
1359 2776 1444 2801 sum
1464 2775 1488 2800 a
1506 2762 1615 2801 vobis
1635 2762 1832 2800 donatus:

358 2827 423 2865 isti
451 2834 582 2866 autem
611 2841 690 2866 non
715 2832 1002 2878 pr,otraxerunt
1022 2824 1185 2876 proinde
1213 2824 1347 2863 vinciri
1376 2824 1608 2863 debuerunt.
1663 2823 1728 2862 An
1753 2836 1833 2862 non

360 2888 478 2941 igitur
498 2903 579 2927 rem
600 2888 918 2928 absurdissimam
940 2887 1105 2934 facietis,
1125 2887 1156 2925 si
1177 2900 1244 2925 eos
1265 2887 1329 2938 qui
1360 2886 1428 2924 tali
1447 2885 1594 2924 mulcta
1620 2899 1663 2925 se
1682 2885 1831 2936 obliga-

362 2957 453 2991 runt
473 2951 739 2991 coronabitis?
787 2951 1038 2991 Armamenta
1057 2962 1185 3001 porro,
1214 2962 1302 3001 quae
1327 2948 1482 3001 publice
1502 2947 1713 3001 praebenda
1741 2953 1831 2987 sunt
