1948 3306
363 175 442 211 760
775 173 1001 212 CONTRA
1033 174 1413 213 THEOCRINEM.

361 277 596 315 domesticos
616 290 685 317 vos
708 291 731 317 a
759 293 799 317 se
825 280 931 331 diligi
953 279 1242 318 dicet—audire
1269 286 1328 317 est
1349 291 1476 331 operae
1501 280 1679 331 pretium.
1736 281 1817 319 Au-

361 340 539 392 spicabor
559 347 688 379 autem
707 342 755 380 ab
776 343 835 389 iis,
854 355 941 394 quae
962 343 999 380 in
1019 355 1090 381 nos
1112 341 1276 381 admisit.
1325 341 1480 380 Patrem
1495 354 1581 380 cum
1601 349 1817 390 accusaret,

359 401 535 450 Judices,
554 415 600 442 ac
619 403 848 443 violatarum
875 405 1005 455 legum
1025 418 1130 444 reum
1146 405 1303 451 faceret,
1325 403 1485 442 insidias
1503 417 1638 455 puero,
1662 405 1711 443 de
1738 418 1816 456 quo

358 463 557 504 decretum
589 466 775 518 scriptum
804 473 899 512 erat,
919 467 1000 505 fieri
1031 467 1200 512 dicebat,
1228 466 1266 503 in
1297 479 1373 517 quo
1406 471 1514 517 pater
1540 466 1684 504 victum
1712 466 1816 505 Cha-

358 526 508 567 ridemo
528 528 723 568 Isomachi
742 529 820 566 filio
837 529 1071 575 decreverat,
1090 542 1282 576 asserens,
1303 528 1334 566 si
1353 528 1391 566 in
1410 534 1589 581 paternas
1609 527 1714 567 aedes
1728 529 1818 567 red-

356 587 451 627 isset
469 603 575 641 puer,
596 603 729 628 omnes
757 603 863 642 opeS,
892 603 989 641 quas
1010 591 1236 643 AEschylus,
1265 604 1288 628 a
1317 603 1395 642 quo
1419 596 1501 628 erat
1533 589 1757 641 adoptatuS,
1782 590 1819 630 ei

358 649 532 698 dederat,
550 653 802 691 amissurum:
833 652 949 703 idque
968 653 1080 691 falso.
1138 653 1293 691 Nemini
1309 654 1410 692 enim
1430 666 1601 704 unquam
1620 652 1826 704 adoptat0,*

355 712 537 761 Judices,
551 714 589 751 id
611 714 764 752 accidit.
821 715 872 752 Et
897 714 1033 752 horum
1065 715 1236 753 omnium
1255 722 1452 754 auctorem
1473 715 1730 767 Polyeuetum
1751 727 1819 753 ex-

355 775 500 813 stitisse
521 775 688 821 dicebat,
704 776 768 826 qui
788 777 895 827 pueri
915 784 1075 815 matrem
1090 777 1251 815 haberet
1269 777 1307 814 in
1323 776 1578 823 matrimonio,
1600 783 1717 827 atque
1735 777 1818 828 ipse

354 837 463 887 pueri
497 850 590 888 opes
616 838 921 888 concupisceret.
993 838 1084 876 Irati
1115 844 1240 876 autem
1273 838 1436 877 Judices
1469 840 1518 877 ob
1549 852 1596 877 ea
1627 838 1745 884 dicta,
1780 845 1820 876 et

355 899 515 950 opinati,
537 900 665 951 ipsum
684 900 841 951 quidem
861 900 1061 939 decretum
1088 906 1125 937 et
1158 900 1357 951 praemium
1376 900 1528 951 legibus
1550 913 1634 938 esse
1655 913 1820 939 consen-

356 967 528 1010 taneum,
556 975 692 1000 revera
721 969 850 1000 autem
882 975 1045 1013 puerum
1074 961 1238 1013 pecunia
1258 961 1478 1000 fraudatum
1499 961 1555 1007 iri,
1579 968 1728 1013 patrem
1751 960 1820 999 de-

354 1035 441 1067 cem
460 1023 617 1061 talentis
639 1023 889 1069 mulctarunt,
912 1031 955 1063 ut
973 1024 1036 1075 qui
1056 1037 1143 1062 cum
1172 1022 1386 1075 Polyeueto
1405 1023 1490 1061 haec
1509 1022 1721 1069 moliretur,
1740 1021 1819 1068 isti,

354 1091 398 1123 ut
415 1085 522 1136 pueri
542 1085 735 1124 defensori
755 1086 1016 1125 crediderunt.
1075 1086 1134 1124 Ac
1155 1098 1243 1136 quae
1263 1086 1302 1124 in
1315 1085 1464 1138 judicio
1483 1084 1720 1132 aeciderunt,
1733 1084 1820 1122 haec

353 1154 394 1186 et
427 1147 650 1199 hujusmodi
681 1148 850 1187 fuerunt.
908 1149 962 1187 Ut
990 1154 1118 1187 autem
1149 1149 1277 1186 bonus
1310 1149 1384 1187 iste
1403 1147 1460 1186 vir
1488 1147 1665 1186 homines
1699 1146 1819 1185 iratos

354 1222 439 1248 esse
469 1209 754 1256 animadvertit,
789 1217 829 1248 et
860 1210 943 1256 sibi,
976 1217 1019 1249 ut
1047 1224 1125 1249 non
1151 1210 1308 1249 omnino
1335 1209 1498 1256 nefario,
1531 1209 1648 1248 fidem
1674 1208 1819 1257 haberi,

354 1272 540 1311 arcessito
571 1271 784 1324 Polyeucto
814 1272 915 1311 diem
947 1273 1049 1325 apud
1080 1279 1284 1325 praetorem
1312 1272 1406 1311 dicit
1426 1272 1538 1311 malae
1559 1271 1818 1317 tractationis,

353 1333 592 1386 primamque
631 1334 869 1374 sortitionem
909 1335 978 1374 dat
1016 1335 1308 1374 Mnesarchidae
1355 1335 1554 1373 assessori.
1631 1334 1819 1385 Acceptis

351 1402 481 1445 autem
502 1409 525 1434 a
544 1396 760 1449 Polyeucto
781 1397 964 1435 trecentis
985 1397 1190 1445 drachmis,
1217 1404 1257 1436 et
1275 1397 1471 1436 atrocibus
1497 1396 1573 1435 illis
1592 1395 1818 1447 criminibus

351 1469 471 1509 parvo
503 1472 578 1497 aere
611 1460 791 1507 venditis,
811 1459 860 1497 ob
879 1472 966 1510 quae
996 1467 1148 1511 patrem
1173 1461 1309 1499 decem
1331 1459 1488 1498 talentis
1509 1457 1728 1505 mulctarat,
1748 1457 1818 1496 de-

353 1518 465 1565 stitit,
485 1520 768 1572 actionemque,
786 1520 934 1572 pupillo
957 1521 1122 1572 prodito,
1137 1521 1308 1560 sustulit.
1345 1521 1432 1573 Age
1449 1533 1550 1560 voca
1569 1519 1662 1558 mihi
1675 1519 1814 1558 horum

353 1586 486 1619 testeS.

985 1703 1202 1742 TESTES.

406 1799 444 1836 9.
477 1796 593 1841 Quod
626 1797 657 1836 si
682 1797 788 1836 dives
816 1798 953 1837 fuisset
972 1805 1097 1851 pater,
1115 1804 1166 1843 et,
1195 1811 1219 1836 o
1238 1797 1417 1845 Judices,
1436 1797 1470 1837 ei
1489 1797 1600 1838 mille
1614 1796 1818 1838 drachmas

352 1871 554 1897 numerare
574 1859 779 1911 potuisset,
798 1860 955 1898 omnino
974 1861 1131 1898 crimine
1150 1859 1378 1899 violatarum
1405 1861 1538 1912 legum
1566 1859 1703 1898 fuisset
1727 1859 1822 1899 libe-

353 1926 461 1958 ratus
478 1934 487 1958 ε
517 1927 668 1960 tantum
690 1922 792 1961 enim
812 1922 886 1961 iste
908 1923 956 1961 ab
976 1936 1023 1961 eo
1042 1922 1280 1975 postulabat.
1338 1923 1423 1974 Age
1441 1934 1538 1961 voca
1556 1921 1650 1960 mihi
1670 1921 1818 1974 Philip-

352 1982 481 2033 pidem
501 1982 784 2030 Paeaniensem‚
805 1986 856 2023 ad
882 1998 997 2036 quem
1025 1984 1122 2022 dixit
1149 1984 1235 2022 haec
1256 1983 1509 2031 Theocrines,
1529 1988 1567 2022 et
1587 1991 1736 2023 ceteros
1755 1984 1819 2036 qui

356 2044 484 2083 sciunt
502 2045 587 2083 haec
608 2046 656 2083 ab
676 2046 750 2084 hoc
770 2059 854 2084 esse
874 2047 990 2084 dicta.

980 2184 1192 2222 TESTES.

357 2275 614 2316 Theocrinem
636 2278 764 2330 igitur,
784 2279 962 2325 Judices,
989 2280 1020 2318 si
1040 2279 1126 2330 quis
1147 2280 1181 2317 ei
1201 2279 1306 2317 mille
1325 2278 1531 2318 drachmas
1551 2278 1736 2326 dedisset,
1756 2292 1820 2318 ac-

355 2338 594 2377 cusationem
629 2340 747 2391 patris
784 2340 904 2379 fuisse
941 2341 1190 2389 aboliturum,
1223 2354 1357 2380 omnes
1388 2353 1458 2380 vos
1491 2341 1720 2389 credituros,
1747 2341 1821 2380 etsi

356 2413 469 2439 nemo
489 2402 730 2448 testificetur,
751 2402 939 2441 arbitror:
969 2403 1138 2442 eundem
1161 2410 1290 2443 autem
1315 2403 1458 2442 multos
1484 2403 1581 2443 alios
1600 2403 1821 2451 arcessisse,

356 2469 395 2500 et
415 2462 569 2502 actione
591 2464 767 2503 instituta
785 2465 1081 2516 praevaricatum
1102 2479 1199 2512 esse,
1222 2457 1417 2519 parraque
1436 2473 1600 2519 accepta
1629 2467 1820 2513 mercede,

357 2526 576 2572 recessisse,
596 2540 662 2565 eos
681 2527 748 2578 qui
768 2527 803 2565 ei
821 2527 1026 2574 dederunt,
1046 2528 1153 2580 ipsos
1174 2529 1338 2575 vocabo,
1358 2542 1407 2568 ne
1433 2528 1601 2568 credatis
1620 2528 1669 2575 ei,
1690 2541 1732 2567 se
1752 2530 1821 2568 ob-

356 2600 507 2627 servare
541 2589 671 2640 legum
702 2589 923 2636 violatores,
954 2590 1149 2642 glorianti,
1181 2596 1220 2629 et
1251 2590 1482 2629 violatarum
1508 2590 1640 2642 legum
1661 2589 1822 2628 sublatis

355 2649 584 2695 actionibus,
605 2664 784 2690 corruere
819 2651 1034 2690 libertatem
1070 2652 1275 2691 dictitanti.
1335 2652 1436 2690 Haec
1465 2651 1566 2690 enirn
1597 2652 1663 2704 qui
1692 2651 1823 2690 omnia

355 2713 543 2757 vendunt,
565 2713 691 2753 dicere
713 2715 852 2752 solent.
899 2714 1008 2753 Voca
1028 2714 1119 2752 mihi
1140 2714 1454 2753 Aristomachum
1476 2713 1690 2753 Critodemi
1701 2713 1822 2752 filium

357 2775 661 2826 Alopecemem:
694 2777 724 2813 is
759 2777 860 2815 enim
886 2777 1007 2822 dedit,
1028 2777 1088 2815 vel
1108 2777 1235 2829 potius
1258 2777 1295 2814 in
1317 2776 1401 2828 ejus
1428 2776 1579 2814 aedibus
1608 2776 1712 2816 datae
1731 2781 1822 2814 sunt

355 2835 431 2881 isti,
467 2838 696 2889 incorruptae
727 2839 816 2877 fidei
850 2840 943 2885 viro,
977 2840 1063 2877 duae
1100 2839 1214 2877 minae
1245 2851 1333 2877 cum
1365 2838 1536 2886 dimidia,
1567 2851 1640 2891 pro
1663 2838 1819 2878 decreto

356 2899 462 2948 quod
481 2901 703 2939 Automedo
724 2902 760 2939 in
781 2902 942 2953 gratiam
964 2901 1225 2940 Tenediorum
1246 2900 1349 2939 fecit.
