1998 3306
308 225 385 263 532
673 221 964 261 ADVERSUS
998 220 1403 261 PHORMIONEM.

307 326 481 365 misimus
501 324 708 365 Theodoto
723 326 909 379 municipi
923 340 970 366 ex
989 333 1117 379 pacto.
1155 327 1254 366 Tum
1270 323 1536 376 veroLampis
1551 328 1679 362 tutum
1695 320 1768 360 sibi

300 392 384 438 jam
413 401 502 427 esse
529 394 636 427 ratus
665 390 797 428 testari
825 389 931 441 apud
960 389 1144 428 arbitrum
1172 388 1356 441 quicquid
1387 386 1579 432 libuisset,
1603 384 1770 436 partitus

307 463 436 489 meum
456 464 592 489 aurum
612 464 701 490 cum
722 451 969 499 Phormione,
988 453 1179 504 prioribus
1203 451 1282 490 suis
1302 449 1428 489 verbis
1446 448 1543 487 dixit
1564 444 1769 486 contraria.

310 512 414 550 Nam
435 512 513 551 alia
529 526 590 551 res
611 519 684 559 est,
704 513 983 561 Athenienses,
1010 513 1050 552 in
1079 520 1229 552 vestros
1248 512 1380 551 vultus
1404 512 1620 550 intuentem
1637 505 1771 546 testari

308 572 465 621 falsum,
492 587 609 625 quam
636 575 742 625 apud
772 575 979 613 arbitrum:
1010 575 1116 627 apud
1138 588 1205 614 vos
1227 574 1331 613 enim
1357 579 1397 612 et
1422 570 1638 622 indignatio
1657 567 1772 608 vehe-

307 648 421 675 mens
451 643 492 675 et
518 649 637 688 poena
655 636 855 688 proposita
883 643 943 674 est
970 637 1263 681 mentientibus,
1292 636 1398 686 apud
1429 634 1614 672 arbitrum
1641 639 1773 670 autem

309 710 446 736 secure
475 705 517 737 et
542 698 790 751 impudenter
820 709 891 749 pro
914 696 1135 735 testimonio
1158 695 1398 735 mentiuntur
1417 693 1604 746 quicquid
1623 691 1773 732 collibi-

309 765 390 797 tum
420 760 547 798 fuerit.
605 759 676 797 Me
695 771 788 798 vero
813 758 946 809 iniquo
971 758 1100 796 animo
1122 757 1286 805 ferente,
1306 757 1581 803 Athenienses,
1600 761 1640 794 et
1666 753 1773 792 iuve-

309 820 428 861 hente
457 822 497 859 in
529 821 733 873 Lampidis
754 820 973 867 audaciam,
1001 827 1040 859 et
1060 819 1166 871 apud
1191 819 1375 857 arbitrum
1405 819 1508 857 idern
1533 816 1773 868 proferente,

308 882 415 933 quod
434 889 473 921 et
490 895 596 921 nunc
616 882 722 933 apud
750 895 818 922 vos
847 882 1012 934 profero,
1041 879 1318 928 testimonium,
1349 893 1481 920 eorum
1501 879 1567 931 qni
1591 879 1640 917 ab
1664 876 1774 915 initio

309 943 516 982 nobiscum
535 943 585 982 ad
597 957 684 982 eum
706 950 966 991 accesserant,
986 956 1075 982 cum
1093 956 1136 981 se
1155 955 1229 981 nec
1251 955 1388 980 aurum
1409 944 1456 981 ab
1472 943 1546 980 isto
1564 941 1774 991 recepisse,

311 1017 436 1056 neque
454 1005 661 1057 pecuniam
680 1018 768 1044 eum
785 1006 824 1044 in
843 1018 983 1044 navem
1003 1004 1231 1056 imposuisse
1252 1003 1412 1049 diceret,
1432 1003 1484 1041 ibi
1506 1002 1669 1061 Lampis
1691 1000 1774 1038 vio·

309 1065 433 1104 lenter
458 1066 661 1104 convictus
688 1066 775 1105 falsi
805 1065 1015 1105 testimonii
1045 1072 1086 1104 et
1104 1064 1370 1117 improbitatis,
1392 1077 1434 1104 se
1455 1064 1599 1103 dixisse
1618 1062 1776 1114 quidem

310 1126 395 1165 haec
415 1128 463 1166 ad
483 1128 911 1178 istum-fatebamused
933 1127 1036 1179 apud
1056 1141 1098 1167 se
1116 1138 1195 1166 non
1209 1127 1330 1165 fuisse
1347 1139 1435 1165 cum
1455 1126 1615 1165 diceret.
1672 1123 1776 1175 Lege

312 1187 406 1227 mihi
424 1188 701 1228 testimonium.

841 1340 1248 1379 TESTIMONIUM.

314 1434 540 1473 Theodotus
560 1435 690 1485 igitur,
714 1435 987 1483 Athenienses,
1008 1449 1114 1488 saepe
1133 1437 1245 1476 nobis
1263 1435 1417 1483 auditis,
1431 1441 1471 1474 et
1488 1433 1629 1473 salsum
1643 1431 1781 1473 testari

313 1495 546 1547 Lampidem
566 1496 784 1542 arbitratus,
804 1496 852 1535 de
882 1510 924 1535 re
955 1497 1050 1535 nihil
1079 1498 1364 1549 pronunciavit,
1385 1497 1454 1536 sed
1481 1509 1552 1551 nos
1579 1495 1631 1534 ad
1651 1508 1719 1534 vos
1738 1495 1778 1533 in

308 1558 499 1607 judicium
533 1558 692 1597 remisit.
750 1558 853 1596 Nam
891 1566 930 1596 et
967 1558 1227 1598 condemnare
1258 1559 1395 1605 noluit,
1431 1564 1638 1610 propterea
1671 1556 1779 1607 quod

316 1618 542 1658 Phormioni
568 1619 765 1658 familiaris
786 1626 859 1665 est,
878 1629 920 1658 ut
949 1633 1021 1658 nos
1048 1628 1186 1671 postea
1205 1621 1484 1672 cognovimus·‚
1519 1626 1559 1658 et
1578 1619 1779 1658 absolvere

314 1681 459 1719 veritus
478 1687 551 1727 est,
570 1693 620 1718 ne
637 1680 719 1731 ipse
739 1681 942 1731 pejeraret.

369 1743 407 1780 8.
438 1742 559 1793 Agite
577 1754 690 1788 vero,
720 1740 898 1787 Judices,
926 1753 974 1779 ex
1000 1741 1084 1793 ipsa
1115 1755 1158 1780 re
1177 1741 1283 1793 apud
1301 1755 1370 1780 vos
1398 1741 1656 1790 considerate,
1676 1741 1781 1781 unde

311 1803 383 1841 iste
405 1815 542 1841 aurum
560 1801 724 1841 reddere
743 1802 950 1852 potuisset.
1008 1803 1108 1841 Cum
1135 1803 1236 1841 enim
1270 1803 1361 1842 hinc
1386 1802 1598 1854 navigaret,
1618 1815 1690 1842 nec
1709 1816 1780 1855 pe-

309 1863 463 1902 cuniam
483 1863 522 1901 in
543 1875 681 1901 navem
700 1863 936 1914 imposuerat
952 1870 992 1902 et
1011 1864 1152 1915 pignus
1171 1877 1251 1902 non
1269 1864 1454 1911 habebat,
1478 1864 1546 1902 sed
1572 1864 1623 1902 ad
1651 1877 1781 1903 meam

308 1925 515 1977 pecuniam
542 1924 630 1978 plus
650 1930 734 1964 erat
751 1931 977 1964 mutuatus:
1006 1926 1225 1978 Bosporum
1253 1932 1382 1965 autem
1408 1938 1454 1964 eo
1473 1932 1646 1977 tempore
1665 1927 1784 1976 venit,

309 1999 389 2039 quo
407 1986 523 2025 vendi
543 1998 692 2024 merces
712 1999 791 2024 non
810 1994 1034 2038 potuerunt,
1066 1987 1210 2040 vixque
1230 1987 1302 2026 illis
1332 1987 1524 2026 satisfecit
1544 1987 1609 2038 qui
1630 1994 1783 2026 tantum

312 2061 485 2099 eousque
517 2048 551 2087 ei
584 2054 824 2087 mutuarant.
882 2050 933 2088 Et
963 2050 1028 2088 hic
1049 2050 1207 2101 quidem
1226 2057 1426 2090 mutuatus
1446 2050 1481 2089 ei
1507 2049 1581 2089 fuit
1598 2050 1659 2089 bis
1679 2050 1783 2090 mille

313 2110 535 2149 drachmas*
549 2110 649 2148 ultro
668 2110 857 2163 citroque,
876 2118 921 2149 ut
940 2111 1104 2151 Athenis
1130 2113 1191 2151 bis
1219 2113 1326 2152 mille
1352 2118 1557 2151 sexcentas
1577 2112 1782 2152 drachmas

312 2171 527 2223 reciperet:
558 2170 742 2210 Phormio
762 2178 892 2210 autem
915 2172 1010 2211 dicit
1033 2186 1074 2212 se
1105 2173 1282 2226 Lampidi
1313 2180 1467 2213 centum
1487 2179 1528 2212 et
1550 2173 1686 2225 viginti
1704 2180 1782 2213 sta-

311 2238 415 2270 teres
435 2231 649 2284 Cyzicenos
668 2232 832 2285 Bospori
858 2233 1204 2274 reddidisse—hoc
1230 2235 1679 2286 animadvertite—quos
1697 2248 1784 2274 mu·

315 2299 448 2331 tuatus
469 2293 519 2331 sit
539 2293 786 2333 terrestribus
806 2296 946 2334 usuris.
1006 2296 1083 2334 Eas
1106 2302 1236 2335 autem
1257 2296 1377 2335 fuisse
1405 2302 1609 2335 terrestres
1628 2309 1783 2345 usuras,

313 2359 359 2392 ut
385 2361 499 2392 sexta
517 2367 606 2405 pars
626 2355 738 2393 sortis
759 2363 863 2394 esset
881 2357 1147 2402 numeranda;
1179 2364 1218 2396 et
1249 2357 1484 2409 Cyzicenum
1506 2358 1676 2397 valuisse
1705 2358 1784 2397 illic

312 2415 450 2466 viginti
464 2422 503 2454 et
523 2423 612 2455 octo
632 2416 840 2456 drachmas
861 2418 1024 2457 Atticas.
1082 2420 1413 2471 Cognoscendum
1444 2419 1560 2472 igitur
1578 2419 1687 2458 vobis
1708 2427 1783 2469 est,

313 2484 504 2528 quantum
525 2490 567 2516 se
581 2478 755 2529 pecuniae
776 2479 987 2519 reddidisse
1003 2480 1118 2519 dicat.
1169 2481 1272 2520 Nam
1291 2487 1449 2521 centum
1460 2481 1596 2532 viginti
1616 2487 1783 2522 stateres

314 2537 464 2575 faciunt
483 2545 540 2576 ter
569 2539 675 2577 mille
694 2546 887 2580 trecentas
908 2549 949 2580 et
967 2542 1172 2594 sexaginta
1188 2543 1408 2591 drachmas,
1425 2556 1546 2582 usura
1566 2549 1697 2582 autem
1715 2543 1785 2583 illa

315 2599 520 2642 terrestris,
541 2598 591 2636 de
607 2612 685 2650 qua
703 2600 884 2650 diximus,
910 2603 1069 2655 triginta
1101 2605 1293 2644 minarum
1325 2613 1365 2644 et
1391 2605 1508 2645 trium
1523 2611 1562 2644 et
1580 2604 1785 2656 sexaginta

315 2658 588 2698 drachmarum
608 2661 830 2712 quingentae
850 2661 1046 2702 drachmae
1066 2672 1104 2703 et
1124 2666 1355 2718 sexaginta:
1384 2672 1469 2705 tota
1483 2673 1612 2705 autem
1632 2678 1784 2705 summa

315 2719 361 2757 fit
378 2726 489 2759 tanta
506 2726 545 2759 et
563 2726 686 2759 tanta.
745 2721 899 2759 Vivitne
915 2721 947 2760 is
962 2723 1092 2770 homo,
1113 2726 1136 2763 J
1141 2725 1290 2773 udices,
1305 2733 1374 2765 aut
1392 2739 1563 2777 unquam
1584 2733 1783 2773 nascetur,

316 2781 384 2831 qui
403 2793 472 2832 pro
490 2780 550 2819 bis
567 2781 672 2820 mille
693 2782 888 2822 sexcentis
907 2783 1100 2823 drachmis
1120 2786 1298 2836 pecuniae
1315 2793 1463 2825 mutuae
1481 2785 1640 2837 triginta
1658 2786 1783 2826 minas

318 2848 359 2880 et
375 2848 573 2881 trecentas
602 2843 824 2892 drachmas,
857 2851 897 2884 et
925 2857 1083 2884 usuram
1109 2846 1342 2899 quingentas
1371 2848 1575 2887 drachmas
1602 2853 1643 2887 et
1670 2861 1783 2888 sexa-

320 2903 428 2955 ginta
453 2905 569 2944 vellet
595 2906 756 2955 solvere,
774 2920 871 2959 quas
898 2907 1084 2948 Phormio
1110 2922 1152 2948 se
1182 2909 1358 2962 Lampidi
1387 2909 1604 2950 reddidisse
1635 2910 1701 2958 ait,
1724 2916 1783 2949 ter
