1998 3306
334 220 413 256 542
752 216 1048 256 ADVERSUS
1081 217 1388 256 LACRITUM.

335 335 439 359 mum
460 327 657 369 curarunt,
687 321 757 361 sed
775 322 1040 374 syngrapham
1062 321 1196 360 inanes
1222 335 1309 360 esse
1341 333 1467 372 nugas
1487 327 1605 372 atque
1635 320 1804 373 ineptias

336 388 580 433 putaverunt.
639 382 745 421 Nam
765 398 837 422 nec
859 384 897 420 in
922 383 1047 421 Ponto
1074 390 1252 422 emerunt
1276 383 1503 434 quicquam,
1522 395 1649 433 neque
1668 382 1707 420 in
1737 395 1805 420 na-

336 457 422 481 vem
455 444 716 490 contulerunt,
742 446 919 483 Athenas
949 445 1184 483 vehendum.
1244 445 1294 483 Et
1320 458 1390 483 nos
1422 444 1646 491 creditores,
1679 457 1805 483 rever-

336 507 506 545 tentibus
539 507 595 545 eis
632 521 653 545 e
685 508 828 554 Ponto,
859 521 936 546 non
969 508 1211 546 habebamus
1239 508 1345 558 quod
1376 506 1719 559 prehenderemuS‚
1740 511 1809 544 aut

335 574 569 615 teneremus,
590 570 778 621 tantisper
805 570 898 607 dum
932 576 1105 608 nostram
1127 569 1333 621 pecuniam
1355 567 1651 620 recepissemus.
1700 567 1807 605 Nihil

335 630 438 668 enim
467 644 645 682 prorsum
677 631 715 668 in
735 640 889 683 portum
908 632 969 670 isti
989 638 1163 670 nostrum
1184 631 1426 669 invexerunt.
1484 630 1564 669 Sed
1583 628 1696 668 nobis
1719 629 1808 666 inu-

337 692 494 731 sitatum
527 693 724 744 quippiam
758 694 913 741 accidit,
941 694 1124 732 Judices:
1155 694 1220 744 qui
1254 694 1356 731 enim
1383 694 1420 731 in
1451 700 1582 732 vestra
1608 692 1682 730 hac
1713 691 1809 729 urbe

336 754 428 793 nihil
450 749 710 805 peccavimus,
731 756 837 794 nullo
870 758 917 795 ab
947 758 1000 794 eis
1021 757 1184 795 convicti
1199 756 1346 808 judicio
1368 770 1517 803 sumus,
1536 761 1670 794 nostra
1687 767 1808 806 pecu-

336 817 401 854 nia
420 817 468 854 ab
490 817 572 855 istis
594 817 801 856 Phaselitis
823 818 977 870 spoliati
998 832 1148 864 sumus,
1168 819 1280 870 quasi
1299 819 1465 870 verojus
1486 825 1587 857 esset
1600 814 1810 855 Phaselitis

335 878 642 930 repraesaliarum
663 879 847 918 adversus
868 880 1139 919 Athenienses.
1198 881 1299 918 Cum
1320 882 1438 929 enim,
1453 894 1539 932 quae
1559 885 1809 931 acceperunt,

336 940 499 979 reddere
532 941 667 988 nolint,
701 942 807 993 quod
839 942 946 980 aliud
976 943 1048 980 erit
1081 942 1188 980 hisce
1222 943 1337 979 rebus
1372 955 1515 980 nomen
1546 940 1809 985 tribuendum,

336 1016 452 1054 quam
481 1003 518 1041 vi
552 1016 619 1041 eos
648 1004 796 1055 eripere
832 1003 987 1042 aliena?
1032 1003 1132 1041 Nam
1165 1016 1239 1054 ego
1268 1003 1425 1054 quidem
1453 1003 1581 1042 audivi
1609 1014 1811 1052 nunquam

336 1064 542 1114 quicquam
567 1065 792 1102 sceleratius
818 1078 864 1103 eo
886 1065 1047 1111 scelere,
1067 1064 1169 1116 quod
1200 1065 1238 1102 in
1259 1078 1329 1103 nos
1350 1065 1413 1103 isti
1442 1065 1733 1111 commiserunt,
1751 1062 1809 1101 id-

336 1138 412 1176 que
432 1126 667 1178 confitentes
703 1139 744 1164 se
777 1125 983 1177 pecuniam
1012 1125 1210 1176 accepisse
1230 1140 1253 1164 a
1272 1127 1397 1164 nobis.
1454 1125 1608 1169 Quibus
1634 1125 1737 1164 enim
1760 1124 1809 1162 de

335 1187 601 1225 contractibus
631 1188 854 1238 ambigitur,
875 1187 1050 1233 Judices‚
1069 1187 1108 1224 hi
1122 1187 1314 1239 judicium
1335 1189 1561 1239 postulant:
1592 1200 1690 1238 quos
1721 1199 1810 1224 vero

334 1249 487 1299 utrique
508 1249 821 1287 contrahentium
843 1250 1077 1287 confitentur
1098 1257 1135 1287 et
1156 1250 1204 1287 de
1226 1250 1365 1301 quibus
1386 1250 1621 1303 syngraphae
1642 1248 1811 1286 nauticae

335 1319 504 1358 exstant,
524 1311 595 1349 hos
611 1320 904 1365 consummatos
926 1326 1011 1350 esse
1032 1326 1179 1358 omneS,
1201 1320 1240 1350 et
1259 1314 1474 1364 perscripta
1492 1313 1532 1351 in
1553 1311 1694 1350 tabulis
1712 1324 1810 1362 prae-

284 1380 293 1385 “
333 1373 423 1411 stari
444 1382 621 1425 oportere
644 1382 818 1413 censent.
876 1374 966 1412 Jam
992 1388 1057 1413 eos
1087 1389 1134 1413 ex
1156 1376 1381 1427 syngrapha
1400 1375 1494 1413 nihil
1523 1374 1681 1413 omnino
1710 1387 1811 1425 prae-

334 1435 494 1480 stitisse,
518 1436 588 1473 sed
615 1436 704 1473 inde
738 1437 786 1473 ab
818 1435 925 1473 initio
953 1436 1084 1473 statim
1113 1437 1339 1488 auspicatos
1370 1436 1559 1475 struxisse
1588 1429 1746 1474 fraude's
1772 1441 1811 1473 et

335 1497 430 1534 nihil
449 1498 549 1548 aequi
569 1497 735 1548 bonique
753 1497 963 1548 cogitasse,
979 1505 1061 1535 tum
1081 1510 1102 1535 a
1123 1498 1287 1536 testibus
1308 1505 1389 1536 tum
1410 1498 1483 1549 ipsi
1505 1512 1530 1550 a
1547 1511 1632 1537 sese
1650 1497 1812 1536 convin-

334 1566 475 1597 cuntur
495 1559 595 1597 adeo
617 1560 837 1598 manifeste.

389 1623 426 1657 7.
458 1621 577 1665 Quod
597 1635 686 1659 vero
708 1622 978 1672 gravissimum
999 1628 1061 1660 est
1087 1622 1185 1660 inter
1207 1623 1349 1661 Lacriti
1376 1622 1564 1668 facinora,
1592 1621 1631 1660 id
1652 1635 1720 1661 vos
1742 1635 1812 1660 au-

333 1681 415 1721 dire
433 1682 569 1721 decet:
601 1682 632 1720 is
654 1683 755 1720 enim
776 1685 892 1721 rebus
913 1684 1094 1722 omnibus
1113 1684 1281 1735 praefuit.
1342 1683 1559 1734 Postquam
1585 1683 1661 1721 huc
1695 1696 1812 1724 vene—

334 1751 435 1790 rant,
456 1744 505 1783 ad
524 1750 738 1782 mercatum
760 1751 928 1782 vestrum
947 1759 1025 1783 non
1047 1745 1263 1797 appellunt,
1286 1745 1356 1783 sed
1377 1745 1415 1782 in
1430 1745 1573 1782 Furum
1594 1753 1748 1795 portum
1770 1759 1812 1784 se

334 1806 560 1858 conjiciunt,
580 1806 644 1857 qui
680 1814 740 1844 est
767 1813 877 1844 extra
906 1807 1024 1844 vestri
1047 1814 1242 1844 mercatus
1270 1807 1425 1845 limites.
1485 1808 1633 1857 Estque
1652 1806 1811 1858 perinde.

334 1881 472 1906 navem
493 1868 531 1905 in
563 1868 708 1905 Furum
744 1874 855 1919 portu
884 1868 1116 1915 subducere,
1139 1882 1184 1907 ac
1212 1869 1243 1906 si
1274 1869 1359 1920 quis
1380 1868 1430 1907 ad
1452 1869 1635 1919 AEginam
1661 1875 1730 1906 aut
1760 1868 1810 1906 ad

336 1930 507 1980 Megara
536 1930 774 1981 appelleret:
805 1944 895 1967 nam
917 1944 965 1968 ex
985 1944 1032 1969 eo
1057 1937 1171 1982 portu
1191 1931 1385 1982 proficisci
1405 1931 1508 1975 licet,
1530 1943 1611 1982 quo
1632 1930 1810 1976 lubitum,

334 1999 374 2029 et
393 1991 706 2042 quandocunque
738 1992 986 2029 commodum
1008 1992 1136 2030 fuerit.
1197 1994 1252 2030 Ac
1271 1993 1471 2044 navigium
1499 1993 1551 2031 ibi
1579 1993 1620 2030 in
1643 1993 1811 2031 statione

336 2062 420 2091 erat
450 2053 535 2091 dies
567 2053 731 2104 amplius
747 2054 918 2104 quinque
938 2062 977 2091 et
999 2054 1158 2105 viginti:
1190 2055 1252 2092 isti
1279 2068 1371 2092 vero
1402 2054 1441 2092 in
1470 2061 1604 2093 nostro
1627 2055 1812 2106 Digmate

335 2114 654 2159 obambulabant,
676 2128 829 2165 nosque
858 2116 1058 2167 congressi
1091 2116 1383 2167 alloquebamur
1412 2124 1451 2155 et
1471 2117 1707 2168 jubebamus
1742 2130 1810 2156 eos

335 2189 485 2224 curare,
504 2183 547 2215 ut
566 2177 773 2228 pecuniam
793 2178 915 2228 primo
948 2191 1104 2229 quoque
1133 2186 1308 2231 tempore
1336 2180 1607 2231 reciperemus.
1664 2181 1811 2220 Assen—

335 2238 533 2276 tiebantur
564 2238 627 2276 isti
657 2245 696 2276 et
722 2252 764 2277 se
790 2239 829 2276 in
851 2252 897 2277 eo
917 2253 1004 2278 esse
1025 2240 1232 2279 dicebant:
1263 2255 1334 2279 nos
1362 2255 1429 2280 eos
1451 2242 1750 2288 accedebamus,
1772 2251 1812 2282 et

335 2314 426 2338 cum
447 2300 524 2338 alia
545 2300 859 2351 speculabamur,
880 2308 961 2339 tum
979 2316 1028 2340 an
1051 2303 1198 2353 aliquid
1214 2317 1235 2341 e
1256 2304 1345 2342 navi
1361 2304 1542 2343 alicunde
1557 2312 1810 2356 exponerent,

337 2368 377 2399 et
397 2362 738 2413 quinquagesimas
771 2363 979 2402 solverent.
1037 2364 1303 2416 Posteaquam
1330 2372 1462 2404 autem
1490 2366 1553 2404 isti
1582 2367 1666 2405 dies
1700 2380 1810 2405 com-

335 2422 466 2474 plures
487 2421 690 2469 affuerant‚
725 2436 851 2474 neque
880 2437 953 2462 nos
985 2424 1195 2476 quicquam
1226 2427 1537 2474 inveniebamus,
1566 2428 1628 2466 vel
1659 2429 1810 2480 exposi-

337 2490 432 2529 tum,
455 2484 516 2523 vel
537 2485 900 2536 quinquagesimam
922 2487 1089 2525 solutam
1111 2501 1246 2526 eorum
1265 2491 1433 2536 nomine,
1454 2489 1507 2527 ibi
1527 2489 1685 2528 demum
1705 2491 1811 2530 solu-

337 2545 478 2584 tionem
500 2546 626 2585 acrius
645 2548 894 2598 urgebamus.
953 2548 1054 2586 Cum
1085 2563 1174 2588 vero
1195 2563 1266 2589 nos
1294 2552 1348 2590 eis
1368 2551 1618 2600 instaremus,
1638 2552 1811 2592 Lacritus

335 2607 454 2645 frater
481 2608 704 2647 Artemonis
724 2608 945 2660 respondet,
976 2623 1017 2648 se
1037 2624 1113 2649 non
1135 2625 1253 2662 posse
1283 2613 1458 2658 reddere,
1479 2613 1640 2665 periisse
1661 2628 1810 2653 merces

336 2681 497 2714 omnes;
531 2670 764 2721 dicebatque
780 2671 957 2710 Lacritus
979 2685 1020 2710 se
1041 2672 1090 2710 de
1105 2673 1166 2711 his
1176 2675 1324 2726 justam
1339 2675 1483 2714 habere
1504 2676 1810 2716 excusationem.

338 2732 396 2769 Ea
415 2733 534 2771 verba
567 2747 653 2780 nos,
682 2734 856 2780 Judices‚
879 2734 1048 2783 graviter
1064 2735 1306 2776 ferebamus:
1339 2739 1409 2777 sed
1441 2738 1712 2790 indignatione
1738 2754 1809 2780 no-

337 2800 418 2831 stra
436 2794 530 2832 nihil
549 2796 866 2846 proficiebamus,
883 2796 964 2834 istis
986 2798 1145 2836 omnino
1161 2811 1246 2836 eam
1267 2801 1617 2840 contemnentibus.
1678 2803 1811 2841 Nihil-

336 2856 487 2894 ominus
508 2862 638 2895 tamen
660 2859 985 2909 percontabamur
1004 2872 1086 2907 eos,
1107 2874 1184 2912 quo
1208 2868 1322 2912 pacto
1344 2875 1492 2901 merces
1512 2864 1729 2915 periissent.
1750 2865 1810 2903 Ibi

339 2916 514 2956 Lacritus
535 2920 799 2970 respondebat
824 2920 988 2959 fractam
1016 2935 1101 2960 esse
1125 2935 1263 2961 navem
1283 2924 1376 2962 dum
1408 2925 1656 2978 Panticapaeo
1678 2927 1810 2966 Theu-

337 2978 487 3019 dosiam
521 2987 694 3032 peteret:
726 2983 850 3022 fracta
877 2989 1004 3022 autem
1038 2985 1139 3032 navi,
1161 2985 1309 3036 perisse
1328 2986 1512 3026 fratribus
1533 2988 1613 3028 suis
1642 3001 1807 3036 merces,
