1915 3356
552 191 779 229 CONTRA
799 188 1166 227 ‘TIMARCHUM
1541 188 1592 224 29

133 293 387 331 Considerate
409 295 632 339 sententias,
654 293 927 336 Athenienses,
942 304 1037 341 quas
1058 298 1173 341 poeta
1186 291 1342 341 profert.
1378 289 1444 326 Ait
1455 302 1496 326 se
1510 289 1592 340 jam

129 355 338 392 multarum
359 369 485 392 rerum
500 356 619 393 fuisse
633 356 946 404 disceptatorem,
964 361 1008 389 ut
1024 360 1064 389 et
1079 365 1147 388 vos
1162 365 1263 388 nunc
1278 351 1451 401 judices:
1473 364 1591 402 seque

129 417 430 468 asseritjudicia
448 431 524 454 non
546 431 565 454 e
583 416 825 459 testimoniis,
847 414 918 451 sed
940 427 959 450 e
982 413 1118 450 studiis
1134 420 1173 449 et
1192 413 1516 450 familiaritatibus
1540 413 1594 449 fe-

129 476 255 515 cisse:
286 479 377 516 illuc
408 480 675 529 respicientem
697 490 782 527 quae
804 476 938 513 suisset
961 489 1025 513 reo
1055 475 1291 525 quotidianae
1312 475 1398 510 vitae
1428 488 1595 512 consue-

129 539 238 584 tudo,
262 547 302 577 et
320 548 364 578 ut
383 554 490 578 suam
509 540 688 577 familiam
707 539 965 588 gubernasset
983 550 992 574 t
1023 536 1135 587 quasi
1150 536 1285 573 eodem
1306 535 1423 571 modo
1439 543 1477 573 et
1495 549 1594 573 rem-

129 601 322 650 publicam
362 609 466 640 esset
503 600 864 638 administraturus:
894 606 934 637 et
965 611 1129 650 quorum
1170 596 1404 634 commercio
1437 597 1595 646 gavisus

128 670 246 709 esset,
266 663 432 713 denique
451 662 705 714 pronunciare
726 675 803 699 non
831 662 997 706 dubitat,
1026 661 1143 698 talem
1172 672 1259 696 eum
1285 669 1386 702 esse,
1415 658 1551 707 quales
1571 659 1596 695 ii

131 724 222 769 sint,
249 737 413 774 quorum
435 724 721 762 consuetudine
751 724 980 761 delectetur.
1014 723 1183 772 AEquum
1217 720 1332 770 igitur
1356 726 1429 764 est,
1451 732 1520 756 vos
1542 719 1592 757 de

127 785 336 823 Timarcho
374 786 488 823 etiam
525 787 657 824 iisdem
688 799 775 823 cum
810 785 994 836 Euripide
1026 784 1083 821 uti
1112 782 1340 821 rationibus.
1389 781 1597 823 Quomodo

129 861 239 886 suam
259 863 339 887 rem
365 850 592 888 familiarem
623 849 797 888 curavit?
828 849 1107 887 Patrimonium
1128 855 1166 885 et·
1194 860 1306 884 suum
1327 853 1367 884 et
1385 847 1597 884 amicorum

126 922 195 960 per
220 911 354 948 luxum
371 912 601 963 absumpsit,
627 911 838 962 prostituta
857 910 1033 948 mercede
1054 909 1252 961 pudicitia,
1278 908 1526 958 acceptisque
1547 909 1596 946 ob

128 985 208 1009 rem
224 973 478 1023 judicandam
498 973 719 1011 muneribus
749 973 879 1010 omnia
900 979 1056 1010 strenue
1086 971 1267 1015 confecit,
1296 977 1337 1007 ut
1362 969 1455 1006 nihil
1483 970 1517 1007 ei
1548 970 1599 1008 sit

128 1034 318 1085 reliquum
351 1043 490 1087 praeter
511 1033 710 1074 dedecus?
740 1035 863 1086 Cujus
895 1041 1020 1072 autem
1044 1033 1327 1072 consuetudine
1355 1031 1600 1070 delectatur?

72 1116 75 1119 ,
131 1094 392 1146 Hegesandri.
425 1098 673 1148 Hegesandri
695 1110 807 1148 porro
829 1096 962 1134 studia
981 1109 1067 1147 quae
1089 1094 1207 1133 sunt?
1238 1094 1308 1139 Ea,
1336 1100 1491 1143 propter
1510 1107 1597 1144 quae

128 1156 282 1207 legibus
313 1173 336 1197 a
354 1159 608 1197 concionibus
629 1159 820 1196 habendis
843 1159 1055 1209 repellitur,
1099 1157 1186 1207 Ego
1206 1169 1296 1193 vero
1317 1155 1365 1192 de
1394 1154 1600 1192 Timarcho

129 1218 223 1267 quid
245 1219 361 1258 dico?
391 1221 444 1258 Et
462 1234 638 1271 quaenam
666 1220 714 1257 ad
743 1227 949 1271 praetorem
970 1218 1111 1257 retuli?
1143 1218 1202 1255 Ne
1227 1217 1438 1255 conciones
1456 1216 1602 1254 habeat

130 1280 377 1328 Timarchus,
395 1282 580 1334 pudicitia
593 1282 816 1334 prostituta,
832 1290 872 1320 et
885 1296 952 1334 per
968 1283 1104 1319 luxum
1130 1281 1339 1330 absumpto
1356 1278 1599 1330 patrimonio.

128 1344 210 1382 Vos
225 1346 319 1395 quid
333 1347 522 1398 jurastis?
553 1347 617 1384 De
636 1346 682 1384 iis
698 1347 811 1384 rebus
827 1346 1163 1397 pronunciaturos,
1184 1357 1272 1394 quae
1294 1343 1333 1381 in
1347 1342 1599 1381 accusatione

129 1408 369 1458 praescriptae
392 1409 483 1448 sint.

189 1470 253 1506 31.
283 1469 344 1506 Ne
372 1483 464 1508 vero
490 1476 693 1521 poetarum
725 1470 956 1508 auctoritate
975 1468 1213 1507 inculcanda
1235 1468 1305 1505 sim
1328 1467 1526 1518 prolixior,
1547 1468 1602 1504 vi-

130 1542 260 1567 rorum
288 1531 414 1568 dicam
442 1532 937 1582 seniorum‚vnotorumque
967 1530 1076 1568 vobis
1108 1530 1279 1575 nomina,
1307 1529 1601 1567 adolescentum

130 1592 223 1630 item
244 1599 284 1630 et
302 1607 524 1644 puerorum,
550 1607 715 1644 quorum
740 1593 803 1631 alii
823 1595 872 1631 ob
897 1593 1032 1630 formae
1051 1598 1296 1631 venustatem
1316 1591 1459 1628 multos
1476 1591 1600 1628 habu-

130 1661 244 1692 erunt
263 1662 469 1701 amatores,
493 1655 556 1694 alii
585 1669 653 1706 per
677 1662 832 1693 aetatem
860 1668 966 1693 nunc
996 1655 1112 1692 etiam
1139 1654 1308 1691 habent:
1338 1665 1500 1703 quorum
1535 1666 1603 1690 ne·

130 1715 225 1753 mini
239 1729 411 1768 unquam
431 1718 565 1756 eadem
586 1731 674 1769 quae
695 1717 902 1755 Timarcho
923 1717 1083 1755 crimina
1099 1724 1191 1754 sunt
1205 1717 1371 1767 objecta.
1400 1714 1600 1753 Vicissim-

130 1790 206 1827 que
222 1780 330 1817 vobis
347 1781 658 1818 commemorabo
674 1780 829 1817 nomina
841 1780 1055 1825 hominum,
1070 1779 1135 1830 qui
1148 1779 1297 1816 libidini
1314 1777 1475 1828 turpiter
1491 1790 1602 1827 aper-

130 1846 247 1890 teque
265 1840 536 1880 indulserunt:
567 1850 611 1880 ut
630 1855 697 1879 vos
717 1855 851 1879 eorum
878 1841 1084 1887 recordati,
1115 1839 1364 1877 Timarchum
1395 1839 1431 1875 in
1459 1851 1602 1876 conve-

129 1902 300 1939 nientem
323 1904 358 1940 ei
378 1904 551 1941 ordinem
573 1904 783 1954 reponatis.
817 1902 989 1939 Primum
1011 1910 1138 1940 autem
1160 1901 1473 1939 commemorabo
1493 1901 1602 1951 inge-

130 1976 296 2000 nuorum
326 1964 494 2010 nomina,
527 1966 592 2015 qui
621 1972 779 2001 aetatem
811 1964 976 2001 honeste
1006 1968 1237 2013 exegerunt.
1292 1961 1441 2005 Nostis,
1480 1962 1604 2000 Athe-

131 2025 304 2070 nienses,
328 2026 528 2063 Critonem
549 2025 752 2076 Astyochi‚
773 2032 811 2062 et
833 2024 1063 2062 Periclidem
1086 2024 1318 2062 Perithoedae
1341 2023 1399 2068 F„
1421 2031 1460 2060 et
1485 2023 1599 2061 Poleu

131 2099 351 2137 magenem,
368 2094 407 2125 et
423 2086 720 2125 Pantoleontem
737 2086 940 2136 Cleagorae
959 2085 1018 2130 F„
1038 2092 1077 2122 et
1094 2085 1371 2122 Timesitheum
1391 2097 1602 2131 cursorem,

131 2149 198 2198 qui
228 2162 307 2187 non
339 2149 479 2187 civium
509 2147 716 2193 duntaxat,
740 2147 809 2185 sed
829 2154 869 2185 et
889 2146 1117 2184 Graecorum
1144 2147 1314 2183 omnium
1333 2145 1603 2185 formosissimi

132 2212 302 2257 fuerunt,
338 2218 457 2261 atque
491 2217 685 2248 amatores
723 2209 909 2261 plurimos
948 2215 986 2246 et
1019 2207 1329 2245 modestissimos
1359 2207 1602 2247 habuerunt:

132 2279 264 2311 tamen
283 2286 396 2310 nemo
417 2286 590 2323 unquam
607 2286 674 2310 eos
693 2271 939 2322 vituperavit.
971 2270 1124 2307 Rursus
1147 2283 1194 2307 ex
1216 2269 1546 2316 adolescentibus,
1566 2277 1607 2308 et

131 2334 176 2372 iis
192 2335 258 2385 qui
272 2334 388 2372 etiam
401 2348 507 2373 nunc
520 2335 621 2373 inter
635 2348 775 2386 pueros
792 2339 1013 2379 censentur,
1027 2332 1190 2384 primum
1207 2332 1410 2382 Iphicratis
1425 2345 1472 2369 ex
1485 2332 1602 2371 fratre

131 2404 329 2448 nepotem,
361 2396 476 2434 Tisiae
503 2396 731 2435 Rhamnusii
760 2396 820 2441 F.‚
851 2394 1056 2433 Timarcho
1093 2408 1198 2432 nunc
1228 2406 1294 2431 reo
1315 2394 1602 2444 cognominem,

131 2458 198 2510 qui
215 2472 304 2497 cum
325 2459 375 2496 sit
395 2458 562 2497 decorus
584 2459 787 2510 adspectu,
800 2463 952 2495 tantum
967 2458 1078 2495 abest
1098 2469 1120 2494 a
1136 2455 1387 2507 turpitudine,
1408 2462 1451 2492 ut
1467 2469 1602 2507 nuper,

133 2532 223 2558 cum
242 2520 282 2558 in
310 2521 542 2559 suburbanis
565 2519 876 2559 Bacchanalibus
902 2519 1104 2557 comoediae
1135 2518 1174 2555 in
1196 2518 1355 2569 Colytto
1385 2525 1604 2567 agerentur,

133 2588 174 2620 et
187 2581 379 2621 Parmeno
396 2582 569 2621 comicus
579 2581 714 2620 histrio
730 2581 893 2620 dixisset
908 2581 958 2619 ad
973 2588 1117 2619 coetum
1133 2592 1288 2618 versum
1304 2580 1603 2629 anapaesticum:

134 2655 222 2682 esse
237 2644 431 2694 quosdam
443 2656 608 2696 magnos
623 2644 841 2690 catamitos,
858 2641 1069 2680 Timarcho
1085 2641 1229 2679 similes
1244 2654 1252 2678 :
1275 2653 1389 2678 nemo
1404 2640 1442 2677 id
1456 2640 1494 2676 in
1510 2640 1605 2679 ado-

131 2705 361 2752 lescentem,
381 2706 451 2745 sed
471 2706 511 2743 in
532 2712 570 2744 te
585 2719 720 2744 omnes
744 2705 822 2743 dici
841 2703 1025 2755 putarint.
1058 2703 1167 2741 Adeo
1187 2702 1291 2740 illius
1313 2701 1430 2739 studii
1451 2703 1606 2741 crevisti

132 2765 402 2804 hereditatem.
432 2767 627 2805 Anticlem
646 2779 761 2818 porro
783 2778 995 2811 cursorem,
1016 2771 1056 2802 et
1070 2764 1250 2802 Phidiam
1272 2763 1415 2801 Milesii
1432 2763 1601 2802 fratrem.

135 2826 239 2865 Cum
259 2833 388 2864 autem
407 2826 551 2865 multos
582 2827 708 2865 adhuc
729 2826 913 2864 haberem
938 2824 1315 2870 commemorandos,
1337 2823 1526 2869 desinam,
1554 2839 1602 2863 ne

134 2888 184 2926 de
202 2887 396 2926 industria
415 2888 578 2938 gratiam
598 2888 748 2926 illorum
769 2887 902 2926 videar
925 2887 1122 2938 aucupari.
1152 2886 1241 2923 Jam
1263 2885 1310 2923 de
1330 2884 1405 2922 illis
1427 2885 1492 2936 qui
1511 2894 1603 2924 sunt

135 2948 340 2988 Timarcho
368 2948 526 2995 similes,
558 2949 736 2999 quamvis
757 2947 973 2986 inimicitias
998 2947 1159 2996 fugiam,
1182 2953 1311 2984 tamen
1343 2958 1474 2983 eorum
1505 2959 1603 2996 quos
