1915 3356
630 188 854 228 CONTRA
883 188 1150 228 NEAERAM.
1540 191 1620 227 773

159 293 384 340 xonensem,
397 293 547 340 cumis,
564 292 767 333 Socratide
781 299 957 346 praetore,
971 292 1170 344 quadrigis
1186 292 1328 344 Pythia
1338 292 1507 337 vicisset,
1520 305 1619 343 quas

160 360 305 393 emerat
323 368 347 393 a
365 354 499 408 Mityis
526 356 682 408 Argyrii
709 356 852 403 liberis,
872 362 912 394 et
941 354 1104 407 Delphis
1127 354 1294 401 rediens,
1313 355 1450 407 epulas
1476 355 1516 392 in
1542 355 1621 393 Co·-

158 415 263 456 liade
282 419 472 470 praeberet
490 427 645 471 propter
663 419 876 458 victoriam.
935 418 993 456 Ibi
1024 424 1063 456 et
1094 417 1159 456 alii
1182 417 1294 455 multi
1325 431 1412 455 cum
1432 431 1479 456 ea
1503 418 1621 464 ebria,

159 477 373 517 dormiente
405 479 639 532 Phrynione,
671 493 751 519 rem
784 480 1019 526 habuerunt,
1055 487 1093 518 et
1128 478 1292 517 ministri
1330 479 1524 526 Chabriae,
1555 480 1621 530 qui

158 549 334 580 mensam
346 549 575 581 struxerant.
616 543 714 580 Haec
729 556 753 581 a
770 555 833 581 me
846 556 934 582 vere
955 542 1031 581 dici
1050 548 1095 580 ut
1113 541 1352 594 intelligatis,
1372 548 1494 580 testes
1513 542 1622 580 vobis

158 604 370 655 producam
401 617 470 644 eos
499 604 565 656 qui
592 605 788 654 viderunt,
807 606 950 658 quique
976 605 1247 644 interfuerunt.
1302 606 1389 656 Age
1414 616 1513 642 voca
1531 603 1625 642 mihi

160 665 394 707 Chionidem
410 667 705 719 Xypetaeonem‚
724 675 764 708 et
783 668 1058 708 Euthetionem
1074 667 1466 720 Cydathenaeensem.

679 805 1095 845 TESTIMONIUM.

199 889 367 921 Chionides
383 891 555 931 Xypetaeo,
581 893 731 923 Eutherio
757 895 1049 935 Cydathenaeensis,
1070 898 1224 924 testantur
1251 904 1285 921 se
1310 895 1438 921 vocatos
1465 890 1561 921 fuisse
1586 890 1624 920 ad

154 951 285 979 coenam,
296 952 364 972 cum
374 942 523 973 Chabrias
536 942 574 972 ob
585 943 746 973 victoriam
759 945 895 973 curtulis
911 943 1088 972 certaminis
1101 944 1226 981 epulum
1240 942 1404 981 praeberet,
1419 941 1624 981 convivioque

152 993 185 1023 in
202 989 330 1024 Coliade
353 997 517 1034 exceptos,
533 993 675 1034 scireque
691 1004 725 1024 se
740 993 949 1034 Phrynionem
971 991 1099 1022 affuisse
1116 992 1147 1022 in
1164 1003 1250 1023 coena
1264 992 1350 1023 illius
1370 1003 1475 1023 secum
1491 993 1625 1023 adducta

156 1045 279 1082 Neaera,
293 1056 330 1076 ea
343 1056 412 1085 quae
433 1056 512 1076 nunc
527 1046 738 1086 periclitetur,
751 1050 783 1076 et
807 1055 841 1075 se
857 1044 1011 1075 dormisse
1027 1048 1060 1074 et
1074 1044 1283 1084 Phrynionem
1300 1049 1331 1074 et
1347 1045 1503 1082 Neaeram,
1529 1055 1624 1084 seque

155 1097 290 1128 sensisse
312 1101 407 1129 noctu
429 1098 640 1128 assurrexisse
663 1098 702 1128 ad
724 1098 868 1128 Neaeram
890 1101 955 1127 tum
976 1090 1053 1127 alios
1075 1101 1140 1127 tum
1161 1095 1371 1127 ministrorum
1394 1097 1555 1137 quosdam,
1573 1096 1624 1136 qui

154 1149 297 1180 Chabriae
311 1149 398 1181 servi
412 1154 527 1180 essent.

209 1227 274 1264 12.
304 1226 406 1264 Cum
428 1231 561 1264 autem
589 1225 812 1277 importune
843 1231 883 1264 et
906 1223 1190 1263 contumeliose
1209 1237 1233 1262 a
1251 1223 1474 1276 Phrynione
1503 1223 1623 1261 habe-

152 1292 273 1334 retur,
291 1295 372 1326 non
389 1293 435 1326 ut
450 1292 621 1339 putarat,
636 1292 845 1335 amaretur,
863 1299 992 1338 neque
1011 1286 1043 1325 is
1064 1286 1163 1325 eiad
1177 1282 1308 1325 votum
1329 1287 1626 1335 obsequeretur,

154 1357 370 1396 convasata
401 1350 485 1402 ejus
511 1349 798 1403 suppellectile,
819 1355 860 1389 et
890 1353 979 1401 quae
1002 1348 1035 1387 is
1063 1348 1098 1388 ei
1116 1349 1350 1388 vestimenta
1368 1352 1625 1398 compararat,

152 1412 362 1464 aureisque
381 1413 632 1460 ornamentis,
664 1425 753 1451 cum
784 1412 938 1451 duabus
970 1411 1122 1450 ancillis
1151 1411 1316 1450 Thratta
1348 1417 1388 1449 et
1422 1408 1625 1455 Cocalina,

153 1473 318 1526 Megara
336 1475 502 1527 aufugit.
558 1475 604 1514 Id
623 1481 686 1514 est
705 1488 751 1514 eo
770 1481 945 1527 tempore
963 1475 1127 1522 factum,
1153 1487 1230 1527 quo
1259 1473 1394 1512 Astius
1413 1477 1625 1524 praeturam

152 1537 276 1588 gessit
305 1537 487 1584 Athenis,
516 1550 595 1590 qua
626 1537 858 1589 tempestate
877 1550 945 1576 vos
973 1538 1168 1589 posterius
1198 1549 1289 1576 cum
1320 1533 1625 1574 Lacedaemoniis

150 1598 297 1638 bellum
329 1600 538 1651 gerebatis.
610 1600 860 1640 Commorata
890 1601 1010 1653 igitur
1046 1601 1222 1653 Megaris
1256 1607 1317 1639 est
1349 1598 1563 1645 biennium,
1587 1604 1627 1636 et

151 1661 267 1709 Astii,
285 1668 326 1701 et
343 1663 581 1702 Alcisthenis
609 1663 788 1715 praetoris
811 1677 982 1703 annum:
1012 1677 1101 1703 curn
1122 1663 1280 1715 quidem
1301 1663 1335 1702 ei
1351 1668 1525 1713 quaestus
1540 1673 1625 1699 cor-

150 1724 256 1777 peris
275 1737 354 1763 non
378 1724 473 1764 satis
500 1738 665 1777 magnas
684 1726 734 1764 ad
755 1726 936 1764 alendam
965 1725 1150 1765 familiam
1172 1726 1410 1776 domumque
1430 1724 1625 1762 instruen-

153 1786 248 1826 dam
269 1787 402 1839 copias
421 1787 688 1840 suppeditaret
705 1792 952 1840 (sumptuosa
972 1789 1075 1826 enim
1097 1790 1197 1838 erat)
1216 1787 1324 1839 quod
1351 1793 1390 1825 et
1412 1785 1518 1824 cives
1547 1784 1624 1822 illi-

151 1849 304 1888 berales
317 1856 450 1888 essent
468 1856 509 1888 et
527 1857 698 1895 tenaces,
716 1857 755 1887 et
767 1850 942 1901 hospites
961 1850 1011 1886 ibi
1031 1863 1112 1887 non
1127 1851 1350 1901 frequentes
1364 1853 1624 1893 versarentur,

149 1919 311 1964 propter
329 1911 490 1959 bellum,
509 1917 599 1951 cum
619 1911 874 1962 Megarenses
896 1910 1117 1953 Laconibus
1143 1911 1358 1957 studerent,
1377 1916 1417 1947 et
1434 1922 1504 1947 vos
1525 1907 1622 1947 mari

149 1974 407 2026 imperaretis,
428 1973 659 2012 Corinthum
689 1979 819 2012 autem
848 1973 885 2011 ei
908 1972 1033 2011 redire
1057 1986 1137 2011 non
1157 1972 1315 2018 licebat,
1334 1985 1422 2009 cum
1455 1983 1502 2009 ea
1529 1983 1623 2008 con·

149 2036 297 2075 ditione
324 2036 486 2075 dimissa
511 2043 616 2075 esset
644 2037 693 2074 ab
727 2036 898 2075 Eucrate
930 2042 970 2074 et
1004 2035 1269 2081 Timanoride,
1289 2041 1334 2072 ut
1365 2047 1415 2072 ne
1446 2032 1625 2072 Corinthi

148 2105 342 2150 quaestum
374 2098 535 2137 faceret.
601 2098 656 2136 Ut
687 2098 806 2149 igitur
834 2110 912 2149 pax
944 2097 1186 2136 Phrasiclide
1216 2103 1382 2149 praetore
1414 2096 1522 2134 facta
1546 2102 1622 2143 est,

147 2166 282 2213 pugna
297 2161 337 2198 in
358 2160 534 2199 Leuctris
554 2174 578 2199 a
596 2160 791 2199 Thebanis
812 2166 852 2198 et
870 2159 1184 2198 Lacedaemoniis
1211 2159 1434 2206 commissa,
1453 2157 1621 2209 Stepha-

148 2235 223 2262 nus
243 2222 410 2275 Megara
425 2224 640 2276 profectus,
659 2222 764 2276 apud
788 2235 874 2262 eam
900 2230 945 2261 ut
962 2223 1204 2262 meretricem
1224 2223 1453 2269 diversatus,
1474 2227 1514 2259 et
1531 2233 1620 2258 cum

148 2291 196 2324 ea
213 2296 451 2337 congressus
483 2291 556 2325 est.
615 2284 674 2323 Ibi
700 2285 768 2324 illa
793 2285 984 2337 expositis
1005 2285 1040 2324 ei
1071 2286 1185 2324 rebus
1206 2285 1385 2324 omnibus
1405 2289 1444 2322 et
1474 2282 1620 2335 injuriis

147 2344 396 2399 Phrynionis‚
416 2347 647 2398 traditisque
672 2347 846 2399 pecuniis
878 2359 975 2399 quas
1003 2348 1052 2386 ab
1081 2347 1149 2387 illo
1174 2347 1266 2386 hinc
1296 2346 1522 2392 abstulerat,
1552 2359 1619 2384 cu-

146 2408 242 2461 pida
260 2404 417 2460 quidem
437 2408 514 2449 huc
534 2407 737 2456 redeundi,
765 2409 836 2448 sed
861 2407 1126 2462 Phrynionem
1152 2422 1175 2448 a
1205 2423 1247 2447 se
1265 2408 1519 2461 compilatum
1538 2420 1618 2459 me-

148 2476 278 2519 tuens,
296 2476 415 2523 quem
446 2478 486 2511 et
519 2471 591 2510 sibi
624 2471 780 2519 iratum,
799 2478 838 2510 et
869 2470 1092 2510 vehementi
1125 2484 1213 2510 esse
1241 2484 1287 2510 ac
1311 2471 1483 2510 violento
1502 2470 1620 2508 sciret

111 2563 114 2565 >
146 2533 316 2586 ingenio,
333 2533 573 2587 Stephanum
594 2541 802 2586 patronum
819 2534 1017 2574 adsciscit.
1076 2535 1113 2573 Is
1143 2547 1231 2573 vero
1250 2534 1424 2586 Megaris
1451 2534 1489 2571 in
1510 2545 1619 2583 spem

148 2602 319 2635 erectam
351 2602 392 2635 et
416 2597 542 2636 verbis
571 2597 745 2636 inflatam
765 2609 864 2645 eam,
883 2597 1050 2636 laturum
1074 2597 1329 2637 infortunium
1355 2595 1621 2648 Phrynionem

148 2656 394 2706 dictitan'S,'si
414 2671 501 2699 eam
514 2659 718 2712 attigisset,
733 2673 854 2711 seque
871 2673 1032 2699 uxorem
1052 2673 1139 2699 eam
1160 2660 1384 2704 ducturum,
1407 2665 1447 2697 et
1462 2658 1620 2707 liberos,

149 2732 247 2772 quos
265 2721 348 2760 tum
367 2721 540 2769 haberet,
557 2722 607 2761 ad
626 2722 787 2761 tribules
808 2723 1086 2772 adducturum,
1109 2723 1290 2774 civesque
1316 2721 1510 2760 facturum
1531 2726 1620 2757 tan-

148 2788 268 2834 quam
285 2795 390 2832 suos,
412 2784 683 2837 'neminemque
704 2785 923 2824 mortalium
949 2785 984 2824 ei
1005 2798 1141 2824 manus
1161 2785 1382 2830 allaturum,
1399 2781 1622 2834 pollicitus:

147 2844 226 2884 huc
237 2852 325 2885 earn
340 2859 473 2887 secum
487 2848 663 2900 Megaris
680 2848 857 2896 adduxit,
875 2856 916 2888 et
933 2862 1076 2901 pueros
1097 2862 1184 2888 cum
1205 2861 1252 2887 ea
1272 2856 1366 2893 tres,
1386 2848 1618 2893 Proxenum,

151 2906 387 2956 Aristonem,
407 2916 447 2949 et
471 2911 604 2959 filiam,
623 2924 741 2964 quam
771 2925 875 2952 nunc
895 2911 1122 2952 Phanonem
1144 2911 1359 2958 nominant,
1380 2917 1419 2950 et
1445 2923 1533 2949 cum
1562 2911 1620 2961 ip-

152 2982 250 3017 sam,
271 2977 356 3010 tum
374 2971 514 3013 liberos
534 2973 573 3012 in
593 2975 872 3014 domunculam
891 2975 1118 3021 introduxit,
1152 2988 1238 3026 quae
1259 2974 1294 3014 ei
1315 2980 1398 3013 erat
1419 2973 1469 3012 ad
1488 2985 1620 3012 susur-
