1915 3356
648 186 873 225 CONTRA
905 185 1168 223 NEAERAM.
1196 231 1197 234 Ἴ
1558 183 1635 221 785

183 292 274 332 fecti
293 298 384 330 sunt
401 293 580 344 puberes,
600 292 708 344 pueri
740 298 780 329 et
809 289 985 328 mulieres
1016 288 1088 326 sub
1117 287 1227 324 hasta
1245 285 1402 332 venditi,
1423 285 1488 337 qui
1517 283 1641 323 Lace-

182 353 459 393 daemoniorum
495 353 747 406 aggressione
784 364 862 390 non
899 349 1179 394 animadversa,
1217 347 1314 386 clam
1349 347 1526 386 Athenas
1558 358 1639 385 non

181 414 423 467 aufugerant.
481 416 561 454 Eos
579 416 695 467 igitur
711 414 778 465 qui
798 425 907 452 suam
926 409 1233 450 benevolentiam
1259 409 1312 446 ita
1331 408 1529 447 evidenter
1546 420 1641 459 erga

181 478 460 530 rempublicam
479 476 745 523 ostenderunt,
763 482 803 514 et
828 473 1006 513 amicitiae
1021 471 1155 525 populi
1174 484 1246 511 sua
1264 470 1404 516 omnia,
1423 470 1642 523 egliberos,

179 546 298 590 atque
314 553 455 579 uxores
474 538 796 591 posthabuerunt,
811 549 963 574 rursum
983 534 1241 580 considerate,
1261 545 1337 583 quo
1355 538 1470 583 pacto
1489 531 1528 569 in
1548 531 1639 570 civi-

178 606 300 639 tatem
319 601 554 653 receperitis.
612 600 646 638 E
666 599 830 638 decretis
851 598 954 637 enirn
968 596 1118 644 vestris,
1134 595 1293 634 evidens
1308 593 1487 633 omnibus
1506 593 1578 632 erit
1594 607 1641 632 ea

177 662 289 707 ratio,
308 669 349 701 et
365 676 427 701 me
443 675 534 700 vera
553 661 681 701 dicere
701 660 962 713 cognoscetis.
1020 660 1106 710 Age
1125 670 1222 709 cape
1254 657 1454 695 decretum
1483 654 1570 701 hoc,
1601 662 1640 692 et

178 722 267 775 lege
284 724 353 762 eis.

471 818 779 856 DECRETUM
809 817 886 856 DE
916 795 1353 854 PLATAEENSIBUS.

219 903 412 944 Hippocrate
427 905 591 942 referente,
607 906 677 936 data
693 905 806 936 civitas
823 909 869 935 est
882 902 1118 938 Plataeensibus,
1137 907 1171 931 ut
1195 901 1232 930 ab
1247 901 1302 930 hac
1317 899 1369 930 die
1393 899 1455 929 sint
1472 898 1579 928 eadem
1595 898 1641 927 di-

176 954 305 994 gnitate,
318 966 378 996 qua
389 955 483 986 ceteri
494 956 707 992 Athenienses,
720 961 751 987 et
763 957 814 995 jus
831 956 973 990 habeant,
990 964 1116 994 quorum
1133 952 1339 983 Athenienses
1363 952 1414 990 jus
1440 950 1561 986 habent,
1577 960 1641 980 om-

177 1006 273 1043 nium,
286 1012 318 1036 et
333 1018 487 1037 sacrorum
513 1012 545 1038 et
568 1008 774 1047 profanorum,
791 1010 991 1047 praeterquam
1016 1004 1042 1034 si
1066 1004 1148 1044 quod
1172 1002 1376 1033 sacerdotium
1398 1006 1449 1031 aut
1471 1001 1580 1031 festum
1597 1005 1644 1031 est

177 1055 374 1095 gentilitium,
392 1062 526 1096 excepto
541 1057 615 1088 item
632 1057 855 1093 novemviratu‚
870 1066 971 1086 eorum
983 1060 1089 1095 ,tamen
1109 1054 1214 1084 liberis
1229 1058 1261 1084 et
1276 1053 1341 1083 haec
1360 1056 1500 1092 pateant:
1527 1052 1641 1082 Platae-

174 1117 265 1138 enses
282 1113 382 1138 autem
399 1108 430 1138 in
446 1109 546 1138 curias
567 1113 599 1138 et
614 1108 714 1138 tribus
729 1108 974 1145 distribuantur-3
993 1106 1045 1146 qui
1062 1111 1226 1145 postquam
1242 1104 1400 1135 distributi
1416 1103 1540 1139 suerint,
1556 1109 1642 1143 post-

175 1159 232 1189 hac
246 1170 284 1190 ne
299 1159 354 1189 uni
370 1159 587 1190 Plataeensium
602 1160 694 1190 liceat
713 1159 779 1190 fieri
802 1159 1033 1195 Atheniensem,
1050 1157 1109 1188 nisi
1125 1158 1157 1188 id
1176 1158 1228 1196 jus
1247 1155 1356 1195 populi
1371 1155 1519 1185 beneficio
1535 1166 1641 1186 conse-

174 1214 296 1249 quatur.

174 1285 390 1332 Videtisne,
418 1286 689 1333 Athenienses,
722 1299 838 1338 quam
872 1286 1059 1337 praeclare
1091 1291 1131 1323 et
1165 1284 1271 1336 juste
1311 1290 1439 1322 orator
1472 1283 1536 1322 ille
1569 1296 1639 1335 pro

172 1348 319 1400 populo
333 1348 563 1400 Atheniensi
593 1349 789 1401 scripserit
820 1355 859 1386 et
890 1347 1114 1387 censuerit?
1149 1346 1388 1385 Plataeenses
1409 1347 1641 1385 beneficium

173 1419 422 1459 consecutos,
440 1414 605 1464 primum
622 1413 660 1450 in
674 1412 824 1465 judicio
842 1411 1104 1464 explorandos
1122 1411 1277 1458 viritim,
1298 1424 1347 1449 an
1367 1411 1572 1463 quisquam
1595 1411 1644 1449 sit

175 1473 405 1512 Plataeensis
427 1482 466 1513 et
486 1475 619 1526 populi
641 1475 808 1520 amicus;
837 1481 881 1512 nt
899 1488 947 1512 ne
968 1488 1015 1513 eo
1041 1481 1230 1526 praetextu
1250 1474 1363 1512 multi
1382 1474 1420 1511 in
1445 1473 1641 1512 civitatem

174 1536 421 1587 recipiantur.
477 1537 632 1575 Deinde
652 1544 718 1575 eos
738 1537 803 1588 qui
827 1537 979 1588 probati
998 1536 1154 1583 suerint,
1174 1536 1340 1587 lapideae
1360 1536 1451 1587 pilae
1470 1536 1640 1583 inscribi,

174 1603 215 1636 et
239 1598 278 1635 in
304 1611 393 1636 arce
421 1598 540 1636 statui
567 1600 679 1648 juxta
710 1599 928 1637 Minervam
951 1599 1088 1650 jubet;
1120 1605 1163 1636 ut
1191 1597 1424 1642 beneficium
1454 1598 1491 1635 id
1524 1598 1640 1636 etiarn

175 1659 341 1711 posteris
361 1667 599 1711 permaneat,
633 1660 864 1711 probarique
885 1660 1022 1711 possit,
1051 1659 1137 1710 quis
1169 1659 1232 1698 cui
1259 1667 1449 1710 cognatus
1471 1659 1532 1698 sit.
1593 1660 1643 1698 Et

174 1728 312 1772 postea
329 1733 409 1759 non
424 1721 538 1759 licere
559 1720 650 1758 sinit
668 1721 946 1759 Atheniensem
967 1721 1048 1758 fieri
1067 1734 1168 1767 eum,
1190 1721 1255 1772 qui
1273 1734 1378 1758 nunc
1397 1734 1476 1759 non
1500 1721 1642 1768 factus,

174 1789 215 1820 et
232 1782 435 1834 injudicio
453 1796 530 1820 non
552 1783 738 1833 probatus
766 1782 905 1826 fuerit3
939 1790 981 1820 ut
1012 1796 1059 1820 ne
1092 1782 1204 1820 multi
1232 1795 1272 1820 se
1294 1782 1536 1821 Plataeenses
1557 1796 1641 1821 esse

175 1844 411 1891 dictitantes,
426 1844 561 1882 fraude
581 1844 620 1881 in
639 1844 830 1882 civitatem
848 1844 1030 1895 irrepant.
1058 1844 1212 1883 Deinde
1230 1844 1359 1895 legem
1380 1845 1493 1882 etiam
1513 1845 1642 1883 sancit

175 1919 271 1958 erga
299 1919 365 1944 eos
397 1906 436 1943 in
469 1907 625 1944 decreto
658 1906 801 1951 statim,
823 1913 904 1945 tum
937 1912 1126 1958 quantum
1152 1906 1204 1945 ad
1234 1907 1529 1957 rempublicam,
1556 1914 1639 1945 tum

174 1975 364 2020 quantum
385 1968 435 2007 ad
456 1969 550 2008 deos
572 1969 722 2015 attinet,
742 1982 790 2006 ne
810 1969 991 2020 cuiquam
1012 1982 1146 2007 eorum
1162 1969 1200 2006 in
1223 1969 1424 2007 sortitione
1443 1970 1641 2008 novemvi-

173 2045 316 2080 rorum,
337 2038 406 2071 aut
435 2032 550 2071 ullius
585 2020 762 2071 sacrificii
791 2032 901 2070 locus
933 2032 1059 2078 detur,
1086 2031 1224 2070 horum
1256 2045 1345 2070 vero
1380 2032 1524 2078 liberis,
1557 2033 1588 2070 si
1618 2046 1640 2071 e

174 2094 333 2132 muliere
353 2094 436 2132 cive
457 2094 629 2146 suscepti
651 2095 740 2140 sint,
761 2100 801 2131 et
820 2093 991 2145 legitime
1013 2094 1222 2145 desponsa,
1241 2094 1370 2132 licere.

229 2157 296 2194 26.
327 2156 614 2207 Iniquissimum
635 2156 753 2207 igitur
772 2155 888 2194 fuerit
907 2169 1001 2206 erga
1019 2155 1182 2202 vicinos,
1211 2163 1250 2194 et
1278 2163 1388 2194 extra
1415 2162 1638 2194 controver-

171 2218 268 2256 siam
288 2218 432 2269 optime
452 2219 621 2256 omnium
643 2218 875 2256 Graecorum
897 2218 946 2256 de
966 2218 1040 2256 hac
1066 2219 1265 2269 republica
1283 2218 1454 2264 meritos,
1483 2218 1536 2256 ita
1555 2218 1640 2256 dili·
1662 2216 1666 2217 ⁷

174 2286 312 2332 genter
330 2286 370 2318 et
391 2288 571 2319 accurate
591 2280 745 2332 singula
765 2280 937 2327 definire,
958 2281 1096 2331 quibus
1117 2280 1405 2319 conditionibus
1424 2280 1499 2318 hoc
1520 2281 1639 2318 bene-

173 2342 260 2381 ficio
278 2342 477 2380 fruantur:
507 2356 591 2381 eam
624 2356 729 2389 vero,
762 2355 850 2393 quae
870 2343 998 2394 palam
1020 2349 1058 2381 et
1082 2344 1271 2395 exquisite
1292 2343 1508 2382 universam
1528 2331 1639 2380 Grae-

172 2404 272 2443 ciam
293 2405 503 2456 prostituto
524 2417 683 2457 corpore
709 2412 920 2457 pervagata
950 2411 1022 2452 est,
1042 2405 1097 2444 ita
1127 2405 1319 2457 flagitiose
1345 2419 1391 2444 ac
1420 2405 1641 2457 petulanter

175 2465 425 2504 insultantem
451 2466 611 2513 civitati,
646 2473 687 2506 et
717 2480 828 2505 sacra
859 2467 1032 2519 deosque
1064 2467 1286 2515 violantem,
1316 2466 1546 2519 impunitam
1580 2467 1639 2505 di-

128 2562 135 2568 .
175 2527 338 2575 misisse,
356 2541 474 2580 quam
511 2542 641 2581 neque
672 2537 853 2581 parentes
884 2530 1007 2569 civem
1033 2530 1284 2582 reliquerunt,
1312 2543 1439 2581 neque
1472 2529 1638 2581 populus

174 2590 330 2629 civitate
349 2591 520 2629 donavit.
570 2591 645 2630 Ubi
665 2592 765 2630 enim
787 2605 947 2643 corpore
967 2599 1159 2644 quaestum
1180 2606 1258 2630 non
1280 2591 1404 2630 fecit?
1447 2591 1535 2634 Quo
1550 2603 1638 2643 pro—

175 2659 260 2704 pter
279 2654 543 2705 quotidianam
563 2655 782 2694 mercedem
802 2669 880 2693 non
901 2655 1128 2694 ventitavit?
1157 2656 1301 2694 Nonne
1324 2655 1638 2706 Peloponnesum

174 2722 308 2764 totam,
327 2716 566 2756 Thessaliam
584 2718 674 2757 item
693 2726 732 2757 et
752 2718 1013 2770 Magnesiam,
1035 2718 1179 2757 Simum
1200 2718 1431 2757 Larissaeum
1453 2724 1492 2755 et
1512 2717 1636 2769 Eury-

176 2778 398 2817 damantem
417 2779 550 2817 Midiae
571 2779 705 2827 filium,
725 2792 852 2818 nonne
874 2780 1013 2818 Chium
1036 2787 1077 2818 et
1093 2780 1296 2818 maximam
1320 2779 1441 2817 Ionioe
1474 2787 1638 2830 partem,

179 2839 364 2878 Sotadem
383 2839 609 2879 Cretensem
641 2849 790 2888 secuta,
813 2841 1062 2893 peragravit?
1092 2841 1246 2880 elocata
1271 2840 1451 2879 mercede
1475 2853 1497 2878 a
1518 2840 1637 2879 Nica-

177 2907 272 2947 reta,
293 2899 387 2938 dum
404 2901 504 2940 illius
524 2903 653 2941 esset?
683 2903 780 2942 Earn
804 2916 910 2954 vero,
926 2916 1014 2954 quoe
1048 2903 1184 2942 alienae
1204 2902 1388 2954 potestati
1421 2901 1636 2954 subjicitur,

177 2967 219 3001 et
235 2961 400 3014 pretium
418 2971 685 3004 numerantem
704 2965 924 3015 comitatur,
944 2965 1037 3016 quid
1057 2965 1183 3004 facere
1204 2963 1376 3016 putatis?
1404 2964 1494 3002 Non
1514 2964 1635 3002 omni-

874 3029 898 3065 5
913 3039 943 3065 Η
