1915 3356
586 195 879 234 ADVERSUS
910 195 1251 234 EUBULIDEM.
1525 194 1601 230 753

142 310 233 363 quid
265 309 382 361 aliqui
411 322 452 348 se
482 318 670 362 cognatos
702 310 784 362 ejus
823 321 909 347 esse
948 307 1231 345 testificantur?
1278 306 1460 344 Omnino.
1518 303 1601 341 Pri-

140 385 246 412 mum
275 371 498 410 consobrini
532 379 722 423 quatuor:
753 370 894 409 deinde
928 368 1130 407 sobrinus:
1167 375 1271 419 post,
1303 369 1369 420 qui
1399 365 1599 405 consobri-

140 447 212 474 nas
239 436 324 485 ejus
351 434 566 472 duxerunt:
597 433 760 472 curiales
779 433 896 470 item:
925 444 998 470 nec
1022 443 1101 469 non
1125 429 1314 481 Apollinis
1344 429 1470 480 patrii,
1491 427 1599 466 Jovis

140 497 282 535 Hercei
301 496 486 547 gentiles:
517 495 658 533 deinde
676 495 701 532 ii
720 494 860 546 quibus
881 499 1131 532 monumenta
1151 499 1243 530 sunt
1266 492 1427 530 eadem:
1458 490 1600 529 deinde

140 558 369 610 municipes,
401 570 490 596 eum
520 569 625 607 saepe
653 562 693 595 et
720 557 926 608 probatum
956 568 1055 601 esse,
1084 562 1123 593 et
1147 553 1397 606 magistratus
1418 553 1601 603 gessisse,

139 621 219 659 suis
251 619 441 671 suffragiis
468 617 736 658 ostenderunt.
798 618 860 657 De
890 624 1000 670 patre
1028 617 1158 669 igitur,
1191 615 1284 668 quid
1316 614 1425 653 vobis
1451 614 1600 665 aequius

137 689 206 721 aut
223 682 406 721 sincerius
429 680 560 720 afferre
583 680 828 733 potuissem?
856 679 1018 719 Vocabo
1044 677 1172 718 autem
1197 678 1307 717 vobis
1339 682 1543 729 cognatos,
1568 677 1600 714 si

136 744 278 783 vultis:
322 743 372 782 de
409 750 531 782 matre
562 757 678 796 porro
715 743 861 782 audite.
917 742 1048 781 Mater
1081 741 1176 780 mihi
1210 749 1268 780 est
1296 740 1494 785 Nicareta‚
1524 738 1604 776 filia

137 805 377 844 Demostrati
406 806 636 845 Melitensis.
707 805 802 858 Ejus
836 805 1007 857 cognati,
1038 804 1105 856 qui
1137 799 1403 842 testimonium
1440 800 1601 840 dicunt?

136 865 308 906 Primum
336 868 521 919 patruelis
553 868 622 907 filii
645 868 750 907 duo:
778 868 918 907 deinde
946 865 1169 906 consobrini
1199 865 1358 904 matris:
1377 866 1478 916 fpost
1506 862 1602 900 Pro-

131 929 301 970 tomachi
320 929 402 978 filii,
421 931 504 983 ejus
527 930 593 982 qui
620 937 782 970 matrem
809 943 935 969 meam
963 929 1066 982 prior
1089 928 1251 967 habuit:
1281 927 1423 966 deinde
1449 926 1514 977 qui
1535 938 1599 963 so-

135 1005 260 1031 rorem
289 1005 416 1031 meam
443 1006 490 1031 ex
522 993 782 1032 Protomacho
815 992 939 1039 duxit,
969 992 1142 1030 Eunicus
1172 989 1474 1041 Cholargensis:
1512 994 1603 1039 post

132 1053 234 1092 filius
256 1055 423 1093 sororis:
453 1055 548 1107 quin
568 1062 608 1094 et
635 1055 813 1093 curiones
842 1053 1000 1105 cognati
1019 1053 1151 1092 matris
1179 1059 1220 1091 et
1250 1051 1463 1103 municipes
1496 1050 1599 1088 idem

133 1122 226 1154 sunt
254 1116 459 1156 testificati.
517 1117 623 1160 Quid
645 1117 761 1168 igitur
782 1116 974 1167 requiritis
1004 1115 1200 1168 amplius?
1240 1115 1342 1153 Nam
1364 1121 1404 1153 et
1430 1127 1476 1152 ex
1496 1126 1595 1165 prae-

133 1176 277 1229 scripto
294 1178 426 1230 legum
445 1179 685 1218 contraxisse
706 1179 992 1217 matrimonium
1010 1185 1173 1230 patrem,
1192 1185 1232 1216 et
1257 1177 1431 1229 nuptiale
1456 1189 1596 1214 munus

131 1239 315 1278 obtulisse
334 1240 559 1287 curialibus,
577 1248 697 1280 testes
718 1241 1019 1280 confirmarunt:
1049 1240 1099 1279 ad
1124 1240 1210 1279 haec
1231 1246 1360 1278 autem
1388 1252 1449 1277 me
1467 1239 1596 1290 ipsum

130 1315 285 1354 quoque
305 1302 472 1349 ostendi,
491 1303 741 1356 participasse
760 1316 820 1342 res
839 1316 975 1342 omnes
992 1316 1081 1354 quae
1097 1302 1241 1341 decent
1259 1302 1464 1353 ingenuos·
1487 1301 1595 1343 Qua-

129 1371 287 1416 propter
315 1365 365 1410 ab
395 1365 574 1404 omnibus
601 1366 777 1418 partibus
800 1366 888 1418 jure
917 1371 957 1404 et
981 1365 1260 1404 convenienter
1278 1365 1357 1403 lato
1380 1376 1450 1416 pro
1482 1360 1595 1400 nobis

130 1426 330 1478 suffragio,
362 1428 542 1479 religiose
574 1429 890 1481 pronunciabitis.
947 1429 1037 1468 Jam
1064 1429 1194 1477 etiam,
1217 1428 1394 1473 Judices,
1421 1426 1594 1466 sexviros

130 1488 395 1541 interrogatis,
417 1503 467 1528 an
496 1491 720 1542 parentibus
739 1491 1015 1530 benefaciant:
1043 1504 1117 1543 ego
1137 1504 1228 1529 vero
1249 1504 1271 1529 a
1289 1497 1400 1542 patre
1419 1489 1594 1541 pupillus

132 1564 218 1590 sum
236 1552 410 1597 relictus,
432 1559 592 1591 matrem
612 1561 757 1601 autem,
777 1544 940 1592 obsecro
961 1567 1031 1593 vos
1059 1560 1098 1592 et
1117 1554 1302 1600 obtestor,
1323 1559 1366 1590 ut
1396 1552 1434 1590 in
1460 1550 1593 1604 patriis

129 1613 293 1665 sepelire
311 1614 556 1654 monimentis
576 1614 651 1654 hoc
670 1623 797 1654 vestro
819 1615 1001 1668 suffragio
1020 1615 1148 1662 liceat,
1168 1629 1218 1653 ne
1237 1627 1297 1653 me
1311 1614 1526 1666 prohibete,
1544 1625 1593 1650 ne

130 1682 321 1714 extorrem
353 1676 471 1728 agite,
492 1689 542 1715 ne
567 1678 748 1730 cognatis
776 1678 957 1731 spoliate,
978 1691 1141 1730 quorum
1161 1684 1272 1716 tanta
1293 1675 1500 1715 multitudo
1519 1681 1592 1719 est,

133 1752 182 1777 ne
202 1739 372 1792 denique
390 1753 452 1778 me
470 1740 633 1792 perdite.
691 1741 828 1780 Potius
853 1741 958 1779 enirn
982 1753 1099 1792 quam
1119 1753 1188 1778 eos
1207 1739 1397 1785 deseram,
1416 1738 1447 1776 si
1469 1738 1517 1776 ab
1537 1737 1592 1775 eis

130 1803 352 1841 conservari
376 1815 453 1841 non
478 1809 654 1854 potuem,
676 1817 737 1842 me
769 1804 854 1856 ipse
882 1803 1124 1847 interficiam,
1148 1809 1191 1841 ut
1222 1801 1361 1840 saltem
1387 1801 1436 1839 ab
1465 1800 1520 1838 eis
1551 1799 1590 1836 in

132 1863 258 1916 patria
274 1864 449 1916 sepeliar.

885 3055 957 3091 5n
