1998 3306
365 208 442 245 566
727 205 1022 246 ADVERSUS
1054 204 1466 244 PANTAENETUM.

360 310 493 360 ptione
524 308 760 356 sustulerim,
792 316 830 348 et
857 309 993 348 sexviri
1014 309 1206 347 actionem
1240 306 1319 347 non
1347 309 1442 348 dent
1467 321 1599 348 eorum
1623 302 1826 347 criminum

359 384 521 422 quorum
551 384 613 410 me
646 378 807 410 accusat
834 372 1101 417 Pantaenetus,
1121 371 1308 409 abolitum
1333 377 1407 419 est,
1427 383 1500 409 nec
1531 370 1572 408 in
1599 370 1827 422 exceptione

359 433 473 470 inest.
533 433 577 470 ld
597 446 688 472 vero
708 433 919 484 quomodo,
942 446 1007 471 vos
1028 432 1295 472 considerate:
1329 446 1415 471 mea
1434 432 1551 478 enim,
1577 431 1671 470 dum
1699 432 1826 483 legem

359 495 462 533 hane
492 495 663 546 proferre
686 509 859 546 possum,
881 508 959 533 non
987 495 1196 546 quicquam
1222 495 1394 533 interest.
1452 493 1590 545 Neque
1607 493 1710 531 enim
1729 492 1829 531 noti-

361 569 475 594 onem
510 556 613 607 aequi
643 563 680 594 et
698 557 789 594 boni
810 563 924 608 atque
951 556 1246 607 intelligentiam
1274 556 1312 593 in
1333 555 1471 594 vestris
1499 554 1635 594 animis
1668 554 1828 592 infixam

361 618 545 656 revellere
564 618 718 669 poterit.

415 682 453 718 7.
484 681 593 731 Cape
619 687 657 718 et
677 680 912 719 metallicam
940 680 1095 731 legem:
1140 693 1230 718 nam
1250 679 1310 718 vel
1339 693 1388 718 ex
1412 691 1460 717 ea
1491 691 1552 716 me
1583 684 1829 716 ostensurum

360 740 496 791 opinor
516 750 593 778 non
616 740 785 778 dandam
806 753 890 778 esse
910 740 943 778 ei
973 741 1178 788 actionem,
1198 747 1237 779 et
1256 741 1418 792 gratiam
1438 739 1531 778 mihi
1549 739 1682 778 haberi
1700 737 1829 791 potius

360 814 477 852 quam
496 802 576 840 fieri
597 802 832 840 calumniam
852 809 1042 853 oportere.
1102 802 1253 841 Recita.

1039 949 1155 986 LEX.

364 1045 462 1082 Haec
484 1045 566 1082 -lex
604 1044 805 1096 perspicue
840 1044 990 1089 definit,
1019 1043 1159 1094 quibus
1197 1042 1235 1080 in
1269 1043 1383 1081 rebus
1417 1041 1622 1080 metallicae
1660 1041 1832 1079 actiones

362 1106 504 1144 dandae
545 1106 632 1144 sint.
704 1106 874 1152 Proinde
907 1106 987 1154 lex,
1027 1106 1070 1143 si
1108 1119 1169 1157 qu
1186 1105 1228 1144 is
1272 1105 1504 1156 aliquem
1551 1103 1835 1156 expulerit

363 1174 575 1218 quaestu
601 1174 663 1205 *et
700 1180 829 1218 opus
866 1167 1044 1205 facere
1081 1166 1442 1218 prohibuerit,
1473 1179 1562 1204 eum
1591 1165 1684 1204 facit
1711 1167 1832 1204 obno-

362 1228 496 1266 xium:
528 1241 602 1278 ego
623 1241 714 1266 vero
736 1228 852 1266 istum
882 1229 983 1268 adeo
1016 1242 1094 1267 non
1121 1228 1268 1280 expuli,
1295 1235 1341 1267 ut
1362 1228 1503 1279 quibus
1530 1229 1579 1267 ab
1609 1228 1683 1267 alio
1707 1228 1833 1279 priva-

359 1291 488 1336 batur,
509 1304 557 1328 ea
576 1291 807 1329 restituerim
828 1304 952 1342 eaque
971 1291 1212 1337 tradiderim,
1233 1298 1273 1329 et
1291 1290 1470 1329 venditor
1490 1291 1574 1340 ejus
1594 1296 1732 1340 rogatu
1761 1289 1833 1327 sim

361 1352 501 1390 factus.
540 1353 627 1398 Nae,
647 1353 795 1405 inquit:
828 1354 896 1391 sed
917 1354 949 1390 si
968 1353 1053 1404 quis
1075 1353 1186 1392 aliter
1205 1353 1322 1391 etiam
1352 1352 1390 1390 in
1411 1352 1577 1390 metallis
1607 1352 1731 1390 ullum
1764 1352 1834 1390 da-

362 1427 494 1451 mnum
520 1414 686 1461 dederit,
705 1428 834 1453 earum
855 1428 1009 1466 quoque
1038 1427 1164 1453 rerum
1185 1414 1326 1453 dantur
1351 1414 1537 1453 actiones.
1596 1414 1727 1452 Recte
1738 1426 1834 1452 sane

361 1475 616 1514 Pantaenete:
656 1476 727 1514 sed
766 1490 812 1515 ea
849 1490 936 1527 quae
970 1476 1090 1514 sunt?
1135 1476 1188 1514 Si
1222 1476 1340 1528 quis
1378 1475 1750 1522 succenderit,
1791 1474 1835 1513 si

360 1550 501 1575 arma
542 1538 812 1583 intulerit,
844 1538 888 1576 si
921 1538 1065 1576 intra
1101 1539 1300 1576 limites
1340 1537 1579 1576 secuerit
1616 1537 1834 1584 alienos,

360 1599 445 1637 haec
464 1607 554 1637 sunt
574 1607 727 1646 caetera,
753 1613 918 1651 quorum
944 1600 1079 1651 utique
1098 1600 1192 1638 nihil
1212 1614 1235 1638 a
1249 1613 1310 1638 me
1330 1600 1369 1637 in
1390 1612 1458 1637 vos
1480 1606 1539 1637 est
1553 1599 1804 1637 commissum
1823 1612 1833 1637 ε

360 1662 434 1699 nisi
466 1662 565 1700 forte
598 1670 846 1714 reposcentes
877 1676 936 1710 ea,
969 1676 1056 1714 quae
1087 1661 1295 1700 liberaliter
1323 1661 1363 1699 in
1398 1668 1437 1699 te
1460 1661 1722 1707 contulerant,
1744 1674 1834 1699 cum

361 1723 479 1761 armis
497 1723 626 1761 venire
642 1731 772 1775 putas.
830 1724 947 1768 Quod
968 1725 999 1762 si
1018 1723 1073 1762 ita
1092 1730 1221 1774 putas,
1244 1724 1282 1761 in
1302 1735 1436 1761 omnes
1461 1722 1527 1773 qui
1548 1735 1619 1760 sua
1637 1721 1708 1760 tibi
1727 1735 1834 1761 com-

361 1786 524 1823 modant
550 1785 724 1823 actiones
759 1785 829 1822 tibi
859 1791 974 1822 erunt
1003 1784 1235 1823 metallicae:
1267 1784 1337 1822 sed
1358 1784 1535 1835 iniquum
1561 1783 1600 1821 id
1621 1791 1691 1822 est.
1748 1784 1835 1835 Age

360 1859 461 1891 vero,
483 1846 657 1897 quisquis
690 1845 864 1883 fodinam
892 1859 914 1884 a
941 1845 1145 1896 republica
1173 1846 1321 1892 emerit,
1351 1859 1443 1883 num
1472 1845 1636 1896 publicis
1666 1845 1835 1884 civitatis

361 1907 528 1958 legibus,
551 1908 692 1959 quibus
715 1915 754 1945 et
774 1907 946 1945 dandum
968 1907 1158 1959 judicium
1192 1914 1249 1945 est
1276 1914 1316 1945 et
1341 1907 1614 1959 accipiendum
1633 1907 1833 1954 omnibus,

361 1970 580 2021 praeteritis,
602 1970 753 2008 actione
774 1969 971 2008 metallica
991 1982 1077 2008 reos
1099 1969 1214 2008 faciet
1245 1969 1516 2008 adversarios?
1546 1968 1652 2013 Quid
1671 1982 1774 2015 vero,
1804 1970 1835 2008 si

363 2032 448 2082 qu1s
469 2032 517 2069 ab
533 2031 663 2082 aliquo
681 2031 906 2069 mutuetur?
938 2031 1057 2077 Quid,
1072 2031 1103 2069 si
1119 2031 1220 2069 male
1237 2030 1398 2069 audiat?
1428 2031 1460 2069 si
1479 2031 1667 2083 vapulet?
1700 2031 1732 2070 si
1744 2031 1836 2070 furti

362 2092 610 2130 criminetur?
638 2093 668 2130 si
686 2092 909 2144 primarium
930 2093 1115 2131 tributum
1145 2106 1223 2131 non
1254 2092 1437 2144 recipiat?
1479 2093 1511 2131 si
1532 2093 1700 2145 denique
1726 2093 1834 2132 aliud

362 2153 586 2205 quippiam?
617 2154 708 2192 Non
726 2155 908 2204 equidem
929 2154 1086 2206 opin0r3
1116 2153 1188 2192 sed
1205 2154 1418 2192 metallicas
1439 2155 1611 2193 actiones
1631 2169 1715 2194 esse
1734 2155 1835 2193 inter

363 2217 579 2254 fodinarum
601 2217 740 2262 socios,
753 2224 793 2255 et
810 2217 883 2255 hos
904 2217 968 2267 qui
988 2217 1027 2254 in
1048 2217 1259 2255 vicinorum
1283 2217 1378 2254 fines
1398 2216 1617 2268 irruperint,
1632 2217 1671 2254 in
1686 2230 1835 2254 summa

364 2278 465 2316 inter
493 2291 560 2317 eos
586 2279 652 2329 qui
676 2279 835 2317 metalla
862 2285 1044 2326 tractant,
1065 2272 1104 2317 e't
1135 2291 1265 2316 eorum
1299 2278 1445 2329 aliquid
1465 2279 1572 2330 quod
1593 2279 1680 2329 lege
1709 2279 1834 2317 conti-

365 2347 477 2378 netur
501 2340 670 2378 faciunt:
701 2340 739 2377 in
770 2353 858 2378 eum
887 2348 1016 2379 autem
1048 2340 1112 2391 qui
1146 2340 1376 2379 Pantaeneto
1404 2340 1609 2392 pecuniam
1637 2340 1834 2387 mutuarit,

365 2403 609 2454 eandemque
629 2402 795 2453 maligne
816 2416 997 2454 aegreque
1017 2403 1218 2454 receperit,
1245 2403 1329 2454 ejus
1349 2402 1402 2440 rei
1422 2402 1520 2441 adeo
1540 2414 1618 2440 non
1638 2396 1833 2440 actionem

365 2478 450 2502 csse
483 2463 732 2505 metallicam,
754 2471 796 2502 ut
825 2465 992 2502 multum
1022 2466 1124 2503 absit
1150 2465 1463 2516 respondendum
1493 2472 1566 2502 est.
1622 2464 1691 2502 Me
1718 2464 1835 2515 igitur

366 2525 515 2563 nullam
543 2525 701 2563 omnino
731 2525 795 2563 isti
820 2526 957 2564 fecisse
984 2526 1175 2578 injuriam,
1196 2540 1322 2578 neque
1350 2526 1433 2564 dari
1452 2526 1605 2578 legibus
1625 2525 1833 2573 actionem,

365 2587 451 2626 haec
471 2586 503 2625 si
521 2587 608 2638 quis
627 2587 883 2625 considerarit
902 2588 1016 2626 facile
1035 2588 1241 2640 intelliget.

419 2650 458 2686 8.
490 2649 591 2687 Cum
621 2661 712 2686 vero
745 2649 1054 2687 criminationum
1085 2663 1241 2688 suarum
1271 2663 1320 2688 ne
1346 2663 1465 2689 unam
1498 2650 1656 2701 quidem
1683 2650 1832 2701 justam

366 2724 522 2750 causam
542 2710 678 2749 afferre
698 2711 835 2762 possit,
857 2712 927 2749 sed
948 2718 988 2750 et
1012 2712 1112 2750 falsa
1137 2712 1176 2749 in
1203 2711 1494 2750 accusationem
1523 2711 1772 2762 inscripserit,
1794 2718 1835 2750 et

367 2772 415 2810 de
436 2774 550 2810 rebus
570 2772 775 2811 transactis
797 2781 970 2819 accuset,
991 2773 1177 2824 superiori
1204 2786 1354 2819 mense,
1378 2772 1650 2821 Athenienses,
1676 2786 1765 2811 cum
1792 2773 1832 2810 in

362 2836 551 2888 judicium
570 2843 753 2875 venturus
777 2849 916 2883 essem,
935 2836 1038 2874 facta
1062 2837 1143 2888 jam
1168 2836 1367 2874 sortitione
1381 2835 1630 2884 judiciorum,
1650 2848 1833 2887 egressus

366 2899 622 2950 adductisque
643 2912 775 2938 secum
793 2898 838 2937 iis
851 2899 916 2950 qui
931 2911 1010 2936 una
1021 2912 1111 2937 cum
1128 2898 1213 2949 ipso
1230 2898 1424 2937 officinam
1440 2897 1737 2944 constituerant,
1748 2909 1831 2935 rem

367 2962 460 2999 facit
492 2961 743 3013 periniquam.
815 2961 926 3012 Legit
954 2960 1043 3015 mihi
1078 2960 1263 3012 prolixam
1299 2959 1626 3012 provocationem,
1662 2972 1830 3006 servum,
