1948 3306
361 157 435 193 338
948 160 1234 200 EPISTOLAE.

357 260 524 307 nienses,
554 260 658 299 salus
690 274 777 300 mea
801 276 904 302 curae
932 264 1060 312 fuerit,
1089 279 1178 304 cum
1209 265 1315 318 quod
1345 265 1454 305 nulla
1471 267 1582 306 vobis
1610 280 1633 306 a
1651 280 1714 308 me
1732 275 1816 309 orta

355 322 493 374 injuria
510 323 563 361 ita
582 337 667 362 sum
687 331 889 372 tractatus,
909 332 990 365 tum
1011 335 1167 380 propter
1186 335 1354 367 vestram
1380 328 1485 380 apud
1503 336 1654 369 exteros
1682 331 1816 370 existi—

354 384 575 423 mationem.
635 387 772 439 Neque
806 388 907 426 enim
936 390 1093 440 putetis,
1123 391 1153 429 si
1180 404 1293 429 nemo
1312 390 1418 428 vobis
1451 390 1491 428 in
1517 391 1738 431 memoriam
1756 406 1816 431 re-

353 445 452 496 digit
473 459 519 484 ea
537 453 712 499 tempora
731 462 876 499 easque
896 451 1136 497 occasiones,
1157 452 1296 503 quibus
1317 464 1391 503 ego
1410 451 1599 490 maximas
1628 452 1816 492 utilitates

351 508 465 546 attuli
487 508 738 561 Reipublicae,
762 511 931 562 reliquos
959 512 1074 550 etiarn
1105 513 1265 552 Graecos
1287 513 1462 564 ignorare
1482 520 1550 552 aut
1568 513 1709 552 oblitos
1730 527 1815 553 esse

351 582 477 608 rerum
500 584 523 610 a
542 585 601 610 me
621 586 690 624 pro
710 572 819 610 vobis
841 579 1053 623 gestarum,
1083 588 1180 626 quas
1210 589 1283 627 ego
1304 588 1409 614 nunc
1441 574 1592 613 duabus
1619 575 1668 613 de
1687 576 1815 614 causis

351 632 514 671 scribere
543 647 677 672 vereor
706 634 956 685 singulatim:
987 641 1069 672 tum
1100 637 1204 686 quod
1238 637 1420 675 invidiam
1451 635 1658 675 reformido
1678 643 1843 675 contra..

348 706 464 744 quam
485 695 523 732 in
543 695 701 734 veritate
722 695 905 734 orationis
926 696 1096 747 praesidii
1115 698 1209 735 nihil
1231 705 1303 745 est,
1331 705 1413 736 tum
1430 699 1536 750 quod
1556 698 1678 736 multa
1697 705 1736 736 et
1757 699 1815 737 in-

349 756 469 808 digna
486 757 560 796 illis
582 758 694 796 rebus
714 764 870 809 propter
890 758 1123 810 reliquorum
1141 759 1370 799 Graecorum
1385 759 1577 812 ignaviam
1596 773 1697 799 nunc
1716 760 1815 798 tole-

346 831 431 856 rare
458 819 643 870 cogimur.
701 820 930 858 Summatim
949 835 1038 859 vero
1068 821 1278 860 illiusmodi
1306 835 1352 860 ea
1385 829 1490 868 sunt,
1510 835 1596 873 quae
1615 835 1685 874 pro
1704 822 1814 860 vobis

347 892 423 931 ego
454 880 620 932 suscepi,
642 887 684 919 ut
713 889 752 919 et
785 881 961 921 omnibus
996 883 1173 931 felicitas,
1195 883 1394 934 virtusque
1421 889 1552 922 vestra
1571 883 1816 922 admirationi

347 949 465 989 esset,
485 950 525 982 et
539 957 614 994 ego
629 957 866 983 summorum
887 958 911 983 a
929 945 1035 984 vobis
1056 945 1299 997 praemiorum
1318 958 1426 997 spem
1442 944 1681 997 propositam
1693 945 1814 983 habe-

347 1018 443 1042 rem.
483 1005 582 1043 Cum
603 1019 693 1044 vero
713 1006 943 1045 inevitabilis
963 1007 1029 1046 illa
1050 1007 1222 1060 quidem,
1242 1007 1309 1046 sed
1328 1007 1461 1059 iniqua
1475 1008 1645 1055 fortuna,
1666 1020 1744 1045 non
1765 1020 1814 1046 ex

345 1063 541 1117 aequitate,
565 1068 635 1106 sed
655 1082 722 1119 pro
734 1082 819 1119 &sua
844 1068 1016 1116 libidine,
1037 1076 1261 1122 susceptum
1281 1083 1350 1121 pro
1369 1070 1546 1108 libertate
1567 1069 1812 1117 Graecorum,

343 1129 449 1179 quod
470 1143 545 1175 vos·
560 1130 752 1181 gessistis,
774 1131 930 1169 bellum
951 1131 1220 1183 dijudicasset,
1240 1145 1312 1171 nec
1332 1132 1480 1184 reliquo
1496 1138 1672 1184 ternpore
1686 1144 1814 1170 meam

343 1204 437 1242 erga
457 1204 524 1230 vos
544 1193 855 1231 benevolentiam
875 1194 1010 1246 abjeci,
1030 1208 1102 1232 nec
1123 1207 1209 1232 eam
1236 1194 1316 1232 ulla
1333 1207 1373 1232 re
1395 1193 1553 1240 mutavi,
1574 1206 1652 1231 non
1673 1192 1811 1244 gratia,

341 1265 420 1291 non
452 1267 534 1305 spe,
562 1268 641 1292 non
673 1255 827 1300 divitiis,
858 1267 934 1294 non
969 1257 1154 1307 potentia,
1185 1269 1263 1294 non
1295 1255 1516 1294 securitate.
1575 1256 1810 1306 Quanquam

339 1315 518 1354 videbam
537 1317 770 1365 omniahaec
790 1318 833 1357 iis
856 1318 1094 1369 contingere,
1116 1319 1180 1370 qui
1201 1326 1337 1356 contra
1355 1331 1422 1355 vos
1442 1317 1723 1368 rempublicam
1742 1331 1810 1368 ge-

338 1391 422 1416 rere
440 1378 598 1417 vellent.
656 1380 772 1422 Quod
803 1394 893 1420 vero
925 1381 965 1419 in
1000 1380 1130 1418 multis
1162 1388 1201 1418 et
1226 1379 1376 1432 magnis
1406 1380 1539 1425 rebus,
1557 1378 1697 1430 quibus
1719 1378 1812 1416 mihi

331 1439 420 1491 jure
454 1440 609 1492 gloriari
641 1441 746 1489 licet,
781 1443 990 1481 maximum
1016 1442 1281 1489 existimarim,
1314 1455 1393 1480 non
1424 1441 1609 1480 dubitabo
1643 1440 1811 1479 s‘cribere

338 1502 389 1540 ad
408 1516 491 1549 vos,
506 1516 595 1541 cum
612 1503 816 1556 Philippus
837 1505 934 1544 inter
954 1518 1020 1544 eos
1038 1504 1104 1556 qui
1123 1505 1171 1543 ab
1186 1505 1289 1543 omni
1308 1517 1391 1542 aevo
1411 1511 1671 1542 memorantur
1692 1503 1811 1541 soler-

336 1563 510 1603 tissimus
529 1565 645 1604 fuerit
683 1567 733 1605 ad
763 1567 962 1606 hominum
990 1567 1211 1606 voluntates
1241 1566 1423 1605 comitate
1443 1561 1483 1605 et
1501 1564 1726 1604 affabilitate
1753 1565 1809 1604 sic

335 1627 408 1666 sibi
438 1628 729 1678 devinciendas,
759 1637 803 1669 ut
834 1631 883 1669 ad
917 1637 1055 1669 nutum
1085 1637 1243 1682 paratos
1275 1630 1449 1678 haberet,
1469 1637 1509 1668 et
1538 1628 1810 1680 largitionibus

336 1703 470 1729 omnes
497 1704 661 1742 quorum
689 1692 820 1743 aliqua
844 1699 948 1731 esset
978 1692 1018 1730 in
1038 1691 1186 1730 Graecis
1220 1691 1379 1730 urbibus
1406 1690 1616 1729 auctoritas
1636 1703 1808 1728 corrum-

333 1753 500 1803 pendos,
522 1768 583 1793 me
608 1754 732 1792 solum
761 1755 809 1793 ab
838 1754 975 1792 horum
1006 1761 1146 1792 neutro
1180 1767 1266 1792 esse
1294 1753 1466 1792 victum:
1495 1752 1536 1790 id
1565 1751 1671 1803 quod
1691 1751 1808 1790 etiam

333 1828 438 1853 nune
458 1816 564 1854 vobis
585 1816 796 1867 gloriosum
818 1824 900 1855 est:
916 1829 1132 1868 quanquam
1155 1829 1256 1867 saepe
1277 1828 1512 1866 congressus
1532 1821 1571 1853 et
1591 1814 1808 1852 collocutus

334 1875 404 1913 sim
425 1889 512 1914 cum
533 1877 713 1929 Philippo
741 1878 787 1915 iis
807 1878 855 1915 de
875 1879 989 1916 rebus
1009 1884 1164 1928 propter
1189 1890 1284 1927 quas
1312 1890 1381 1914 vos
1401 1890 1461 1915 me
1481 1876 1655 1927 legatum
1680 1876 1806 1913 mitte-

332 1938 448 1983 batis,
470 1946 508 1977 et
527 1953 713 1990 magnam
736 1940 941 1991 pecuniam
959 1953 1075 1990 quam
1098 1939 1161 1978 ille
1182 1938 1369 1978 offerebat
1383 1938 1622 1990 repudiasse,
1642 1951 1806 1989 quarum

333 2013 460 2038 rerum
477 2002 624 2039 conscii
648 2002 757 2039 multi
777 2001 892 2039 etiam
918 2001 1035 2039 hodie
1055 2001 1202 2040 vivunt.
1261 2002 1370 2046 Quos
1390 2001 1483 2052 quid
1505 2001 1553 2039 de
1573 2001 1682 2039 vobis
1698 2000 1805 2052 judi-

332 2074 420 2099 care
453 2071 760 2101 consentaneum
788 2063 852 2113 sit,
886 2063 1080 2114 cogitate:
1111 2063 1218 2115 quod
1239 2063 1341 2101 enim
1370 2063 1487 2102 talem
1519 2063 1575 2101 ita
1597 2062 1805 2109 tractastis,

330 2123 371 2161 id
400 2137 497 2162 meae
528 2125 685 2176 quidem
716 2125 927 2164 calamitati
957 2125 1108 2164 scilicet
1140 2126 1342 2172 tribuetur,
1374 2125 1513 2164 sceleri
1545 2138 1805 2176 nequaquam,

331 2194 471 2224 vestrae
509 2196 638 2226 autem
668 2187 875 2239 iniquitati,
905 2202 1022 2239 quam
1048 2188 1246 2228 infamiam
1273 2188 1424 2226 consilii
1457 2188 1668 2226 mutatione
1699 2187 1805 2226 dele-

330 2248 434 2286 bitis.
494 2249 582 2287 Jam
613 2263 659 2288 ea
690 2263 776 2301 quae
812 2250 891 2288 dixi
923 2252 1052 2288 omnia
1082 2250 1232 2288 minora
1258 2258 1354 2301 puto
1376 2249 1599 2288 continente
1619 2257 1658 2288 et
1678 2249 1805 2301 quoti-

332 2310 450 2348 diana
469 2311 692 2362 reipublicae
723 2312 1073 2358 administratione,
1099 2311 1138 2349 in
1170 2325 1247 2363 qua
1284 2311 1339 2350 ita
1367 2324 1426 2349 me
1458 2311 1576 2363 gessi,
1608 2319 1650 2348 ut
1678 2323 1805 2362 neque

331 2372 398 2410 ulli
427 2374 652 2420 iracundiae,
696 2387 821 2425 neque
863 2374 1140 2420 simultatibus,
1173 2387 1299 2424 neque
1338 2373 1483 2425 injusto
1522 2373 1702 2424 quaestui,
1740 2373 1803 2411 vel

329 2436 487 2487 publico
519 2437 579 2474 vel
615 2436 779 2488 privato,
810 2437 1016 2481 servierim,
1048 2449 1175 2487 neque
1212 2436 1335 2474 ullum
1369 2449 1541 2487 unquam
1575 2436 1637 2474 vel
1675 2435 1800 2473 civem

328 2498 390 2536 vel
428 2498 618 2550 hospitem
659 2499 730 2536 sim
771 2498 1044 2545 calumniatus,
1077 2511 1204 2549 neque
1238 2505 1376 2536 contra
1412 2511 1481 2536 vos
1522 2497 1696 2549 privatim
1740 2496 1800 2534 fa-

331 2561 478 2599 cultate
513 2574 600 2599 mea
631 2574 739 2608 usus,
768 2560 850 2606 sed,
885 2560 916 2598 si
946 2561 1040 2612 quid
1071 2573 1169 2611 opus
1199 2568 1318 2607 esset,
1344 2559 1498 2612 publice
1526 2572 1596 2610 pro
1622 2558 1730 2597 vobis
1762 2559 1800 2597 in

326 2623 529 2677 procinctu
567 2623 754 2661 steterim.
813 2623 929 2667 Quod
963 2636 1051 2660 cum
1082 2630 1177 2660 natu
1214 2622 1440 2673 grandiores
1471 2621 1612 2666 norint,
1645 2634 1802 2671 aequum

327 2676 387 2722 est
416 2692 459 2722 ut
482 2685 697 2737 junioribus
730 2684 958 2722 concionem
986 2683 1174 2722 adversus
1195 2683 1414 2735 Pythonem
1436 2682 1670 2735 Byzantium
1693 2682 1801 2720 habi-

326 2753 405 2784 tam
437 2746 629 2795 indicetis,
651 2760 738 2785 cum
760 2747 942 2785 adductis
966 2747 1194 2785 Graecorum
1227 2746 1366 2798 legatis
1393 2736 1516 2791 affuit,
1537 2745 1698 2798 injurias
1728 2758 1799 2783 no·

325 2815 414 2845 strae
435 2809 537 2846 urbis
558 2816 810 2847 ostensurus:
843 2815 881 2846 et
903 2808 1135 2846 contrarium
1162 2808 1244 2860 ejus
1274 2808 1381 2859 quod
1407 2814 1583 2858 sperarat
1612 2813 1797 2858 expertus

325 2870 500 2917 recessit,
520 2871 584 2908 ubi
617 2884 691 2922 ego
723 2871 829 2908 solus
860 2877 1057 2908 oratorum
1087 2870 1190 2908 illius
1225 2870 1406 2922 temporis
1438 2877 1605 2910 vestram
1639 2882 1798 2908 causam

325 2930 497 2970 defendi.
556 2933 707 2972 Omitto
726 2938 821 2985 quot
841 2932 1056 2984 legationes
1077 2945 1146 2984 pro
1165 2932 1273 2973 vobis
1292 2932 1468 2984 obierim,
1488 2933 1526 2972 in
1548 2932 1689 2986 quibus
1715 2943 1796 2970 om-

1926 2596 1927 2600 „
1928 2538 1938 2543 2
1928 2518 1930 2523 -
1930 2436 1948 2453 -7
1932 2386 1940 2402 ⁴⁵:
1932 2352 1934 2354 <
1934 2144 1948 2336 ,-;..,,;,τ-,->>;.
1938 2079 1948 2129 -::.
