1948 3306
353 185 428 222 758
756 183 984 223 CONTRA
1013 186 1395 225 THEOCRINEM.

351 293 423 333 est,
454 295 496 325 ut
524 301 570 326 ea
599 288 743 327 mulcta
782 303 910 342 neque
945 290 1167 335 solveretur,
1202 302 1327 340 neque
1360 290 1398 326 in
1430 301 1557 327 arcem
1588 289 1807 334 referretur,

352 362 468 401 quam
500 349 737 390 Theocrines
769 366 873 390 nunc
907 352 1040 402 opinor
1069 351 1315 389 nihilominus
1349 363 1395 389 ex
1425 351 1509 401 lege
1529 351 1656 389 debet.
1713 349 1804 388 Non

352 411 469 458 enim,
490 412 521 449 si
538 412 726 451 Ctesicles
746 414 954 464 inquilinus
975 414 1046 452 iste
1066 412 1315 459 concesserit,
1335 413 1532 463 improbus
1552 412 1741 464 improbo,
1757 425 1806 450 ne

351 472 528 511 tradatur
557 475 799 513 exactoribus
830 475 873 521 is,
893 475 956 525 qui
988 475 1075 526 lege
1109 475 1158 513 sit
1186 475 1404 520 damnatus,
1438 480 1638 526 propterea
1672 474 1806 512 civitas

352 535 570 574 fraudanda
588 543 649 574 est
666 537 833 582 mulctis,
861 549 883 574 a
902 536 1053 588 legibus
1080 537 1279 588 irrogatis:
1311 537 1380 575 sed
1413 537 1528 574 decet
1557 535 1807 580 adversarios,

353 597 393 635 in
412 598 569 649 privatis
589 598 849 636 contractibus
869 599 968 636 inter
988 612 1029 636 se
1050 599 1258 650 transigere
1279 598 1464 636 arbitratu
1481 610 1566 644 suo,
1584 597 1621 634 in
1641 595 1807 648 publicis

352 672 444 697 vero
464 660 628 710 negotiis
648 672 782 710 parere
807 659 972 711 legibus.
1029 662 1086 699 Ac
1107 661 1230 713 legem
1251 660 1341 698 mihi
1361 660 1490 705 recita,
1510 672 1597 711 quae
1611 658 1723 711 jubet
1748 653 1824 696 se-‘

353 721 510 759 missem
530 721 793 760 aestimationis
814 722 952 760 debere
973 723 1141 773 publico,
1157 736 1242 761 eum
1266 723 1330 774 qui
1351 736 1418 774 per
1438 721 1615 774 injuriam
1637 733 1809 759 asserere

353 784 394 822 in
412 783 627 822 libertatem
640 783 829 831 videatur,
849 791 887 823 et
904 784 1158 836 Cephisodori
1177 784 1452 823 testimonium.

785 940 902 978 LEX.
958 941 1364 979 TESTIMONIUM.

354 1031 467 1070 Illam
497 1033 611 1071 etiam
638 1034 765 1086 legem
796 1035 928 1082 recita,
954 1049 1042 1086 quae
1075 1037 1123 1074 ab
1156 1050 1203 1075 ea
1232 1037 1295 1074 die
1324 1036 1466 1074 debere
1493 1035 1618 1086 jubet,
1649 1049 1725 1087 qua
1761 1037 1815 1075 sit

352 1092 571 1141 damnatus,
595 1095 673 1134 sive
702 1096 886 1148 inscripta
914 1096 1072 1145 mulcta,
1091 1097 1169 1137 sive
1188 1111 1266 1136 non
1286 1097 1470 1148 inscripta
1490 1096 1551 1134 sit.

1024 1242 1140 1279 LEX.

409 1338 446 1374 6.
477 1338 566 1379 Quo
584 1337 700 1389 igitur
720 1338 796 1377 alio
814 1346 943 1390 pacm,
964 1338 1139 1384 Judices,
1159 1350 1272 1388 aequo
1292 1337 1507 1376 accusatori
1527 1336 1810 1375 ostendendum

355 1405 427 1445 est,
460 1398 712 1438 Theocrinem
741 1406 842 1439 recte
875 1413 961 1438 esse
996 1399 1182 1446 delatum,
1203 1413 1274 1438 nec
1300 1407 1455 1450 propter
1484 1399 1588 1437 mille
1608 1398 1813 1444 drachmas

353 1458 557 1508 duntaxat,
577 1463 626 1500 ob
653 1475 749 1513 quas
776 1461 928 1500 delatus
958 1470 1030 1508 est,
1062 1462 1184 1500 teneri
1212 1460 1422 1506 delatione,
1441 1460 1511 1499 sed
1539 1459 1668 1498 multis
1697 1460 1812 1499 etiam

354 1521 439 1560 aliis
459 1523 687 1561 obstrictum
716 1537 801 1562 esse
830 1523 1012 1562 mulct1s?
1042 1523 1232 1574 Equidem
1263 1522 1339 1561 alio
1371 1521 1477 1561 nullo
1506 1529 1616 1574 puto.
1671 1521 1814 1574 Neque

352 1582 455 1620 enim
472 1585 775 1636 exspectandum
790 1586 966 1637 profecto
982 1592 1055 1630 est,
1076 1585 1168 1623 dum
1187 1585 1269 1636 ipse
1283 1583 1520 1622 Theocrines
1534 1583 1669 1622 aerario
1685 1591 1813 1622 vestro

351 1657 392 1683 se
425 1645 568 1684 debere
596 1647 777 1694 fateatur,
801 1654 839 1685 et
865 1650 952 1697 jure
987 1647 1159 1685 delatum
1191 1660 1278 1685 esse
1309 1645 1436 1684 dicat:
1469 1646 1545 1685 imo
1578 1645 1811 1684 contrarium

352 1706 432 1754 fiet,
454 1707 606 1759 quidvis
636 1709 741 1747 dicet
769 1709 910 1761 potins,
930 1710 1085 1760 quasvis
1119 1709 1404 1747 criminationes
1429 1709 1610 1761 proferet,
1631 1722 1672 1747 se
1702 1707 1813 1746 facti-

353 1768 492 1807 onibus
525 1769 701 1821 opprimi,
733 1784 773 1809 se
799 1779 956 1823 propter
987 1772 1117 1822 legum
1151 1771 1417 1809 defensionem
1439 1771 1623 1821 exagitari
1654 1770 1813 1822 quirita-

360 1829 479 1868 bitur.
538 1831 639 1869 Nam
671 1832 737 1883 qui
757 1846 914 1871 causam
936 1833 1055 1885 ipsam
1078 1833 1173 1872 tueri
1203 1841 1416 1884 nequeunt,
1443 1833 1518 1871 hoc
1541 1833 1728 1884 reliquum
1745 1832 1814 1870 ha·

352 1892 462 1939 bent,
489 1900 533 1931 ut
568 1893 726 1946 effugia,
754 1902 797 1933 ut
827 1909 965 1933 causas
1001 1897 1215 1947 quaeritent,
1248 1910 1348 1946 quae,
1368 1905 1499 1947 erepta
1528 1894 1649 1947 ipsius
1684 1907 1814 1932 causae

355 1955 638 2004 recordatione,
671 1957 709 1994 in
730 1958 774 1995 iis
795 1971 864 1996 vos
893 1958 1094 1996 detineant
1113 1972 1198 2009 quae
1217 1958 1266 1996 ad
1293 1958 1413 2010 ipsam
1433 1971 1590 1996 causam
1611 1957 1705 1995 nihil
1726 1957 1815 1995 atti-

354 2023 462 2054 nent.
521 2017 605 2069 Ego
624 2032 728 2065 vero,
756 2019 929 2065 Judices,
959 2020 990 2057 si
1023 2020 1060 2058 in
1085 2020 1236 2071 legibus
1265 2033 1351 2071 quae
1371 2019 1482 2058 lectae
1503 2026 1607 2064 sunt,
1630 2018 1814 2071 scriptum

354 2077 540 2127 viderem,
569 2080 636 2118 illa
654 2095 741 2132 quae
763 2082 811 2119 de
830 2082 1174 2121 calumniatoribus
1195 2082 1343 2121 sancita
1362 2089 1465 2127 sunt,
1484 2081 1538 2120 ita
1556 2081 1712 2120 demum
1731 2088 1816 2120 rata

354 2139 549 2192 habenda,
571 2143 603 2181 si
622 2143 857 2182 Theocrines
885 2144 1052 2191 delatus,
1073 2158 1199 2196 neque
1220 2144 1503 2196 Thucydidem,
1525 2157 1650 2195 neque
1669 2144 1815 2182 Demo—

355 2203 544 2252 sthenem,
570 2219 696 2256 neque
718 2206 834 2244 alium
853 2206 1070 2258 quempiam
1094 2213 1309 2245 versantem
1330 2207 1368 2244 in
1398 2206 1596 2258 republica
1614 2205 1735 2243 virum
1757 2205 1814 2243 in-

355 2274 525 2312 cusaret,
559 2267 815 2318 quievissem:
863 2282 967 2307 nunc
1005 2269 1301 2307 excusationum
1331 2268 1481 2307 illarum
1506 2268 1653 2306 nullam
1684 2268 1744 2306 vel
1775 2268 1812 2306 in

355 2325 509 2379 legibus
538 2330 722 2368 momenti
747 2330 891 2369 habere
917 2330 1030 2369 video
1057 2332 1280 2383 quicquam,
1301 2331 1360 2369 vel
1381 2344 1466 2370 esse
1485 2344 1639 2377 novam,
1658 2338 1702 2368 ut
1726 2338 1812 2368 tan-

355 2402 473 2440 quam
505 2391 675 2430 inaudita
707 2393 1029 2432 auscultationem
1052 2401 1257 2440 mereatur,
1279 2393 1349 2432 sed
1378 2393 1550 2444 singulas
1571 2407 1594 2431 a
1617 2392 1695 2431 reis
1727 2406 1813 2431 sex-

355 2454 503 2493 centies
523 2455 748 2494 inculcatas.
805 2458 934 2507 Atque
963 2457 1079 2494 etiam
1100 2471 1121 2494 e
1143 2457 1357 2496 senioribus
1383 2456 1513 2502 audio,
1539 2455 1716 2502 Judices,
1734 2456 1812 2494 vio-

356 2515 469 2555 latori
499 2517 629 2569 legum
659 2518 753 2556 nihil
782 2519 938 2557 omnino
972 2519 1152 2569 cuiquam
1185 2533 1273 2558 esse
1303 2519 1427 2558 veniae
1457 2517 1726 2557 tribuendum:
1756 2517 1814 2556 sin

356 2578 553 2631 quippiam
582 2581 682 2619 forte
711 2581 773 2628 sit,
803 2594 881 2619 non
917 2582 1158 2619 contine-nter
1196 2581 1392 2633 improbis,
1424 2575 1580 2633 propter
1615 2579 1813 2618 sordidum
1863 2579 1868 2583 ’
1925 2574 1929 2587 ’

354 2648 545 2692 quaestum
565 2641 672 2693 leges
701 2644 1194 2694 aspernantibus,—-neque
1226 2643 1326 2680 enim
1358 2642 1418 2681 fas
1445 2649 1507 2680 est
1523 2640 1660 2680 z—sed
1682 2640 1729 2679 iis
1749 2641 1814 2692 qui

356 2715 403 2740 ex
421 2703 612 2754 imperitia
631 2717 756 2741 rerum
781 2705 944 2755 scriptas
975 2704 1118 2743 alicubi
1147 2704 1257 2756 leges
1288 2704 1396 2743 inviti
1421 2702 1690 2755 neglexerint;
1717 2715 1813 2753 quo-

355 2777 440 2802 rum
459 2764 575 2802 istum
594 2778 677 2803 esse
696 2765 964 2811 Theocrinem,
985 2778 1099 2804 nemo
1120 2765 1270 2812 dixerit,
1291 2772 1504 2816 contraque
1523 2764 1561 2801 in
1581 2763 1710 2814 legum
1732 2776 1813 2801 orn-

355 2825 461 2864 nium
493 2827 712 2879 cognitione
743 2827 1060 2866 versatissimum.
1118 2828 1250 2871 Quare
1281 2827 1478 2866 cavendus
1498 2834 1569 2872 est,
1600 2839 1725 2876 neque
1753 2825 1812 2863 vel

358 2887 408 2926 ad
442 2901 540 2937 mea,
560 2889 619 2927 vel
655 2890 739 2941 ejus
771 2891 888 2928 verba
907 2890 1207 2942 respiciendum.
1264 2888 1404 2940 Neque
1431 2888 1531 2926 enim
1558 2901 1712 2939 aequum
1739 2894 1812 2932 est,

356 2957 401 2989 ut
426 2950 491 3001 qui
523 2964 591 3001 pro
624 2951 753 3003 legum
781 2951 1008 2992 defensione
1034 2951 1190 2998 adsunt,
1212 2950 1370 3003 prolixis
1391 2949 1532 2989 fabulis
1548 2957 1588 2988 et
1607 2944 1813 2987 criminati-
