1965 3356
529 179 921 220 PRAEFECTURAE
952 177 1213 218 NAVALIS.
1527 179 1606 217 703

135 285 344 325 triremium
370 284 579 336 praefectis,
598 297 674 336 ego
701 283 861 335 privatis
885 281 1105 334 sumptibus
1137 281 1371 334 comparavi,
1393 292 1466 321 nec
1485 293 1508 319 e
1533 294 1606 333 pu-

131 347 236 387 blico
256 349 389 400 accepi
408 348 641 399 quicquam:
678 346 742 384 isti
771 351 899 383 autem
919 345 1061 383 vestr1s
1080 343 1142 382 usi
1161 350 1266 390 suut,
1285 350 1323 382 et
1343 343 1392 382 de
1412 356 1484 381 suo
1500 343 1540 382 in
1561 356 1608 382 ea

133 409 229 449 nihil
254 417 478 462 erogarunt.
535 410 593 447 Ac
621 420 670 446 ne
697 407 796 445 illud
816 408 973 458 quidem
1000 406 1130 445 dicere
1162 406 1326 458 possint,
1353 419 1394 445 se
1426 413 1516 445 ante
1544 419 1608 445 me

130 479 297 512 conatos
321 486 431 512 esse:
461 471 683 523 priusquam
715 470 817 508 enim
849 470 912 508 isti
944 469 1138 507 triremem
1156 469 1217 506 vel
1240 468 1491 519 attingerent,
1518 481 1608 507 mea

131 536 326 587 completa
352 535 448 580 fuit;
480 546 597 585 quam
629 532 816 584 compleri
845 545 917 571 vos
945 545 1080 571 omnes
1101 530 1262 570 vidistis.
1320 530 1518 569 Praeterea
1545 544 1606 570 re-

130 598 294 650 migium
322 596 543 648 comparavi
568 595 949 647 praestantissimum,
979 594 1156 647 peeuniae
1183 593 1351 632 maxima
1374 592 1412 631 vi
1431 600 1605 643 erogata.

131 658 202 699 Isti
232 666 361 699 autem
388 659 419 697 si
451 666 584 697 nostro
617 658 791 697 deterius
827 658 1070 704 habuissent,
1101 670 1181 696 non
1214 662 1318 695 esset
1354 655 1606 694 mirandum:

131 736 236 761 nunc
255 734 415 773 prorsus
434 721 585 760 nullum
605 721 877 759 conduxerunt
897 720 963 772 qui
982 721 1031 759 de
1051 720 1315 771 impensarum
1335 717 1607 770 magnitudine

131 783 391 823 contendunt.
448 783 658 823 Enimvero
685 783 750 835 qui
782 796 940 834 aequum
973 789 1046 828 est,
1068 783 1291 834 eos,‘quum
1319 781 1386 819 illa
1415 780 1606 832 posterius

129 845 370 892 resarserint,
392 858 497 885 nunc
527 846 639 898 quasi
665 844 778 898 primi
808 845 1101 892 instruxissent,
1120 858 1265 884 corona
1285 843 1443 883 ornari?
1486 842 1607 894 Equi-

128 907 220 946 dem
249 907 430 946 existimo
459 907 501 946 in
530 921 578 946 ea
607 907 802 947 sententia
832 921 920 946 esse
950 920 1034 953 vos,
1065 912 1110 945 ut
1138 920 1200 945 me
1229 905 1293 945 vel
1323 911 1520 944 tacentem
1542 905 1608 955 ju·-

129 969 300 1009 stissime
319 971 588 1009 coronandum
609 970 830 1009 censeatis:
860 970 954 1008 solis
975 976 1107 1009 autem
1126 968 1210 1007 istis
1236 982 1287 1006 ne
1310 968 1430 1007 verba
1449 965 1608 1017 quidem

127 1045 216 1071 esse
235 1033 285 1072 de
305 1046 451 1072 corona
474 1033 672 1081 facienda,
691 1033 731 1072 id
750 1034 834 1086 jam
852 1034 1069 1081 ostendam.
1126 1031 1245 1071 Unde
1271 1031 1311 1069 id
1332 1030 1500 1068 maxime
1519 1042 1608 1080 per-

127 1095 318 1146 spicitur?
364 1096 425 1134 Ex
452 1096 545 1148 ipsis
576 1096 738 1135 istorum
763 1096 892 1135 factis.
950 1097 1052 1135 Inita
1071 1095 1174 1135 enim
1194 1094 1342 1134 ratione
1363 1105 1441 1146 qua
1466 1092 1606 1144 praefe-

128 1163 242 1195 ctura
270 1159 422 1197 navalis
454 1159 615 1197 minimo
641 1166 854 1207 constaret,
874 1172 958 1198 eam
988 1159 1183 1198 locarunt.
1241 1156 1347 1201 Quid
1380 1162 1439 1194 est
1475 1161 1606 1193 autem

125 1219 306 1271 iniquius,
328 1234 445 1272 quam
476 1221 626 1272 fugisse
651 1228 843 1273 sumptus,
864 1235 932 1260 eos
951 1234 1044 1260 vero
1063 1220 1231 1259 honores
1250 1219 1315 1270 qui
1343 1225 1502 1270 propter
1519 1216 1607 1255 illos

126 1282 391 1321 decernuntur
421 1283 553 1321 haberi
585 1283 657 1322 sibi
686 1284 920 1335 postulare?
966 1291 1006 1323 et
1024 1297 1103 1335 quo
1122 1283 1251 1321 minus
1276 1281 1388 1319 navis
1409 1285 1608 1331 protracta

125 1345 176 1382 sit
195 1345 476 1384 conductorem
497 1346 668 1396 culpare,
689 1357 827 1382 eorum
844 1358 936 1383 vero
959 1359 1048 1394 quae
1076 1346 1199 1395 probe
1219 1343 1490 1383 administrata
1517 1348 1608 1380 sunt

125 1420 149 1445 a
167 1407 277 1446 vobis
298 1408 462 1459 gratiam
481 1405 690 1458 flagitare?

180 1471 218 1507 3.
248 1468 391 1521 Neque
419 1481 511 1507 vero
531 1481 581 1507 ex
596 1468 657 1507 his
678 1467 872 1506 duntaxat
888 1467 998 1506 vobis
1011 1468 1079 1520 jus
1100 1467 1357 1519 spectandum
1377 1473 1450 1512 est,
1473 1465 1546 1505 sed
1562 1479 1610 1506 ex

124 1532 169 1570 iis
189 1531 306 1570 etiarn
326 1544 415 1582 quae
433 1530 508 1582 ipsi
522 1529 629 1582 prius
648 1522 809 1577 fecistis,
823 1543 912 1568 cum
928 1530 1088 1582 quidam
1104 1530 1241 1568 eodem
1259 1543 1301 1569 se
1317 1543 1394 1581 quo
1413 1529 1475 1568 isti
1490 1527 1607 1567 modo

125 1593 354 1645 gessissent.
412 1594 513 1632 Cum
539 1593 642 1632 enim
661 1593 793 1631 navali
811 1594 860 1631 ab
882 1593 1107 1631 Alexandro
1126 1592 1260 1644 praelio
1279 1592 1371 1632 victi
1390 1592 1495 1638 estis,
1512 1598 1608 1630 tunc

124 1656 170 1694 iis
190 1656 406 1695 trierarchis
427 1657 491 1707 qui
511 1656 755 1694 'trierarchias
774 1655 953 1694 locarant
981 1669 1067 1694 eam
1097 1655 1250 1694 cladem
1277 1655 1522 1706 potissimum
1542 1666 1607 1692 ac-

124 1726 278 1771 ceptam
299 1719 522 1764 referentes‚
543 1731 612 1757 eos
639 1719 680 1756 in
702 1718 895 1770 judicium
924 1718 1088 1757 curastis
1118 1717 1390 1763 adducendos,
1411 1730 1502 1756 cum
1530 1716 1606 1754 hoc

123 1781 364 1833 praejudicio,
383 1781 604 1834 prodidisse
623 1793 692 1819 eos
715 1793 834 1820 naves
861 1788 900 1819 et
931 1781 1108 1819 ordinem
1135 1780 1379 1824 deseruisse;
1410 1792 1499 1817 cum
1520 1777 1606 1816 Ari·

123 1843 292 1895 stophon
325 1851 539 1891 accusaret,
558 1857 629 1881 vos
654 1843 914 1896 judicaretis:
944 1844 1050 1896 quod
1084 1843 1124 1882 ni
1155 1844 1281 1882 minor
1307 1849 1438 1882 vestra
1466 1842 1607 1881 fuisset

122 1906 324 1944 iracundia
343 1906 498 1945 illorum
528 1906 686 1953 delicto,
704 1906 800 1944 nihil
821 1907 1037 1946 obstitisset
1063 1920 1140 1959 quo
1161 1907 1289 1944 minus
1319 1905 1604 1945 occiderentur.

124 1968 227 2006 Cum
246 1969 460 2007 autemzisti
480 1969 606 2008 sciant
627 1982 668 2007 se
688 1968 727 2006 in
747 1969 885 2007 eodem
905 1982 992 2008 esse
1012 1983 1101 2007 cum
1118 1968 1194 2007 illis
1211 1968 1356 2007 delicto
1372 1974 1412 2007 et
1431 1968 1604 2015 crimine,

124 2030 360 2082 supplicium
379 2031 483 2082 apud
503 2044 573 2068 vos
595 2030 776 2069 meritum
803 2044 882 2069 non
908 2031 1206 2078 exhorrescunt,
1228 2031 1298 2069 sed
1323 2029 1605 2069 concionantur

123 2092 162 2129 in
181 2092 277 2132 alios
297 2106 419 2144 seque
451 2093 627 2131 coronari
639 2093 794 2145 jubent.
851 2094 973 2145 Atqui
993 2094 1252 2138 considerate,
1275 2106 1363 2144 quae
1383 2092 1492 2131 vobis
1508 2105 1602 2130 con-

123 2155 269 2194 stitisse
288 2156 405 2194 vestri
435 2156 586 2194 consilii
619 2156 716 2194 ratio
750 2156 871 2193 videri
902 2156 1040 2207 possit,
1070 2156 1116 2203 si,
1148 2156 1197 2194 ob
1230 2155 1396 2193 eandem
1427 2167 1600 2198 causam,

123 2218 220 2256 alios
257 2231 370 2270 paene
403 2218 609 2257 damnasse
641 2218 794 2270 capitis,
826 2218 922 2256 alios
962 2218 1116 2257 coronis
1149 2217 1333 2265 donasse,
1363 2216 1602 2255 videamini?

125 2280 265 2332 Neque
297 2293 390 2318 vero
422 2294 469 2318 eo
499 2281 691 2319 duntaxat
722 2281 828 2318 facto
860 2280 1087 2332 peccabitis,
1109 2280 1177 2319 sed
1205 2289 1287 2318 tum
1321 2279 1435 2318 etiam
1466 2278 1512 2325 si,
1532 2292 1601 2330 po·

121 2349 265 2382 testate
285 2343 391 2390 data,
413 2344 506 2382 talia
526 2344 699 2382 facinora
720 2357 798 2382 non
818 2343 1016 2395 plectetis.
1074 2343 1167 2382 Non
1197 2343 1315 2388 enim,
1336 2356 1427 2381 cum
1451 2349 1600 2380 vestras

123 2419 216 2457 opes
235 2406 386 2458 operire
401 2406 558 2452 sivistis,
574 2413 656 2444 tum
673 2407 841 2458 graviter
856 2413 916 2445 est
929 2406 1131 2445 ferendum
1149 2420 1158 2444 :
1190 2406 1262 2444 sed
1277 2407 1371 2444 dum
1387 2419 1447 2445 res
1462 2411 1600 2443 vestrae

121 2469 240 2507 salvae
261 2476 364 2515 sunt,
385 2469 478 2507 dum
504 2482 572 2508 eos
605 2470 669 2521 qui
697 2477 875 2521 praesunt
899 2476 1057 2521 propter
1082 2470 1217 2508 sordes
1239 2483 1317 2507 non
1343 2482 1428 2508 eam
1448 2468 1599 2507 illarum

122 2532 320 2584 suscipere
340 2545 472 2570 curam
491 2532 716 2584 perspicitis
737 2546 853 2584 quam
873 2534 1091 2584 oportebat.
1150 2532 1291 2583 Neque
1310 2533 1513 2583 quisquam
1534 2542 1599 2566 ve·

119 2600 248 2632 strum
265 2595 369 2633 hanc
389 2597 604 2634 orationem
634 2604 679 2633 ut
705 2597 885 2634 acerbam
913 2595 1081 2646 graviter
1101 2595 1213 2640 ferat,
1236 2594 1305 2632 sed
1336 2594 1381 2632 iis
1412 2594 1601 2631 irascatur

123 2656 190 2706 qui
211 2656 368 2707 culpam
389 2656 428 2694 in
451 2669 497 2695 se
524 2657 789 2696 admiserunt:
820 2663 978 2709 propter
1004 2656 1092 2696 illos
1123 2657 1226 2694 enim
1256 2657 1331 2694 hoc
1360 2657 1413 2693 fit.
1478 2654 1601 2692 Miror

123 2724 253 2756 autem
283 2732 372 2771 ego,
392 2733 480 2758 cum
507 2727 647 2758 nautas
683 2719 912 2767 desertores,
932 2733 1098 2771 quorum
1122 2720 1290 2758 tricenas
1321 2719 1483 2769 quisquc
1511 2716 1599 2754 dra-

125 2779 258 2819 chmas
278 2781 469 2820 duntaxat
496 2782 653 2834 accipit,
673 2782 736 2820 isti
762 2790 802 2821 et
829 2783 1002 2821 vinciant
1021 2790 1060 2821 et
1079 2782 1257 2834 puniant,
1280 2794 1349 2819 cur
1369 2778 1599 2818 trierarchos

124 2841 190 2892 qui
212 2837 374 2881 classem
396 2845 595 2891 deserunt,
626 2858 791 2897 quorum
814 2846 972 2885 tricenae
993 2846 1133 2896 cuique
1156 2845 1272 2882 minae
1291 2856 1360 2895 pro
1389 2843 1514 2894 primo
1541 2842 1599 2879 in-

126 2915 263 2954 gressu
292 2907 408 2944 maris
436 2916 699 2954 numerantur,
719 2921 788 2946 vos
811 2921 888 2946 non
909 2908 1047 2947 eodem
1067 2908 1184 2945 modo
1205 2906 1380 2944 tractetis
1398 2905 1413 2943 ’ἔ
1441 2906 1545 2944 itane
1567 2907 1600 2944 si

123 2977 273 3017 pauper
302 2967 439 3019 aliquis
468 2969 599 3022 inopia
626 2979 789 3010 coactus
815 2971 1003 3025 peccarit,
1025 2970 1206 3010 extremis
1233 2968 1433 3021 suppliciis
1454 2969 1599 3008 afficie-
