1948 3306
338 190 415 228 628
731 191 1017 231 ADVERSUS
1050 192 1406 231 LEOCHAREM.

395 294 457 331 11.
479 293 678 335 Defuncto
696 296 798 335 enim
820 296 1020 343 Leocrate,
1040 303 1079 334 et
1103 296 1239 334 sunere
1263 297 1298 334 ei
1319 297 1438 341 facto,
1458 295 1570 334 nobis
1589 296 1627 333 in
1644 307 1800 348 posses-

336 354 484 393 sionem
504 358 684 397 euntibus
702 366 907 411 propterea
924 359 1027 410 quod
1046 357 1102 395 vir
1128 357 1192 395 ille
1222 365 1260 396 et
1280 356 1424 396 coelebs
1449 363 1489 395 et
1516 358 1631 396 orbus
1658 357 1798 396 deces-

337 416 465 464 sisset,
484 418 618 459 eduxit
638 434 708 460 nos
728 421 973 465 Leostratus‚
998 433 1066 457 sua
1095 432 1179 457 esse
1209 432 1406 458 asserens:
1436 431 1480 456 ac
1503 419 1607 470 quod
1629 432 1700 458 nos
1728 419 1797 457 de·

337 477 473 518 functo
503 480 612 532 justa
654 484 875 534 persolvere
906 482 1115 534 prohibuit,
1151 494 1239 519 cum
1278 481 1360 532 ipse
1399 487 1510 532 pater
1540 480 1643 518 illius
1678 486 1798 526 esset,

336 542 624 582 excusationem
644 545 818 582 fortassis
841 545 971 588 habet,
993 555 1213 594 quanquam
1243 542 1416 593 iniquum
1447 548 1530 581 erat
1560 541 1600 580 id
1631 541 1796 580 facinus.

336 601 386 639 Ei
412 603 514 642 enirn
549 607 613 656 qui
641 614 777 644 natura
813 612 923 656 pater
955 612 1014 642 est
1053 604 1292 643 curationem
1331 604 1509 643 mandari
1545 603 1692 642 funeris
1728 615 1799 654 par
1825 635 1830 646 „

335 670 419 701 est:
451 664 591 704 deinde
625 674 755 704 tamen
789 666 904 704 etiam
936 667 1161 704 necessariis
1196 666 1321 712 nobis,
1341 679 1505 717 quorum
1524 666 1675 705 ratione
1703 665 1799 704 ado-

333 724 475 774 ptionis
506 735 697 777 cognatus
730 735 813 766 erat
840 728 1062 766 defunctus.
1130 728 1342 779 Postquam
1373 737 1503 767 autem
1527 732 1636 778 justa
1667 740 1798 778 perso-

333 785 416 823 luta
434 787 605 837 fuerunt,
628 802 705 837 qua
723 789 809 841 lege
829 790 1023 836 ostendet,
1039 804 1092 835 se,
1109 789 1265 828 deserta
1283 790 1443 837 familia,
1458 804 1530 829 nos
1548 802 1687 842 genere
1709 802 1798 840 pro-

332 845 456 886 ximos
477 850 667 901 dejecisse
688 852 830 890 bonis?
861 853 917 890 Eo
934 852 1083 890 scilicet
1101 851 1206 902 quod
1235 852 1412 890 defuncti
1443 859 1554 904 pater
1582 851 1688 890 erat?
1723 851 1799 888 At-

332 909 397 958 qui
417 924 592 950 reversus
614 921 697 951 erat
717 914 754 951 in
776 921 975 964 paternam
995 914 1192 959 familiam,
1213 926 1338 963 neque
1353 916 1433 962 Jam
1455 914 1538 965 ejus
1563 912 1798 964 patrimonii,

332 969 371 1007 in
392 985 468 1022 quo
489 974 696 1025 reliquerat
714 975 848 1019 filium,
868 976 1061 1013 dominus.
1120 974 1238 1016 Quod
1258 975 1297 1012 ni
1317 975 1370 1013 ita
1389 982 1463 1021 est,
1483 988 1571 1026 quae
1589 975 1720 1025 legum
1740 979 1803 1011 est

331 1033 505 1072 utilitas?
536 1036 659 1074 Facta
691 1036 806 1088 igitur
838 1037 1070 1088 dejectione,
1091 1043 1133 1074 ut
1156 1036 1319 1087 plurima
1345 1037 1583 1084 omittamus,
1608 1035 1801 1074 actionem

333 1095 438 1145 apud
471 1104 677 1147 praetorem
704 1098 753 1136 de
772 1099 1000 1137 haereditate
1027 1098 1276 1149 instituimus,
1297 1111 1385 1137 cum
1416 1110 1542 1150 neque
1577 1104 1728 1143 natura,
1759 1103 1803 1134 ut

333 1155 426 1204 dixi,
446 1158 548 1197 ullus
570 1167 675 1199 esset
694 1160 880 1199 defuncto
901 1161 1018 1207 filius,
1039 1174 1165 1212 neque
1185 1161 1344 1212 adoptio
1362 1161 1470 1199 facta
1487 1161 1653 1212 legibus.
1704 1160 1803 1198 Post

332 1216 420 1256 haec
440 1219 665 1259 Leostratus
686 1229 929 1261 sacramento
949 1228 1084 1268 certat,
1107 1235 1286 1260 asserens
1312 1235 1353 1260 se
1367 1221 1471 1260 illius
1488 1221 1694 1260 Archiadae
1714 1234 1802 1259 esse

332 1279 467 1328 filium,
483 1296 610 1334 neque
629 1285 805 1336 cogitans
826 1285 886 1323 vel
902 1299 942 1323 se
960 1284 1108 1323 redisse
1126 1284 1163 1321 in
1181 1283 1411 1329 Eleusinios,
1426 1284 1487 1322 vel
1503 1283 1706 1334 adoptivos
1721 1296 1801 1320 non

333 1340 439 1392 ipsos
469 1357 492 1382 a
524 1346 756 1398 semetipsis,
788 1347 857 1385 sed
896 1348 943 1385 ab
976 1346 1254 1398 adoptantibus
1287 1346 1498 1384 constitui:
1527 1358 1661 1384 verum
1690 1344 1801 1390 illud,

333 1404 481 1454 opinor,
501 1408 657 1446 omnino
682 1408 722 1446 in
749 1409 920 1446 animum
947 1408 1151 1446 induxerat
1181 1421 1309 1455 suum,
1337 1414 1515 1460 oportere
1549 1421 1591 1446 se
1618 1417 1696 1458 quo
1716 1407 1803 1458 jure

332 1478 485 1517 quaque
505 1468 644 1520 injuria
663 1478 846 1523 appetere
866 1471 1004 1509 aliena.
1060 1471 1120 1509 Ac
1147 1471 1314 1522 primum
1339 1470 1379 1508 in
1408 1469 1689 1523 Otrynensium
1708 1483 1803 1507 con-

331 1528 523 1569 cionalem
543 1532 716 1570 tabulam
746 1546 788 1571 se
818 1533 1039 1580 inscribere,
1063 1546 1152 1572 cum
1183 1539 1290 1572 esset
1318 1531 1554 1576 Eleusinius,
1577 1532 1803 1579 conabatur,

333 1592 449 1644 idque
473 1596 730 1645 procurabat:
761 1595 900 1633 deinde
926 1597 1153 1647 priusquam
1181 1595 1222 1633 in
1246 1595 1486 1646 Otrynenses
1511 1593 1656 1632 relatus
1685 1600 1803 1641 esset,

331 1656 529 1707 particeps
553 1670 638 1694 esse
666 1657 850 1696 studebat
880 1659 1145 1696 communium
1172 1670 1316 1701 rerum,
1335 1662 1565 1706 tantumque
1595 1655 1803 1706 designare

332 1718 490 1756 facinus
516 1717 737 1769 impellente
757 1715 916 1755 avaritia
935 1716 1178 1755 instituebat.
1237 1716 1326 1760 Quo
1345 1728 1418 1753 nos
1440 1714 1728 1763 animadverso,
1746 1717 1804 1755 fa-

333 1787 437 1819 ctum
457 1780 497 1818 id
516 1779 684 1817 testibus
704 1778 884 1816 adhibitis
906 1777 1197 1829 prohibuimus:
1226 1777 1474 1828 postulantes
1504 1783 1549 1815 ut
1576 1776 1803 1817 haereditate

332 1841 439 1893 prius
464 1839 567 1891 apud
588 1853 658 1877 vos
681 1839 978 1890 disceptaretur,
1000 1851 1117 1890 quam
1137 1838 1188 1876 ad
1209 1838 1414 1876 Archiadae
1434 1851 1578 1876 nomen
1598 1839 1804 1890 quisquam

333 1903 596 1954 adoptaretur.
652 1899 875 1938 Prohibitus
902 1908 1046 1948 autem,
1067 1905 1107 1938 et
1125 1899 1349 1951 injuriarum
1369 1907 1410 1938 et
1429 1899 1480 1938 ad
1505 1900 1679 1939 tabulam
1700 1908 1741 1940 et
1763 1904 1802 1941 in

331 1967 417 2004 foro
436 1964 731 2015 magistratuum
757 1963 973 2010 convictus,
992 1976 1123 2001 coram
1145 1962 1289 2009 multis,
1310 1962 1404 2000 nihil
1424 1963 1461 2000 vi
1487 1962 1685 2014 agendum
1711 1978 1804 2003 cen-

334 2028 425 2074 suit,
445 2039 534 2065 cum
561 2038 602 2063 se
629 2024 767 2063 vestris
800 2024 952 2077 legibus
986 2025 1200 2064 calliditate
1234 2031 1274 2064 et
1305 2024 1443 2077 opibus
1466 2026 1547 2064 fore
1568 2026 1804 2078 superiorem

335 2094 522 2141 speraret.
1708 2081 1719 2090 ⁸

392 2152 455 2188 12.
470 2149 565 2201 Ejus
584 2149 640 2187 rei
659 2156 928 2200 argumentum
943 2149 1140 2201 quodnam
1161 2149 1245 2188 est?
1280 2150 1515 2190 Convocatis
1529 2151 1664 2203 paucis
1684 2153 1802 2206 Otry-

332 2214 521 2253 nensibus
541 2219 580 2251 et
598 2212 752 2250 tribuno
768 2213 891 2265 plebis
906 2212 1132 2266 persuadet,
1152 2226 1241 2251 cum
1259 2214 1390 2252 album
1410 2221 1585 2266 apertum
1610 2214 1739 2262 fuerit,
1759 2223 1803 2255 ut

331 2276 587 2315 inscribatur:
618 2287 662 2312 ac
682 2284 820 2325 postea
838 2276 945 2313 venit
971 2276 1009 2313 in
1037 2276 1188 2327 magnis
1209 2275 1487 2316 Panathenaeis
1519 2277 1591 2315 sub
1618 2277 1801 2316 distribu-

330 2339 474 2378 tionem
494 2336 545 2375 ad
563 2336 791 2374 theatralem
811 2337 1041 2388 pecuniam3
1070 2350 1238 2388 cumque
1257 2337 1320 2375 alii
1345 2338 1550 2390 populares
1569 2338 1802 2390 acciperent,

330 2401 491 2453 petebat
513 2404 558 2436 ut
575 2406 614 2436 et
633 2397 704 2435 sibi
724 2397 893 2445 daretur,
913 2405 1032 2449 utque
1053 2398 1092 2435 in
1113 2398 1244 2436 album
1264 2400 1420 2437 nomine
1435 2398 1644 2437 Archiadae
1663 2399 1801 2438 inscri-

329 2465 499 2502 beretur.
557 2460 656 2497 Cum
685 2472 777 2498 vero
804 2473 874 2498 nos
904 2461 1215 2506 testificaremur,
1244 2467 1284 2499 et
1315 2473 1394 2499 non
1423 2461 1628 2499 ferendum
1653 2461 1693 2500 id
1713 2475 1802 2501 esse

333 2524 397 2563 alii
423 2524 612 2567 dicerent,
639 2521 732 2558 abiit
762 2535 837 2560 nec
868 2517 1089 2572 inscriptus
1112 2535 1186 2560 nec
1218 2522 1399 2560 theatrali
1432 2524 1801 2575 accepta.pecunia.

333 2587 434 2624 Eum
454 2585 571 2636 igitur
590 2583 656 2634 qui
685 2590 824 2621 contra
843 2583 1045 2621 decretum
1064 2591 1237 2622 vestrum
1256 2585 1485 2623 theatralem
1503 2585 1711 2636 pecuniam
1731 2599 1801 2637 po-

330 2648 466 2695 stulat,
496 2647 718 2699 priusquam
747 2645 786 2683 in
816 2645 1056 2697 Otrynenses
1077 2646 1335 2692 inscribatur,
1356 2647 1389 2685 si
1419 2647 1578 2686 alterius
1603 2648 1801 2700 municipii

330 2712 393 2757 sit,
413 2723 492 2748 non
510 2707 657 2761 putatis
671 2707 939 2746 haereditatem
958 2713 1096 2746 contra
1114 2708 1222 2760 leges
1239 2707 1479 2759 petiturum?
1522 2708 1594 2747 Est
1606 2722 1696 2748 vero
1717 2723 1801 2749 cre-

331 2772 462 2818 dibile,
487 2771 553 2822 qui
577 2777 657 2808 tam
676 2768 830 2820 iniquas
850 2768 1128 2820 praerogativas
1149 2769 1200 2808 ad
1219 2769 1452 2821 explendam
1472 2769 1671 2809 avaritiam
1690 2784 1800 2810 suam

329 2840 420 2873 ante
432 2831 568 2881 judicii
588 2830 852 2882 cognitionem
873 2830 1044 2878 molitur,
1062 2844 1151 2869 eum
1178 2843 1300 2869 causa
1325 2830 1422 2869 niti?
1463 2830 1568 2870 Nam
1587 2832 1654 2883 qui
1680 2845 1800 2884 pecu-

330 2896 433 2933 niam
449 2892 676 2932 theatralem
695 2892 826 2944 inique
845 2893 1068 2945 postulavit,
1089 2893 1118 2932 is
1139 2893 1188 2932 de
1207 2893 1438 2932 haeredi-tate
1457 2894 1639 2934 nimirum
1661 2895 1798 2934 eodem

331 2964 390 2996 est
411 2955 552 2995 animo.
610 2954 714 2998 Quin
741 2955 942 3006 praetorem
979 2955 1095 2994 etiam
1131 2955 1283 2994 actione
1311 2968 1360 2993 ex
1386 2969 1532 3008 sponso
1563 2955 1731 3009 decepit,
1759 2963 1798 2995 et
