1915 3356
551 194 774 232 CONTRA
803 193 1165 234 TIMARCHUM.
1548 196 1595 232 15

130 296 216 329 lacus
229 304 323 334 seque
340 294 420 326 dixit
436 295 605 334 tvansigere
620 296 701 326 velle
716 306 784 326 cum
807 297 1022 335 Hegesandro,
1044 301 1075 325 et
1102 297 1223 326 misisse
1242 298 1280 327 ad
1303 307 1371 327 eum
1388 297 1427 327 de
1451 297 1600 327 tollendis

129 346 315 381 actionibus,
331 350 392 375 tam
410 356 447 376 ea
465 356 526 385 qua
541 347 606 385 ipse
619 357 702 376 reum
721 347 844 376 fecisset
860 346 1098 385 Hegesaudrum
1114 354 1145 377 et
1161 348 1367 383 Timarchum,
1381 359 1468 387 quam
1482 348 1533 378 illa
1542 358 1602 388 qua

130 407 164 426 se
177 397 386 439 Hegesander
402 397 439 426 de
457 398 620 433 servitute,
637 398 806 436 eodemque
823 398 914 427 modo
931 398 1126 437 transegisse.

653 513 1053 551 TESTIMONIUM.

173 614 412 654 Amphisthcees
427 618 568 644 testatur.
614 615 682 653 Ego
695 614 878 644 Pittalacum
892 615 921 645 in
937 615 1105 645 libertatem
1121 615 1239 645 asserui
1256 625 1324 644 cum
1341 615 1381 645 ab
1396 615 1601 654 Hegesandro

129 665 360 698 misen-vitutem
372 670 573 705 peteretur-

131 746 182 784 Et
209 747 366 797 reliqua.
398 739 521 798 Igitur
547 755 585 785 et
610 748 735 799 ipsum
762 748 1068 800 Hegesandrum,
1094 749 1244 786 vocabo
1272 750 1396 787 vobis.
1446 750 1601 788 Dictaxi

129 814 259 845 autem
280 807 315 845 ei
346 809 608 847 testimonium
628 809 842 847 modestius
862 823 979 860 quam
1007 815 1139 848 mores
1162 811 1245 862 ejus
1275 811 1498 861 postulent:
1531 812 1601 849 sed

129 869 247 919 paulo
266 875 397 907 tamen
417 869 634 908 evidentius
655 884 772 920 quam
796 870 993 921 Misgolae.
1041 872 1179 923 Neque
1200 885 1291 910 vero
1312 873 1446 910 nescio
1476 875 1600 920 ejura-

131 936 260 968 turum
288 942 393 977 esse,
413 938 453 968 et
483 931 756 984 pejeraturum.
799 932 879 970 Cur
900 933 1015 983 igitur
1036 946 1124 970 eum
1147 933 1224 971 cito
1245 934 1294 971 ad
1316 934 1525 972 dicendum
1546 942 1603 973 te-

132 990 387 1028 stimonium?
414 992 471 1031 Ut
496 993 604 1031 vobis
627 993 903 1040 demonstrem,
935 994 1071 1044 quales
1092 995 1216 1032 soleat
1240 995 1419 1033 homines
1440 997 1602 1036 reddere

130 1052 237 1091 istud
272 1052 470 1092 studium:
506 1066 622 1104 quarn
660 1061 699 1092 et
736 1062 1025 1106 contemptores
1065 1055 1241 1101 deorum,
1279 1064 1317 1093 et
1354 1057 1603 1108 despectores

131 1113 278 1164 legum„
295 1120 336 1152 et
350 1127 513 1167 vprorsus
533 1116 657 1154 omnis
679 1117 922 1154 verecundiae
942 1117 1198 1168 negligentes.
1230 1117 1340 1156 Voca
1358 1119 1449 1157 mihi
1470 1120 1604 1172 Hege-

132 1175 331 1214 sandrum.

664 1305 1075 1343 TESTIMONIUM.

177 1408 383 1447 Hegesander
400 1407 523 1448 Diphili
546 1409 580 1438 F.
605 1404 777 1445 Spiriensis
792 1411 934 1438 testatur.
966 1408 1042 1438 Cum
1070 1419 1111 1438 ex
1133 1408 1341 1447 Hellesponto
1361 1419 1426 1437 sum
1452 1419 1609 1443 reversus,

135 1459 327 1499 deprehendi
343 1459 430 1498 apud,
442 1460 626 1495 Piualacum
644 1458 809 1490 aleatorem
825 1464 964 1497 agentern
982 1460 1177 1489 Timarchum
1195 1459 1312 1488 Arizeli
1334 1460 1382 1495 F„
1395 1465 1485 1499 atque
1502 1472 1538 1490 ex
1555 1461 1609 1490 illa

135 1510 420 1543 notitia2Timarcho
438 1520 511 1546 usus
528 1520 606 1545 sum,
624 1509 730 1539 eadem
746 1519 813 1540 cum
829 1520 865 1540 eo
884 1516 1022 1540 versatus
1039 1510 1156 1540 ratione
1170 1520 1230 1550 qua
1241 1511 1326 1549 prius
1342 1511 1433 1540 etiam
1447 1523 1514 1541 cum
1530 1513 1609 1541 Lao-

134 1561 288 1592 damante.
768 1558 776 1567 ‘

137 1643 229 1683 Non
252 1643 484 1693 ignorabam
498 1656 587 1683 eum
606 1643 878 1693 neglecturum
907 1656 995 1682 esse
1011 1644 1302 1696 jusjurandum,
1330 1645 1613 1692 Athenienses,

135 1705 388 1756 sedtpraedixi·
409 1705 531 1743 vobis.
581 1706 685 1747 Quin
705 1704 801 1743 illud
823 1705 939 1743 etiam
967 1706 1177 1756 praevideo,
1198 1719 1287 1744 cum
1313 1720 1417 1744 nunc
1437 1707 1611 1746 testimo-

136 1767 244 1806 nium
265 1766 391 1805 dicere
407 1766 517 1813 nolit,
537 1767 675 1805 staturi.
690 1766 728 1803 in
749 1766 976 1804 defensione
996 1768 1241 1817 proditurum
1259 1781 1267 1804 ι
1298 1768 1412 1818 idque
1432 1769 1607 1819 profecto

136 1827 293 1866 minime
315 1828 464 1866 mirum.
511 1827 715 1867 Ascendet·
733 1835 862 1865 autem
884 1828 974 1873 huc,
992 1829 1078 1866 vita.
1101 1836 1278 1867 anteacta
1307 1829 1444 1874 fretus,
1463 1831 1608 1882 quippe

135 1890 193 1928 vir
216 1890 361 1935 bonus,
385 1889 629 1927 etmalorum
651 1901 764 1926 osor:
794 1895 833 1927 et
856 1889 1016 1938 ignarus
1047 1889 1111 1939 qui
1141 1890 1256 1943 fuerit
1285 1890 1527 1928 Laodamas:
1560 1893 1609 1929 ob

138 1964 348 2002 quemvos
362 1950 464 1989 intem
480 1950 691 2001 legendum
711 1950 976 1988 testimonium
997 1951 1206 1989 tumultum
1228 1952 1438 1990 excitastis.
1499 1953 1612 1990 Nun-

138 2013 233 2063 quid
254 2013 408 2051 audebo
427 2012 659 2058 evidentius,
677 2025 792 2062 quam
811 2025 885 2064 pro
902 2019 1042 2051 natura
1061 2026 1160 2058 mea,
1182 2014 1339 2052 dicere?
1371 2014 1498 2052 Dicite
1519 2016 1611 2054 mihi

139 2086 288 2125 quaeso,
309 2073 601 2114 Athenienses:
624 2074 690 2124 qui
707 2087 792 2111 sese
813 2074 1006 2112 dedecore
1022 2074 1151 2112 affecit
1173 2075 1275 2125 apud
1296 2075 1610 2125 Hegesandrum‚

139 2148 219 2174 non
239 2134 392 2173 uidetur
409 2135 520 2172 vobis
537 2141 732 2173 scortatus
753 2147 839 2173 esse
859 2148 947 2172 cum
965 2135 1121 2174 scorto?
1151 2136 1233 2173 Aut
1251 2136 1344 2186 quid
1361 2137 1610 2188 insignisim-

138 2196 342 2248 probitatis
373 2195 682 2246 praetermisisse,
713 2196 753 2234 in
778 2197 963 2236 ebrietate
997 2204 1036 2235 et
1064 2197 1274 2237 solitudine
1290 2198 1305 2234 ἲ
1347 2198 1435 2236 Non
1465 2200 1608 2250 putatis

141 2257 456 2307 Hegesandrum,
469 2257 764 2308 fid-pervulgata
779 2257 844 2297 illa
859 2271 947 2296 cum
962 2258 1230 2297 Laod-amante
1245 2265 1334 2298 acta
1348 2260 1609 2306 defendenda,

139 2332 303 2370 quorum
321 2332 388 2358 vos
410 2332 545 2357 omnes
566 2319 665 2357 estis.
677 2319 838 2365 conscii,
855 2321 1020 2370 superbe
1041 2320 1075 2358 ei
1096 2321 1301 2371 imperasse
1320 2334 1328 2358 ε
1359 2329 1403 2359 ut
1421 2323 1469 2359 ob
1489 2324 1610 2374 impe-

139 2379 284 2419 riosum
303 2380 608 2431 magnitudinem
629 2380 830 2419 moderate
852 2394 892 2418 se
907 2371 995 2419 cum
1015 2395 1060 2420 eo
1079 2383 1248 2433 gessisse
1270 2383 1491 2421 videretur?

199 2442 272 2483 1251
293 2441 372 2483 Sed
397 2447 527 2480 tamen
547 2440 733 2482 videbitis,
753 2441 894 2492 ipsum,
924 2448 967 2480 et>
991 2443 1126 2481 fratem
1161 2446 1249 2492 ejus>
1276 2444 1504 2494 Crobylum,
1525 2459 1611 2496 per-

140 2515 256 2553 quam
277 2509 461 2542 accurate
479 2510 519 2540 et
537 2502 701 2543 oratorio
720 2503 847 2545 statim
874 2503 952 2542 huc
981 2505 1156 2555 prosilire
1177 2518 1221 2543 ae
1255 2506 1397 2548 dicere,
1418 2519 1506 2555 quae
1536 2519 1610 2557 ego

143 2563 284 2610 dicam,
300 2577 347 2603 ea
358 2576 513 2614 magnae
528 2576 618 2607 esser
628 2564 820 2605 stultitiae:
838 2577 882 2602 ac
900 2566 1179 2615 postulaturos,
1190 2573 1234 2605 ut
1247 2573 1369 2605 testes
1384 2567 1620 2617 producam,

143 2624 211 2674 qui
225 2632 357 2675 aperte
373 2624 528 2674 discant,
545 2625 610 2663 ubi
626 2625 763 2675 egerit,
783 2626 980 2677 quomodo
1006 2626 1154 2672 feeerit,
1184 2628 1359 2678 aut·quis
1376 2628 1527 2673 viderit,
1547 2637 1614 2666 aut

145 2697 235 2735 quae
253 2685 351 2727 ratio
367 2686 507 2727 fuerit:
537 2686 753 2737 impudenti
773 2694 927 2729 utentes
944 2689 1132 2726 oratione.
1165 2689 1301 2740 Neque
1321 2691 1421 2728 enim
1443 2703 1517 2740 ego
1544 2703 1617 2729 vos

143 2746 451 2788 tam-obliviosos
471 2760 559 2789 esse
572 2748 748 2793 arbitror,
763 2756 806 2786 ut
825 2762 900 2786 non
923 2750 1171 2788 memineritis
1188 2750 1330 2800 legum,
1346 2764 1447 2801 quas
1462 2751 1624 2789 recitari·

142 2808 601 2858 peuloanteaudiuistis,
623 2810 661 2851 in
677 2810 818 2860 quihus
840 2811 1026 2862 scriptum
1048 2818 1127 2849 est:
1158 2811 1198 2849 si
1235 2826 1259 2862 q
1273 2826 1296 2849 u
1310 2813 1321 2849 i
1336 2826 1354 2850 s
1387 2812 1491 2862 aliq
1506 2826 1624 2852 uem.

148 2868 538 2912 Atheniensium„
574 2871 640 2911 ad2
677 2871 728 2911 id*
767 2872 1022 2923 negotium
1070 2873 1407 2915 conduxerit.
1446 2882 1535 2913 aut
1572 2876 1615 2914 si

151 2929 261 2981 quis
292 2943 423 2970 sese·
444 2930 667 2979 eiecerit,
699 2934 854 2971 teneri
887 2933 1111 2976 maximis
1145 2942 1189 2972 et
1223 2934 1418 2985 paribus
1449 2937 1617 2987 poenis.
