1948 3306
252 162 325 198 106
703 157 763 195 IN
800 155 1245 195 CTESIPHONTEM.

247 263 329 314 ptio
343 261 549 300 videretur.
581 261 677 299 Esse
692 268 822 300 autem
836 274 928 300 vera
944 274 1031 312 quae
1047 274 1068 299 a
1082 273 1142 298 me
1157 259 1354 303 dicuntur,
1372 270 1417 296 ex
1436 256 1528 308 ipsis
1543 254 1717 294 versibus

249 323 512 375 cognoscetis.
567 323 799 375 Inscriptum
820 330 879 362 est
898 323 1000 361 enirn
1021 324 1059 360 in
1080 322 1202 373 prima
1222 326 1378 359 statua:

516 409 561 439 Hi
578 420 699 449 qnoque
708 409 868 449 praestanti
885 409 1047 439 valuerunt
1063 412 1200 448 pectore,
1217 406 1321 436 Medis

558 461 752 501 Strymonias
767 461 928 499 adaquas,
943 460 1113 499 Ei'onisque
1129 460 1232 488 locum

511 512 850 551 Pei·domitis,diraque
865 512 944 542 fame
960 511 1102 550 ferroque
1118 515 1248 541 cruento

557 564 703 596 Hostiles
715 564 806 603 primi
824 563 876 603 qui
892 563 1029 592 minuere
1046 573 1163 592 manus.
1185 562 1194 573 ’

257 639 442 679 secundae
456 640 541 679 haec
564 640 767 692 inscriptio
788 645 871 678 est:

517 720 653 749 Praemia
666 718 849 759 Cecropidae
865 719 932 749 haeo
946 717 1078 748 ducibus
1091 714 1289 746 memoranda
1303 714 1467 750 dederunt,

564 771 628 800 Pro
645 770 760 800 virtute
778 770 879 801 virum
897 780 952 810 pro
968 768 1150 806 meritisque
1166 766 1241 806 piis.

519 822 574 856 Ut,
591 832 658 851 cum
677 822 842 861 progenies
860 822 992 852 lustrent
1007 821 1072 850 haec
1089 829 1159 850 sera
1171 821 1330 858 nepotum,

568 872 647 902 Laeii
665 883 720 913 pro
733 873 836 913 patria
852 873 932 904 serre
948 872 1065 912 pericla
1081 870 1189 902 velint.

262 943 384 981 tertiae
405 948 536 981 autern
558 948 699 980 statuae
719 942 947 994 inscriptum
970 947 1055 980 est:

524 1020 573 1049 Ex
590 1020 647 1049 hac
665 1021 742 1050 urbe
755 1020 829 1050 olim
845 1020 1030 1050 Mnestheus
1046 1017 1210 1049 comitatus
1227 1016 1355 1048 Atridas

567 1071 705 1101 Examen
723 1072 815 1102 duxit
831 1072 985 1110 Pergama
999 1071 1038 1100 ad
1057 1070 1119 1100 alta
1136 1069 1248 1105 virum,

525 1123 661 1152 Gnarum
678 1133 743 1163 prae
760 1122 888 1162 reliquis
905 1133 995 1162 quern
1014 1126 1117 1152 cantat
1133 1122 1291 1151 Homerus
1305 1117 1435 1150 Achivis

534 1206 538 1209 ,
571 1174 762 1214 Compositis
777 1175 862 1205 acies
877 1174 1012 1214 dirigere
1029 1173 1202 1204 ordinibus.

525 1225 576 1255 Sic
594 1236 693 1265 neque
707 1226 861 1256 immerito
879 1225 973 1265 primi
989 1225 1133 1255 dicentur
1147 1224 1264 1264 ubique

572 1278 695 1307 Virtute
711 1277 825 1317 insigni
845 1279 1006 1316 Marteque
1023 1275 1217 1315 Cecropidae.

270 1345 500 1397 Usquamne
521 1345 583 1382 hic
604 1345 790 1396 reperitur
811 1345 955 1382 ducum
975 1342 1144 1382 nomen?
1173 1341 1396 1392 Nusquam,
1417 1340 1485 1378 sed
1505 1340 1639 1392 populi
1659 1349 1741 1380 tan-

216 1415 224 1421 *
269 1415 358 1447 tum.
400 1407 553 1445 Adeste
570 1407 686 1457 igitur
704 1407 797 1444 mihi
814 1406 950 1444 animis
966 1413 1006 1444 et
1022 1405 1071 1443 ad
1089 1405 1279 1456 porticum
1296 1403 1550 1454 picturatam:
1572 1404 1746 1455 omnium

270 1471 373 1508 enim
389 1468 604 1507 facinorum
620 1468 867 1518 egregiorum
885 1473 1042 1504 exstant
1060 1466 1168 1504 vobis
1183 1467 1222 1502 in
1241 1465 1325 1503 foro
1341 1471 1606 1503 monumenta.
1641 1465 1748 1508 Quid

270 1532 387 1583 igitur
408 1530 504 1568 illud
525 1537 597 1575 est,
631 1529 737 1581 quod
771 1529 876 1574 dico,
911 1526 1204 1566 Athenienses?
1235 1526 1310 1564 Hic
1330 1539 1467 1577 pugna
1499 1527 1750 1566 Marathonia

273 1594 432 1645 depicta
460 1600 529 1631 est.
562 1592 642 1630 Sed
662 1591 748 1642 quis
769 1598 851 1629 erat
877 1588 1119 1641 imperator?
1151 1589 1316 1634 Omnes,
1339 1588 1489 1640 opinor,
1510 1588 1586 1627 hoc
1608 1589 1663 1633 ita
1686 1603 1749 1629 ro-

276 1657 356 1708 gati
383 1654 688 1706 responderetis,
717 1652 933 1699 Miltiades,
964 1658 1003 1690 at
1036 1651 1116 1689 illic
1144 1664 1267 1688 nomen
1298 1651 1375 1700 ejus
1405 1662 1484 1687 non
1512 1649 1750 1689 inscribitur.

277 1717 383 1761 Quid
398 1717 479 1756 ita?
509 1730 586 1755 non
607 1716 744 1767 petivit
756 1715 831 1753 hoc
846 1712 1022 1766 praemii?
1053 1713 1195 1751 Petivit
1214 1712 1386 1763 quidem,
1407 1712 1477 1750 sed
1492 1713 1660 1764 populus
1673 1726 1753 1751 non

278 1780 401 1828 dedit,
422 1792 557 1818 verum
586 1779 619 1816 ei
653 1790 724 1829 pro
750 1776 919 1815 nominis
941 1775 1194 1827 inscriptione
1222 1774 1430 1821 concessit,
1461 1780 1505 1812 ut
1522 1775 1646 1825 primo
1665 1775 1753 1814 loco

277 1843 503 1895 pingeretur
531 1841 674 1880 milites
695 1839 919 1879 cohortans.
965 1838 1070 1889 Ergo
1099 1844 1140 1876 et
1164 1838 1202 1875 in
1232 1836 1317 1877 aede
1341 1836 1481 1874 Matris
1511 1836 1627 1875 deum
1641 1838 1757 1888 juxta

281 1905 456 1952 Curiam,
476 1903 675 1955 quodnam
708 1902 752 1940 iis
774 1902 975 1952 praemium
995 1900 1060 1951 qui
1093 1899 1280 1950 populum
1309 1898 1554 1937 exsulantem
1577 1912 1601 1937 a
1630 1898 1757 1952 Phyla

281 1968 521 2007 reduxerunt
541 1965 740 2012 dederitis,
763 1965 904 2002 intueri
923 1963 1026 2002 licet.
1067 1963 1144 2007 Qui
1165 1963 1268 2000 enim
1289 1962 1424 2014 populi
1444 1963 1585 2001 scitum
1604 1963 1760 2015 scripsit

284 2036 325 2068 et
354 2028 524 2067 obtinuit
543 2027 737 2065 Archinus
761 2033 843 2064 erat
865 2025 1036 2072 Coeleus‚
1058 2038 1159 2063 unus
1190 2037 1237 2062 ex
1264 2023 1309 2062 iis
1329 2024 1394 2075 qui
1425 2024 1613 2076 populum
1643 2027 1761 2065 redu-

285 2097 445 2129 xerunt:
476 2089 628 2142 scripsit
647 2094 776 2127 autem
797 2088 963 2139 primum
979 2094 1023 2125 ut
1040 2086 1086 2125 iis
1106 2085 1211 2124 mille
1225 2085 1422 2125 drachmae
1439 2086 1623 2126 darentur
1641 2088 1681 2126 in
1697 2101 1761 2127 sa-

285 2153 430 2191 crificia
443 2158 482 2191 et
496 2151 600 2190 dona
611 2149 765 2202 templis
777 2149 1102 2201 appendenda—
1112 2155 1250 2199 estque
1258 2147 1333 2186 hoc
1345 2147 1474 2185 minus
1490 2162 1608 2201 quam
1623 2150 1762 2189 decem

288 2214 486 2253 drachmae
506 2213 545 2250 in
565 2212 741 2264 singulos
760 2212 933 2257 viros—‚
956 2210 1095 2249 deinde
1109 2211 1224 2262 jubet
1247 2222 1563 2261 unumquemque
1581 2211 1764 2264 oleagina

290 2289 434 2314 corona
454 2275 595 2322 ornari,
620 2287 700 2312 non
721 2286 862 2317 aurea;
894 2279 977 2311 erat
997 2273 1098 2311 enim
1117 2278 1198 2310 tum
1218 2271 1398 2324 oleagina
1417 2284 1562 2311 corona
1579 2274 1764 2325 pretiosa,

291 2350 397 2375 nunc
417 2336 534 2375 etiam
555 2349 672 2375 aurea
692 2335 732 2373 in
752 2334 912 2373 fastidio
928 2341 998 2373 est.
1039 2334 1189 2373 Verum
1203 2347 1330 2385 neque
1350 2334 1425 2373 hoc
1441 2334 1600 2386 quidem
1620 2342 1766 2375 temere

292 2398 375 2437 fieri
395 2397 585 2444 decernit,
606 2396 675 2435 sed
694 2404 777 2435 tum
799 2396 957 2435 demum
978 2410 1068 2435 cum
1095 2402 1255 2435 senatus
1277 2403 1458 2435 accurate
1478 2397 1765 2449 perquisiverit,

294 2466 390 2511 quot
411 2472 545 2497 eorum
564 2458 603 2497 in
623 2458 749 2510 Phyla
767 2458 918 2496 obsessi
937 2457 1117 2505 fuissent,
1137 2471 1228 2496 cum
1247 2458 1535 2497 Lacedaemonii
1554 2465 1594 2497 et
1609 2460 1769 2510 triginta

294 2521 451 2574 tyranni
470 2520 509 2558 in
522 2534 589 2559 eos
603 2521 831 2558 invaserunt
846 2520 911 2570 qui
933 2519 1097 2571 Phylam
1117 2527 1374 2571 occuparant,
1389 2534 1468 2559 non
1481 2527 1578 2572 quot
1590 2521 1640 2559 ad
1655 2522 1771 2559 Chae-

299 2595 457 2621 roneam
473 2595 562 2620 cum
582 2582 771 2620 instarent
788 2581 923 2619 hostes
941 2595 964 2619 a
976 2581 1140 2619 statione
1159 2581 1428 2621 recessissent.
1464 2582 1518 2621 Ut
1536 2588 1666 2621 autem
1680 2597 1771 2623 vera
1814 2573 1819 2578 ⁷

301 2658 364 2684 me
384 2644 513 2684 dicere
532 2646 773 2695 cognoscatis,
793 2643 1014 2682 recita-bitur
1031 2643 1141 2682 vobis
1161 2643 1374 2683 decretum.

508 2762 819 2802 DECRETUM
852 2761 925 2800 DE
956 2761 1282 2802 REDUCIBUS
1313 2764 1349 2801 A
1378 2762 1582 2804 PHYLA.

309 2852 511 2890 Recitetur
523 2855 604 2901 jam
623 2864 672 2889 ex
693 2850 857 2888 adverso
876 2850 1077 2890 decretum
1096 2851 1135 2888 id
1155 2849 1262 2902 quod
1282 2849 1499 2903 Ctesiphon
1519 2851 1673 2905 scripsit
1691 2852 1775 2893 De·

308 2913 502 2952 mostheni
521 2912 834 2965 gravissimarum
854 2912 1121 2952 calamitatum
1141 2911 1301 2951 auctori.
