1965 3356
0 1938 9 2442 ‚umm—
0 1927 1 1933 ⁴

536 205 824 245 ADVERSUS
856 200 1184 241 CALLIPPUM.
1516 201 1590 237 707

134 319 221 346 eum
245 308 344 359 patri
364 320 450 347 meo
469 316 730 348 monstrarent
749 315 788 347 et
807 307 1137 351 commendarent,
1156 319 1244 343 cum
1265 318 1425 356 peregre
1454 303 1589 342 rediis-

116 376 204 408 set.
249 369 384 408 Solent
398 377 526 409 autem
543 385 677 409 omnes
691 369 887 415 mensarii,
904 369 936 406 si
957 367 1041 418 quis
1061 368 1177 404 homo
1197 366 1368 417 privatus
1383 364 1589 417 pecuniam

131 430 290 481 deponit
321 445 437 482 quam
471 433 584 470 alicui
608 432 717 470 reddi
737 432 863 479 jubet,
884 430 1051 468 scribere
1077 428 1242 479 primum
1266 440 1407 465 nomen
1433 426 1589 478 deposi-

122 493 224 530 *toris
258 500 297 531 et
322 494 498 544 pecuniae
532 506 741 532 summam:
773 492 914 530 deinde
948 491 1182 533 adscribere,
1215 488 1275 527 cui
1303 488 1502 526 reddenda
1528 489 1590 526 sit.

131 554 248 598 Quod
280 555 317 592 si
340 555 476 593 faciem
501 562 644 593 norunt
674 554 840 593 hominis
876 553 937 591 cui
965 566 1011 591 ea
1036 551 1238 590 reddenda
1263 556 1335 596 est,
1366 550 1405 587 id
1438 557 1590 588 tanturn

129 615 291 661 faciunt,
311 621 355 654 ut
386 616 555 654 scribant
585 616 648 653 cui
681 615 730 654 sit
757 615 976 653 reddenda:
1026 614 1085 652 sin
1113 606 1306 663 ignorant,
1325 612 1483 662 insuper
1508 612 1590 662 ejus

129 677 244 716 etiam
269 690 410 734 nomen
437 677 635 746 adjiciunt,
656 677 723 728 qui
749 677 1090 715 commendaturus
1111 681 1172 714 est
1198 681 1237 712 et
1268 681 1495 712 ostensurus
1521 673 1590 710 ho—

128 738 283 783 minem,
303 739 365 776 cui
390 739 558 790 pecunia
574 746 633 777 est
653 738 910 777 numeranda.

183 801 220 838 3.
252 800 352 838 Cum
370 814 462 839 vero
479 801 609 853 Lycon
630 814 677 839 ea
694 800 850 838 fortuna
869 813 964 838 usus
983 805 1098 844 esset,
1119 779 1164 837 ut
1181 799 1310 837 statim
1330 804 1420 849 post
1446 796 1590 834 abitum

127 861 230 900 circa
247 861 374 900 sinum
392 863 616 913 Argolicum
647 869 687 900 et
715 875 863 900 merces
884 862 967 914 ejus
999 874 1022 899 a
1040 860 1212 912 piraticis
1232 859 1397 897 navibus
1419 865 1592 909 exceptae

128 924 263 974 Argos
287 920 519 962 veherentur
545 931 584 962 et
615 924 699 975 ipse
726 922 870 974 sagitta
888 923 986 962 ictus
1008 922 1214 967 occideret,
1235 921 1437 972 Callippus
1459 919 1590 957 statim

126 986 178 1025 ad
202 999 376 1025 mensam
394 987 498 1025 venit
520 986 692 1037 rogitans
712 986 905 1038 Lyconem
926 985 1199 1023 Heracleotam
1219 997 1268 1022 an
1287 988 1464 1021 nossent.
1509 982 1589 1020 Re-

127 1039 347 1099 spondente
376 1047 623 1095 Phormione,
645 1061 686 1086 se
715 1060 854 1086 nosse:
895 1047 1068 1099 nunquid
1097 1046 1208 1085 vobis
1242 1046 1358 1084 etiam
1377 1057 1472 1082 usus
1501 1044 1591 1082 est?

125 1109 181 1148 ita
198 1109 322 1161 inquit
341 1110 549 1154 Phormi03
579 1109 647 1148 sed
666 1123 734 1148 cur
762 1110 1003 1160 interrogas?
1050 1109 1145 1147 cur?
1176 1121 1264 1159 ego,
1285 1107 1424 1158 inquit,
1443 1106 1511 1144 tibi
1533 1106 1591 1144 di·

125 1184 223 1209 cam.
281 1171 351 1209 Ille
370 1172 483 1216 obiit3
513 1184 587 1222 ego
601 1184 692 1209 vero
711 1179 937 1222 procurator
958 1184 1044 1209 sum
1065 1170 1387 1208 Heracleotarum
1404 1169 1588 1206 omnium.

126 1232 223 1271 Peto
243 1238 372 1271 autem
391 1239 435 1270 ut
455 1232 546 1270 mihi
570 1233 754 1271 ostendas
783 1233 950 1279 tabulas,
971 1240 1014 1269 ut
1041 1233 1175 1277 sciam,
1209 1231 1386 1282 nunquid
1411 1243 1590 1268 nummo-

123 1308 207 1333 rum
226 1295 423 1346 reliquerit
441 1308 451 1332 :
478 1308 639 1334 necesse
659 1296 761 1334 enim
781 1295 873 1333 mihi
892 1301 953 1333 est
979 1293 1150 1333 omnium
1171 1293 1494 1332 Heracleotarum
1524 1306 1591 1331 cu-

123 1370 204 1395 ram
220 1357 377 1394 habere.
418 1357 506 1401 Quo
524 1357 670 1402 audito,
693 1357 870 1402 Judices,
892 1356 1075 1395 Phormio
1097 1356 1227 1394 statim
1243 1369 1264 1393 e
1278 1355 1442 1407 vestigio
1458 1361 1590 1393 osten-

124 1417 194 1456 dit.
251 1418 420 1456 Ostensa
437 1418 585 1464 tabula,
608 1419 713 1457 solus
735 1419 816 1470 ipse
845 1432 929 1457 eam
959 1418 1055 1470 legit
1083 1425 1123 1456 et
1150 1430 1265 1456 nemo
1291 1418 1403 1463 alius,
1424 1429 1590 1467 cumque

123 1480 286 1539 vidisset
320 1481 359 1519 in
390 1494 437 1519 ea
471 1481 657 1533 scriptum
705 1481 880 1534 Lycon
924 1481 1257 1519 Heracleota
1283 1503 1330 1509 --
1353 1493 1440 1518 M.D
1457 1492 1588 1518 c.XL.

127 1542 477 1594 Cephisiadae
511 1544 817 1581 reddendas
840 1566 885 1573 --
905 1544 969 1580 Ar
986 1542 1287 1581 chebiades
1310 1542 1588 1593 Lampren-

125 1604 198 1642 sis
232 1614 392 1643 osten
409 1604 433 1642 d
450 1611 500 1643 et
532 1605 598 1642 Ce
615 1605 922 1655 phisiadem
952 1605 1092 1643 tacitus
1115 1604 1220 1650 abiit,
1236 1611 1275 1642 et
1293 1604 1456 1656 amplius
1477 1604 1590 1655 quin-

125 1680 201 1718 que
218 1667 416 1705 mensibus
435 1667 586 1705 nullum
605 1668 765 1706 verbum
786 1668 891 1706 fecit.
949 1668 1048 1706 Cum
1079 1674 1207 1705 autern
1238 1667 1492 1719 Cephisiades
1521 1668 1589 1706 ad-

125 1728 294 1769 venisset
324 1735 440 1780 atque
472 1729 522 1766 ad
549 1741 724 1767 mensam
757 1730 962 1768 accederet
993 1737 1032 1768 et
1064 1730 1267 1781 pecuniam
1300 1730 1527 1780 postularet,
1552 1737 1591 1768 et

124 1790 387 1829 Archebiades
408 1804 453 1829 ac
483 1790 668 1829 Phrasius
688 1792 881 1838 adessent,
908 1805 1004 1843 quos
1027 1792 1156 1843 Lycon
1174 1791 1272 1843 patri
1297 1792 1591 1830 commendarat

123 1858 164 1890 et
183 1851 453 1902 Cephisiadem
472 1866 559 1891 cum
576 1853 743 1892 venisset
757 1854 857 1904 patri
872 1853 1276 1905 ostenderejusserat‚
1296 1854 1454 1904 quinam
1475 1863 1590 1901 esset,

124 1914 382 1964 praesentibus
401 1913 517 1952 etiam
544 1914 642 1960 aliis,
663 1922 936 1954 annumeratas
958 1915 992 1953 ei
1020 1915 1189 1953 sedecim
1216 1915 1340 1953 minas
1364 1923 1403 1954 et
1422 1916 1588 1966 quadra-

125 1975 234 2026 ginta
252 1975 458 2014 drachmas
478 1976 649 2015 reddidit
670 1977 864 2016 Phormio.
922 1978 1018 2015 Haec
1045 1991 1133 2015 vere
1161 1991 1184 2015 a
1209 1991 1270 2016 me
1303 1978 1379 2016 dici
1401 1985 1444 2016 ut
1469 1991 1587 2030 appa-

125 2044 219 2085 reat,
237 2038 375 2076 harum
393 2037 519 2077 rerum
538 2039 708 2077 omnium
726 2039 946 2077 testimonia
967 2039 1075 2078 vobis
1095 2039 1288 2091 legentur.

686 2152 1042 2190 TESTIMONIA.

179 2233 218 2267 4.
250 2230 316 2268 Me
334 2243 422 2268 vere
442 2230 572 2268 omnia
591 2230 735 2269 dixisse
756 2232 861 2283 apud
880 2245 964 2278 vos,
993 2231 1170 2277 Judices,
1191 2244 1213 2269 e
1233 2231 1463 2270 testimoniis
1481 2232 1590 2269 audi-

125 2290 244 2330 vistis.
302 2292 548 2343 Congressus
567 2299 695 2330 autem
714 2293 833 2344 longo
849 2300 1021 2344 tempore
1035 2301 1124 2344 post
1145 2306 1233 2331 cum
1253 2300 1363 2344 patre
1383 2306 1470 2331 meo
1497 2293 1588 2331 Cal-

126 2353 253 2404 lippus
272 2353 311 2391 in
332 2355 439 2401 urbe,
459 2361 584 2405 rogat,
600 2368 693 2392 num
709 2355 789 2406 jam
812 2355 1036 2393 advenisset
1057 2355 1311 2407 Cephisiades
1330 2356 1390 2393 cui
1405 2355 1588 2406 inscripta

126 2423 231 2454 esset
261 2417 429 2467 pecunia
456 2416 658 2454 reddenda
688 2430 710 2454 a
739 2417 902 2469 Lycone
933 2417 1171 2455 Heracleota
1201 2416 1365 2455 relicta?
1409 2417 1587 2469 Respon-

125 2477 242 2516 dente
265 2484 389 2529 patre,
408 2478 556 2530 opinari
576 2492 631 2524 se,
657 2479 726 2517 sed
753 2479 785 2517 si
814 2479 851 2516 in
873 2479 1064 2517 Piraeeum
1091 2479 1331 2518 descendere
1351 2479 1483 2524 vellet,
1504 2492 1587 2517 cer-

124 2537 209 2578 tu'm‘
224 2539 422 2578 sciturum.
480 2541 594 2579 Nosti
614 2541 742 2593 igitur,
761 2541 902 2592 inquit,
924 2541 1054 2587 Pasi0,
1081 2541 1174 2592 quid
1195 2548 1233 2579 te
1256 2554 1390 2592 rogem
1402 2540 1588 2591 2—a1que

124 2602 258 2640 itame
281 2601 334 2640 dli
358 2602 523 2653 deaeque
547 2616 681 2641 omnes
701 2610 846 2650 ament,
867 2616 943 2641 non
969 2604 1134 2641 mentiar
1152 2604 1359 2655 quicquam
1380 2603 1484 2654 apud
1505 2616 1588 2647 vos,

125 2662 300 2710 Judices,
321 2664 407 2709 sed,
420 2677 508 2714 quae
528 2677 551 2701 a
569 2672 677 2715 patre
698 2665 840 2711 audivi,
861 2666 1024 2703 narrabo
1043 2664 1335 2702 vobis.——Licet
1354 2663 1423 2701 tibi
1443 2677 1529 2701 esse
1549 2664 1587 2701 in

125 2737 187 2763 me
205 2725 408 2771 beneficio,
430 2726 511 2764 sine
529 2726 610 2764 ullo
629 2734 697 2765 tuo
723 2727 956 2765 detrimento
974 2740 983 2764 ε
1014 2740 1099 2765 sum
1119 2732 1347 2778 procurator
1379 2725 1588 2764 Heracleo-

127 2792 277 2823 tarum:
307 2787 420 2825 malis
441 2794 583 2834 autem,
603 2795 648 2825 ut
673 2789 808 2839 opinor
832 2801 919 2839 ego,
941 2801 1002 2826 me
1029 2789 1203 2839 accipere
1222 2787 1440 2839 pecuniam,
1472 2801 1588 2838 quam

128 2846 358 2898 inquilinum
376 2848 572 2888 hominem
592 2850 701 2902 Scyri
719 2851 959 2889 habitantem
979 2859 1018 2888 et
1034 2850 1155 2888 nihili.
1214 2850 1309 2887 Tale
1330 2857 1458 2887 autem
1478 2851 1588 2901 quid-

128 2907 218 2946 dam
238 2908 390 2948 accidit.
432 2911 567 2963 Lycon
586 2918 627 2949 et
644 2913 762 2950 orbus
783 2918 843 2950 est
862 2918 903 2949 et
921 2910 1069 2948 nullum
1089 2910 1284 2948 haeredem
1302 2910 1406 2948 domi
1421 2910 1586 2962 reliquit,

129 2975 172 3007 ut
189 2981 264 3020 ego
283 2969 422 3009 audio:
449 2979 649 3023 praeterea,
672 2981 716 3010 ut
734 2974 860 3024 Argos
881 2972 1089 3024 perductus
1116 2979 1175 3010 est
1192 2971 1432 3019 vulneratus,
1451 2986 1590 3025 procu-
