1915 3356
471 211 689 252 CONTRA
724 213 1191 256 DlONYSODOPtUM.
1485 216 1563 253 735

103 323 143 356 et
161 316 315 356 mulctis
343 329 440 369 quas
465 319 535 371 ipsi
561 319 599 357 in
633 332 675 357 se
696 324 924 363 statuerant,
946 318 978 354 si
1009 318 1104 368 quid
1133 319 1356 367 violassent,
1376 319 1567 371 neglectis

97 380 187 417 item
206 379 358 431 legibus
375 381 522 427 vestris,
542 380 784 432 quae'jubent
798 379 1053 418 navicularios
1074 387 1115 419 et
1128 388 1303 419 vectores
1326 383 1364 420 in
1384 395 1474 420 eum
1493 395 1565 434 ap-

98 440 238 492 pellere
257 449 467 481 mercatum
487 443 536 481 de
555 454 632 494 quo
659 442 761 480 inter
779 442 884 493 ipsos
912 442 1149 490 convenerit,
1180 443 1240 481 sin
1260 443 1370 482 aliter
1388 445 1566 493 fecerint,

100 504 276 543 maximis
296 506 418 544 teneri
437 505 574 557 poenis.

151 568 191 604 4.
207 565 304 613 Nos,
323 580 412 605 cum
438 567 601 617 primum
619 565 661 603 id
681 565 827 604 factum
848 565 1081 611 audivimus,
1101 579 1148 604 ea
1173 578 1214 603 re
1245 566 1428 617 perculsi,
1449 567 1565 606 istum

99 635 268 667 totarum
293 628 518 667 insidiarum
551 627 805 667 architectum
833 628 1100 674 convenimus,
1129 628 1395 679 indignantes,
1426 636 1470 667 ut
1497 643 1568 682 par

99 697 170 742 est,
190 697 229 729 et
252 697 534 741 conquerentes
554 703 638 737 nos,
659 703 748 728 cum
768 690 806 727 in
830 690 1012 741 pactione
1033 690 1162 729 verbis
1183 690 1326 741 apertis
1351 690 1569 742 pepigisse-

98 765 198 799 mus,
219 766 267 790 ne
297 752 404 790 navis
430 765 596 803 usquam
629 751 703 789 alio
736 764 852 802 quam
881 752 1060 790 Athenas
1089 752 1313 803 appelleret,
1330 765 1454 803 eaque
1475 766 1568 791 con-

98 813 243 851 ditione
274 814 479 865 pecuniam
508 813 822 860 credidissemus,
851 814 900 852 ab
931 826 979 852 eo
1011 813 1051 851 in
1082 814 1341 865 suspicionem
1375 814 1568 853 adductos

99 875 203 926 apud
235 888 302 914 eos
333 876 398 926 qui
428 888 499 913 nos
527 874 719 913 criminari
749 874 895 913 vellent
924 881 964 913 et
995 875 1136 920 dicere,
1158 889 1229 914 nos
1261 889 1417 927 quoque
1445 877 1568 916 fuisse

98 937 226 976 socios
251 937 434 977 frumenti
459 937 645 976 Rhodum
674 937 788 984 vecti,
820 938 986 989 graviter
1009 939 1195 985 ferentes,
1222 940 1326 990 quod
1358 952 1497 978 navem
1529 939 1570 978 in

98 1006 275 1037 nostrum
295 1006 520 1047 mercatum,
540 1007 583 1038 ut
601 1000 708 1052 pacti
729 1007 873 1048 essent,
892 1014 972 1039 non
991 1001 1280 1053 perduxissent.
1321 1002 1421 1040 Cum
1437 1010 1569 1041 autem

100 1061 151 1101 de
170 1063 394 1115 syngrapha
412 1071 452 1101 et
468 1062 517 1101 de
529 1066 616 1112 jure
637 1062 874 1115 disputando
893 1063 988 1101 nihil
1008 1064 1297 1115 proficeremus,
1324 1063 1462 1102 saltem
1482 1077 1569 1102 mu-

98 1130 210 1162 tuum
229 1132 270 1163 et
288 1138 426 1164 usuras
448 1127 496 1164 ab
512 1126 618 1165 initio
637 1126 849 1178 promissas
869 1126 979 1165 reddi
998 1127 1108 1165 nobis
1128 1127 1428 1179 postulavimus.
1488 1127 1570 1167 Iste

99 1193 229 1226 autem
248 1187 302 1225 ita
319 1187 530 1226 insolenter
549 1188 752 1227 nobiscum
767 1189 859 1240 egit,
880 1197 925 1227 ut
942 1202 1081 1227 usuras
1102 1191 1141 1228 in
1162 1190 1388 1242 syngrapha
1401 1191 1567 1242 scriptas

99 1261 140 1287 se
173 1249 354 1288 daturum
392 1256 578 1302 negaret:
623 1251 656 1289 si
702 1258 832 1289 autem
865 1251 995 1298 vultis,
1027 1252 1166 1303 inquit,
1204 1253 1380 1304 accipere
1417 1261 1568 1304 partem

99 1323 266 1350 emensae
283 1313 554 1363 navigationis,
575 1312 679 1351 dabo
697 1313 806 1351 vobis
825 1325 964 1352 usuras
985 1313 1169 1351 Rhodum
1183 1327 1322 1365 usque,
1340 1314 1468 1365 plures
1487 1327 1568 1353 non

100 1373 224 1418 dabo;
261 1374 316 1412 sic
333 1374 426 1426 -ipse
451 1375 524 1413 sibi
554 1375 663 1427 leges
693 1376 904 1422 sanciebat,
934 1389 1014 1414 non
1033 1375 1072 1413 in
1092 1375 1318 1427 syngrapha
1343 1377 1569 1428 perscriptis

99 1435 382 1476 conditionibus
402 1438 578 1489 parebat.
629 1437 684 1475 Ut
701 1451 791 1476 vero
806 1451 876 1476 nos
897 1438 992 1476 nihil
1011 1439 1173 1476 istorum
1193 1451 1449 1478 concessuros
1471 1440 1568 1479 dixi-

98 1511 201 1546 mus,
220 1506 460 1551 reputantes,
482 1500 514 1538 si
533 1501 572 1538 id
592 1500 824 1548 faceremus,
842 1500 966 1539 visum
980 1501 1030 1538 —iri
1049 1508 1089 1539 et
1116 1514 1187 1540 nos
1210 1501 1395 1539 Rhodum
1415 1502 1569 1541 vexisse

98 1561 351 1610 frumentum,
369 1563 494 1614 magis
515 1563 632 1601 etiarn
652 1563 822 1602 instabat
850 1562 923 1602 iste
953 1563 1164 1614 multisque
1192 1564 1359 1602 testibus
1374 1556 1569 1604 'adhibitis

99 1624 326 1672 accedebat,
359 1638 401 1663 se
430 1631 609 1677 paratum
643 1639 730 1664 esse
763 1626 899 1664 dicens
928 1626 978 1664 ad
1007 1625 1251 1664 reddendam
1285 1634 1324 1664 et
1355 1634 1498 1665 sortem
1530 1635 1570 1666 et

97 1700 236 1727 usuras
256 1688 442 1727 Rhodum
470 1702 610 1740 usque,
631 1702 708 1727 non
727 1689 837 1740 quod
867 1690 906 1727 in
928 1690 1056 1727 animo
1076 1689 1247 1735 haberet,
1266 1689 1441 1736 Judices,
1460 1690 1570 1741 quic-

98 1763 215 1801 quam
234 1750 413 1797 reddere,
432 1751 500 1789 sed
529 1751 635 1802 quod
656 1750 903 1790 existimabat
921 1764 992 1790 nos
1013 1752 1217 1803 pecuniam
1238 1764 1317 1790 non
1338 1759 1569 1803 accepturos

98 1812 150 1851 ad
169 1813 365 1852 vitandam
386 1813 657 1865 suspicionem.
715 1814 836 1865 quue
861 1827 923 1852 res
943 1814 1028 1865 ipsa
1047 1813 1271 1852 declaravit.

153 1876 192 1912 5.
223 1874 437 1926 Postquam
468 1875 584 1922 enim,
605 1875 883 1923 Athenienses,
910 1883 1126 1914 vestrorum
1147 1876 1289 1914 civium
1310 1875 1482 1927 quidam,
1502 1876 1568 1928 qui

96 1937 355 1978 sortesortuna
381 1940 679 1986 intervenerant,
701 1940 813 1978 nobis
834 1941 1054 1979 suadebant
1080 1946 1121 1979 ut
1152 1941 1257 1992 quod
1282 1941 1439 1979 daretur
1468 1942 1571 1981 acci-

98 2013 292 2052 peremus,
312 2002 362 2041 de
394 2002 667 2041 controversiis
702 2002 741 2040 in
770 2002 961 2054 judicium
998 2003 1232 2048 veniremus,
1265 2015 1402 2041 usuras
1439 2011 1568 2042 autem

78 2062 274 2102 ‘Rhodias
293 2077 372 2103 non
397 2064 687 2103 admitteremus
718 2064 844 2103 donec
867 2065 1058 2117 judicium
1084 2065 1208 2112 fieret,
1228 2077 1299 2103 nos
1332 2065 1401 2103 illa
1425 2079 1568 2104 conce-

99 2125 304 2173 debamus,
323 2140 400 2165 non
420 2126 557 2178 ignari,
575 2126 751 2173 Judices,
773 2127 867 2179 quid
898 2141 943 2165 ex
963 2127 1186 2179 syngrapha
1214 2127 1326 2165 nobis
1348 2127 1568 2175 deberetur,

100 2187 169 2226 sed
188 2188 453 2227 existimantes
475 2189 606 2227 damni
625 2189 768 2240 aliquid
790 2189 1011 2228 faciendum
1027 2197 1066 2228 et
1082 2189 1376 2228 concedendum
1397 2202 1498 2237 esse,
1518 2202 1568 2229 ne

98 2249 186 2289 lites
205 2251 314 2302 sequi
333 2250 574 2290 videremur:
605 2252 676 2290 sed
691 2252 777 2299 iste,
793 2258 837 2290 ut
858 2265 930 2291 nos
945 2252 994 2291 ad
1014 2265 1094 2291 rem
1115 2253 1302 2291 accedere
1323 2253 1431 2300 vidit,
1446 2253 1569 2293 tollite

98 2312 227 2365 igitur,
247 2313 384 2365 inquit,
405 2313 681 2366 syngrapham.
716 2314 800 2352 Nos
819 2314 1026 2354 tollamus?
1055 2327 1126 2353 nos
1141 2314 1237 2352 nihil
1255 2315 1378 2353 minus
1395 2316 1568 2355 facturos

98 2375 403 2428 respondemus:
424 2376 494 2414 sed
514 2376 620 2427 quod
640 2376 690 2415 ad
710 2389 888 2415 nummos
906 2378 1101 2424 attineret,
1122 2376 1230 2428 quod
1256 2377 1449 2424 redderet,
1471 2377 1570 2416 auti·

98 2444 282 2490 quaturos
301 2451 432 2477 coram
459 2439 650 2477 mensario
669 2439 944 2491 syngrapham,
963 2440 1185 2479 universam
1205 2446 1335 2478 autem
1359 2453 1438 2478 non
1469 2441 1569 2479 anti-

97 2507 294 2552 quaturos,
313 2508 522 2552 antequam
542 2501 591 2539 de
609 2501 881 2540 controversiis
902 2501 1163 2553 disceptatum
1183 2509 1301 2540 esset.
1360 2501 1450 2546 Quo
1464 2502 1566 2540 enim

92 2565 193 2612 June,
206 2576 286 2614 quo
305 2563 579 2602 controversiae
599 2560 841 2601 firmamento
862 2564 1083 2611 niteremur,
1103 2563 1182 2602 sive
1203 2563 1253 2601 ad
1274 2564 1471 2609 arbitrum,
1489 2563 1567 2601 sive

99 2625 149 2664 ad
162 2625 337 2677 judicem
361 2631 519 2665 ventum
547 2631 668 2673 esset,
694 2626 920 2678 syngrapha
951 2626 1116 2673 sublata,
1137 2627 1176 2663 in
1208 2639 1285 2677 qua
1312 2626 1569 2663 fundamenta

100 2687 222 2726 nostri
248 2687 348 2740 juris
373 2688 449 2726 sita
466 2687 624 2726 essent?
666 2688 763 2726 Haec
796 2688 914 2739 nobis,
941 2687 1175 2738 dicentibus,
1196 2688 1465 2732 Athenienses,
1488 2695 1525 2724 et
1547 2699 1569 2725 a

100 2747 373 2802 Dionysodoro
401 2750 626 2802 petentibus
659 2764 709 2788 ne
743 2749 1004 2803 syngrapham
1033 2756 1308 2796 commoveret,
1329 2762 1401 2787 nec
1421 2748 1566 2787 irritam·

98 2809 375 2862 faceret²qu²am
392 2818 437 2850 ‘et
460 2811 529 2863 ipsi
548 2819 671 2851 ratam
690 2811 919 2851 habuissent
938 2819 977 2850 et
998 2810 1396 2856 confirmassent,·scd
1415 2817 1567 2849 tantum

99 2870 483 2924 pecuum-quantum
514 2874 597 2926 ipse
618 2874 823 2913 obtulisset
844 2874 1037 2919 redderet,
1060 2874 1108 2912 de
1137 2873 1412 2912 controversiis
1436 2880 1565 2912 autem

99 2939 256 2986 paratos
270 2940 362 2974 *esse
376 2943 473 2983 nos,
486 2936 567 2974 sive
585 2936 653 2974 uni
673 2937 753 2975 sive
783 2936 957 2988 pluribus
988 2936 1070 2988 ipse
1092 2935 1210 2974 vellet
1239 2937 1278 2973 in
1307 2943 1478 2974 mercatu
1503 2936 1566 2989 ju·

101 2996 243 3036 dicium
263 2998 499 3049 permittere,
518 3000 716 3038 recusavit
735 2998 1033 3051 Dionysodorus
1055 2998 1197 3045 omnia,
1224 3007 1276 3044 et,
1297 3010 1385 3036 cum
1406 3011 1568 3050 syngra*
