1965 3356
531 200 816 239 ADVERSUS
845 199 1202 238 TIMOTHEUM.
1519 188 1592 235 εει

134 302 367 341 constitutus
400 310 495 350 erat,
525 311 727 356 propterea
753 303 859 355 quod
880 302 973 340 talia
1002 302 1224 353 reipublicae
1250 305 1427 353 tempora
1451 300 1597 339 incide-

133 369 230 409 rant,
251 371 294 402 ut
311 371 350 403 et
368 367 559 405 exercitus
581 366 837 404 Calaurianus
858 371 1013 416 propter
1033 364 1228 415 stipendia
1252 377 1329 402 non
1355 364 1482 402 soluta
1501 362 1597 401 dila-

132 425 299 472 beretur,
315 433 354 464 et
372 427 464 465 socii
485 422 802 477 Peloponnenses
822 438 845 463 a
864 424 1173 463 Lacedaemoniis
1194 424 1491 468 obsiderentur;
1517 425 1597 476 jam

132 488 350 540 Iphicrates
370 498 408 529 et
426 490 672 528 Callistratus
695 489 810 527 istum
829 494 873 526 ut
892 494 1090 526 auctorem
1110 498 1242 525 eorum
1259 485 1447 524 malorum
1470 485 1598 523 crir'ni-

133 551 340 599 nabantur,
362 552 412 591 ad
431 552 516 590 haec
536 552 600 602 qui
621 553 669 590 ab
696 552 867 590 exercitu
896 550 1105 589 veniebant
1125 550 1162 587 in
1183 549 1409 588 concionem
1440 549 1598 586 nuncia-

132 614 228 651 bant
254 621 456 665 urgentem
494 613 697 665 penuriam
728 620 768 651 et
801 613 1060 658 difficultates,
1082 613 1220 664 partim
1241 612 1356 650 etiam
1378 625 1444 663 per
1469 611 1598 650 literas

132 675 294 725 quisque
314 676 454 714 certior
480 672 598 714 fiebat
625 689 648 714 a
667 674 845 726 cognatis
872 682 911 713 et
939 674 1192 713 familiaribus
1213 673 1409 726 quomodo
1436 686 1523 711 cum
1545 674 1600 711 eis

132 744 338 787 ageretur:
367 743 455 788 quae
475 738 569 776 dum
589 751 656 776 vos
674 737 827 789 publice
844 737 1039 783 audiretis,
1061 737 1313 787 recordamini
1332 750 1409 787 quo
1430 742 1547 787 pacto
1562 737 1599 774 in

131 812 218 837 eum
241 799 368 838 affecti
385 801 546 847 fueritis,
566 813 640 839 nec
660 799 760 839 enim
781 799 968 851 ignoratis
989 812 1036 838 ea
1051 812 1138 850 quae
1152 799 1398 837 dica—cum
1412 797 1529 849 igitur
1550 796 1600 836 ad

125 860 315 912 judicium
333 862 409 901 huc
428 869 613 902 venturus
645 869 764 908 esset,
784 861 821 899 in
852 861 1034 899 Calauria
1052 860 1156 899 mille
1177 860 1382 898 drachmas
1411 861 1460 897 ab
1485 859 1600 897 Anti-

130 922 259 973 phane
292 923 530 975 Lamprensi,
549 924 615 975 qui
646 937 692 962 eo
720 922 942 975 appellebat
966 929 1136 974 quaestor
1160 921 1328 973 Philippi
1359 920 1600 966 navicularii,

130 990 342 1031 mutuatur,
359 999 455 1037 quas
471 985 721 1024 distribueret
739 985 836 1023 inter
848 984 1023 1023 Boeotios
1039 983 1286 1031 trierarchos,
1302 996 1380 1034 quo
1394 989 1601 1035 exspecta-

132 1053 218 1084 rent
250 1045 343 1084 dum
373 1047 560 1096 judicium
594 1048 643 1086 de
675 1061 716 1085 se
741 1045 888 1085 facturn
920 1053 1039 1091 esset,
1062 1058 1174 1091 neve,
1198 1045 1356 1083 Boeotiis
1381 1044 1601 1082 triremibus

134 1108 312 1147 abductis
337 1116 376 1148 et
406 1109 591 1148 militibus
621 1109 726 1160 prIus
754 1109 926 1160 dilapsis,
957 1108 1027 1146 sibi
1048 1121 1117 1145 vos
1147 1108 1300 1158 gravius
1325 1105 1601 1145 irasceremini.

135 1169 251 1208 Cives
270 1170 371 1208 enim
390 1171 494 1209 mala
512 1171 759 1222 perferebant
775 1170 896 1221 aequis
918 1170 1069 1215 animis,
1088 1175 1127 1207 et
1147 1168 1412 1220 perdurabant
1428 1181 1437 1207 :
1475 1168 1601 1207 Boeoti

133 1237 260 1270 autem
292 1233 491 1284 negabant
524 1245 566 1270 se
599 1244 816 1277 mansuros,
848 1231 920 1269 nisi
951 1230 1176 1282 quotidiana
1216 1230 1374 1268 daretur
1407 1230 1602 1268 alimonia.

133 1293 231 1331 Tum
250 1294 367 1346 igitur
381 1301 538 1333 coactus
557 1307 623 1332 eas
638 1294 741 1332 mille
756 1293 962 1332 drachmas
982 1294 1030 1331 ab
1046 1292 1283 1344 Antiphane,
1297 1292 1362 1343 qui
1382 1291 1606 1344 appellebat

133 1360 304 1405 quaestor
322 1349 491 1408 Philippi
510 1355 747 1402 navicularii,
768 1362 902 1394 mutuo
934 1355 1062 1400 sumit,
1084 1362 1124 1393 et
1150 1353 1300 1392 Boeotio
1325 1356 1483 1391 navium
1513 1354 1605 1392 duci

132 1417 212 1455 dat.
271 1417 325 1456 Ut
354 1422 484 1456 autem
515 1418 591 1456 huc
623 1424 794 1464 venerat,
812 1424 890 1455 tam
909 1415 1111 1468 Philippus
1139 1429 1254 1467 quam
1275 1414 1518 1466 Antiphanes
1539 1428 1604 1454 eas

132 1477 239 1517 mille
257 1478 477 1527 drachmas,
501 1491 599 1531 quas
620 1479 654 1517 ei
673 1485 896 1535 mutuarant
914 1479 952 1516 in
973 1478 1168 1525 Calauria,
1194 1478 1242 1516 ab
1262 1490 1308 1515 eo
1333 1478 1605 1528 reposcebant,

133 1546 279 1579 moram
310 1553 412 1593 aegre
441 1542 623 1580 serentes.
681 1541 763 1579 Iste
782 1553 873 1579 vero
893 1540 1068 1578 inimicos
1095 1553 1186 1578 suos
1207 1546 1400 1586 metuens,
1419 1553 1468 1577 ne
1488 1540 1605 1577 resci-

133 1610 301 1649 scerent,
323 1616 418 1654 quas
435 1603 539 1642 mille
558 1602 762 1641 drachmas
778 1603 816 1641 in
833 1602 1043 1642 referendis
1064 1602 1276 1640 rationibus
1297 1602 1344 1640 de
1364 1602 1518 1640 militari
1537 1614 1605 1653 pe-

133 1665 247 1703 cunia
283 1665 443 1704 Boeotiis
479 1665 643 1704 navibus
681 1677 874 1716 expensas
911 1665 1080 1711 tulisset,
1112 1664 1336 1716 Philippum
1373 1663 1605 1702 creditorem

133 1725 318 1773 fraudari,
339 1726 452 1765 simul
480 1727 594 1765 etiam
621 1726 844 1778 Philippum
874 1727 1032 1774 veritus,
1053 1740 1101 1764 ne
1123 1726 1159 1764 in
1191 1740 1231 1765 se
1259 1726 1521 1764 testimonium
1546 1726 1604 1764 di-

134 1795 240 1826 ceret
257 1788 473 1840 injudicio,
502 1795 652 1840 patrem
680 1802 810 1826 meum
834 1788 929 1835 adit,
950 1795 995 1826 ut
1014 1788 1234 1840 Philippum
1255 1788 1435 1826 absolvat
1455 1788 1605 1839 sibique

132 1849 219 1888 illas
239 1850 342 1888 mille
362 1850 569 1888 drachmas
584 1857 782 1888 mutuetur
797 1856 894 1896 orat,
915 1863 1011 1901 quas
1033 1850 1215 1901 Philippo
1236 1849 1429 1888 redderet.
1487 1850 1606 1889 Pater

133 1925 244 1950 meus
267 1926 356 1950 cum
377 1912 528 1950 videret
547 1919 587 1950 et
606 1920 753 1964 quanto
773 1913 811 1949 in
829 1911 1049 1950 discrimine
1073 1920 1293 1951 versaretur
1308 1911 1382 1950 iste
1403 1918 1442 1950 et
1461 1920 1606 1963 quanta

133 1974 299 2025 pecunia
326 1973 533 2021 laboraret,
554 1973 668 2012 simul
690 1974 805 2012 etiam
834 1973 1016 2012 misertus
1037 1974 1134 2025 ejus,
1164 1973 1334 2012 adducto
1355 1987 1401 2012 eo
1421 1974 1471 2012 ad
1495 1987 1604 2012 men-

134 2048 230 2083 sam,
246 2035 521 2075 Phormionem
541 2036 607 2087 qui
627 2036 677 2074 ad
696 2049 871 2074 mensam
891 2035 1055 2074 sedebat
1068 2036 1173 2074 mille
1193 2035 1401 2074 drachmas
1424 2036 1605 2088 Philippo

134 2108 336 2136 numerare
349 2097 481 2150 jussit,
498 2102 537 2136 et
561 2097 775 2136 debitorem
792 2097 1036 2136 Timotheum
1055 2097 1282 2135 inscribere.

188 2162 227 2197 4.
259 2160 358 2198 Haec
380 2172 468 2199 vere
502 2173 525 2199 a
553 2173 614 2199 me
646 2160 724 2198 dici
755 2166 799 2197 ut
829 2166 999 2206 constet,
1028 2159 1301 2197 Phormionem
1322 2159 1432 2197 vobis
1464 2165 1604 2197 testem

135 2222 199 2274 qui
231 2222 436 2274 pecuniam
457 2222 568 2260 dedit
587 2221 795 2269 adducam,
817 2222 882 2259 ubi
902 2229 941 2260 et
962 2221 1011 2259 de
1032 2221 1108 2259 alio
1129 2228 1332 2259 contractu
1353 2221 1459 2259 vobis
1481 2221 1606 2259 disse-

135 2294 262 2332 ruero,
280 2293 324 2322 ut
351 2284 490 2323 eodem
509 2283 747 2329 testimonio,
773 2283 954 2322 universo
987 2295 1063 2320 aere
1092 2282 1221 2321 alieno
1251 2282 1422 2333 cognito,
1441 2282 1605 2320 videatis

136 2359 197 2384 me
228 2359 319 2384 vera
348 2346 468 2398 loqui.
526 2346 684 2384 Vocabo
713 2345 823 2383 vobis
852 2345 967 2383 etiam
995 2343 1270 2395 Antiphanem,
1291 2345 1356 2395 qui
1388 2343 1493 2382 mille
1519 2344 1606 2382 illas

135 2407 340 2447 drachmas
361 2408 615 2447 Calaurianas
635 2407 697 2446 isti
715 2407 895 2454 credidit,
915 2406 1058 2458 quique
1077 2406 1185 2444 affuit
1213 2419 1302 2444 cum
1323 2406 1524 2457 Philippus
1544 2406 1607 2444 hic

137 2475 160 2509 a
177 2476 288 2522 patre
306 2483 393 2509 meo
412 2483 592 2510 nummos
612 2469 814 2521 reciperet.
873 2470 962 2513 Quo
977 2468 1103 2506 minus
1119 2468 1221 2507 enim
1237 2468 1321 2520 ejus
1341 2468 1605 2506 testimonium

136 2532 241 2584 apud
260 2532 445 2570 arbitrum
477 2531 688 2583 proferrem
726 2530 883 2569 fallacia
901 2531 1046 2569 factum
1079 2537 1151 2576 est,
1178 2529 1242 2581 qui
1276 2543 1318 2568 se
1349 2529 1486 2581 quovis
1513 2528 1605 2566 mihi

135 2599 322 2645 tempore,
357 2606 435 2644 quo
476 2593 525 2631 de
565 2605 684 2631 causa
718 2593 1059 2644 pronunciandum
1092 2598 1211 2639 esset,
1240 2590 1500 2630 testimonium
1548 2590 1607 2628 di-

136 2661 288 2694 cturum
316 2655 578 2707 polliceretur.
646 2653 748 2692 Cum
780 2661 911 2693 autem
945 2653 1143 2694 arbitrium
1176 2653 1296 2698 fieret,
1332 2653 1448 2691 domo
1478 2665 1607 2690 accer-

138 2715 365 2756 situs—non
390 2718 494 2756 enim
512 2730 553 2756 se
574 2717 1044 2756 stiterat—testimonium
1076 2716 1246 2755 deseruit
1268 2723 1313 2754 ut
1331 2716 1393 2755 isti
1414 2715 1607 2767 gratifica-

137 2783 254 2818 retur.
311 2779 400 2832 Ego
420 2789 514 2819 vero
533 2792 622 2818 cum
642 2792 908 2818 numerassem
935 2787 1074 2818 contra
1099 2792 1187 2818 eum
1205 2778 1380 2817 destituti
1400 2777 1609 2816 testimonii

137 2841 294 2881 nomine
312 2842 553 2889 drachmam,
569 2848 612 2881 ut
630 2842 719 2894 lege
732 2841 905 2894 jubetur,
922 2841 1063 2880 arbiter
1077 2840 1309 2879 sententiam
1325 2839 1606 2878 damnatoriam

140 2915 217 2942 non
234 2903 334 2949 tulit,
353 2904 422 2943 sed
442 2904 536 2943 abiit
554 2903 734 2942 absoluto
753 2902 843 2950 isto,
863 2916 951 2942 cum
967 2903 1049 2954 jam
1071 2915 1233 2952 vespera
1253 2908 1366 2939 esset.
1425 2901 1540 2940 Nunc
1568 2900 1607 2938 in

141 2965 400 3017 Antiphanem
432 2955 514 3004 dati
545 2965 677 3004 damni
704 2964 940 3016 peculiarem
974 2963 1162 3002 actionem
1200 2963 1362 3009 institui,
1382 2963 1488 3013 quod
1517 2961 1608 3001 mihi

844 3029 869 3063 4
891 3040 908 3062 s
