1965 3356
432 213 493 252 IN
524 212 797 251 EVERGUM
828 211 892 250 ET
922 211 1300 249 MNESIBULUM.
1500 214 1572 251 661

128 322 303 358 cusatum
330 323 404 365 est,
424 318 494 356 sed
524 325 650 356 ratum
680 316 834 361 mansit,
869 328 1076 366 aggressus
1111 316 1318 366 Evergum‚
1345 314 1580 367 Theophemi

127 381 296 427 fratrem,
316 394 406 419 cum
425 380 716 431 Theophemum
735 378 868 416 videre
887 390 963 414 non
983 390 1152 428 possem,
1175 377 1293 415 allato
1315 378 1485 424 decreto,
1504 378 1580 429 pri-

127 455 230 479 mum
262 443 396 494 repetii
435 448 683 486 armamenta,
712 439 885 490 jussique
917 439 992 477 hoc
1032 439 1287 490 Theophemo
1327 440 1552 478 renunciare
1569 453 1578 478 :

127 503 281 551 deiude,
301 504 508 556 interjectis
527 503 663 540 diebus
684 502 842 551 aliquot,
862 508 905 538 ut
933 508 1170 538 armamenta
1196 513 1273 538 non
1293 500 1491 546 reddebat,
1511 501 1581 540 sed

127 578 188 603 me
219 566 431 611 deridebat,
452 565 612 603 testibus
642 563 822 601 adhibitis
850 577 897 600 ex
928 576 973 600 eo
1003 563 1239 612 quaerebam,
1265 568 1392 598 utrum
1416 563 1578 612 partitus

127 635 233 665 esset
252 641 340 665 cum
360 627 488 672 fratre,
509 639 557 664 an
578 638 669 664 vero
689 638 913 662 communes
935 624 1140 662 facultates
1155 622 1369 660 haberent?
1401 622 1581 674 Respon-

128 688 244 727 dente
265 690 428 740 Evergo,
447 689 629 740 partitum
650 700 736 725 esse
757 700 803 725 ac
824 686 983 725 seorsim
1010 686 1181 724 habitare
1209 685 1519 736 Theophemum‚
1538 698 1580 724 se

126 764 216 788 vero
235 764 388 789 manere
411 751 513 801 apud
538 757 700 802 patrem,
725 749 958 794 sciscitatus,
983 748 1047 785 ubi
1076 747 1268 786 habitaret
1295 747 1580 799 Theophemus,

126 819 287 863 accepto
312 826 335 850 a
363 813 591 864 magistratu
610 811 798 858 ministro,
819 811 868 848 ad
889 811 994 848 aedes
1014 809 1250 861 Theophemi
1270 809 1433 847 accessi.
1491 810 1580 853 Quo

127 872 230 911 domi
251 887 330 912 non
356 874 526 917 invento,
541 874 640 926 jussi
661 874 857 911 mulierem
885 886 972 924 quae
996 872 1097 910 fores
1123 871 1293 922 pulsanti
1313 872 1581 923 responderat,

127 949 323 976 accersere
343 952 431 976 eum
452 939 672 989 ubicunque
693 944 819 981 esset;
847 950 945 982 eam,
966 949 1080 987 quam
1101 935 1163 973 isti
1185 935 1378 974 testificati
1394 943 1498 982 sunt,
1513 938 1582 975 ob-

127 999 260 1038 tulisse
279 1000 569 1052 Theophemum
599 1000 695 1038 etin
715 1000 968 1050 quaestionem
989 999 1081 1037 dare
1100 998 1269 1036 voluisse
1289 1011 1298 1035 ε
1328 1011 1400 1048 ego
1421 1012 1511 1036 vero
1532 1001 1580 1038 ab

127 1061 181 1099 eis
196 1063 367 1101 obtinere
389 1076 466 1101 non
495 1076 668 1114 possum,
697 1069 738 1099 ut
758 1075 826 1100 vos
847 1062 1047 1100 veritatem
1067 1060 1243 1107 audiatis,
1266 1066 1350 1098 uter
1379 1060 1482 1112 prior
1511 1075 1580 1113 per

124 1121 302 1175 injuriam
323 1125 431 1164 alteri
450 1139 586 1162 manus
607 1125 787 1163 attulerit.

181 1188 245 1224 ll.
277 1187 334 1225 Ut
352 1194 481 1225 autem
499 1187 601 1224 venit
628 1186 913 1238 Theophemus,
934 1186 1146 1224 accersitus
1179 1199 1202 1224 a
1230 1186 1399 1232 muliere,
1421 1187 1578 1237 postulo

124 1249 173 1286 ab
192 1262 238 1287 eo
257 1249 555 1300 descriptionem
577 1255 914 1295 armamentorum,
937 1249 1058 1294 aiens,
1089 1262 1149 1286 me
1179 1248 1260 1300 jam
1280 1248 1319 1286 in
1341 1261 1386 1286 eo
1419 1263 1506 1286 esse
1537 1257 1581 1288 ut

124 1309 326 1358 solverem,
345 1317 501 1348 ostenso
521 1310 555 1348 ei
575 1311 927 1349 senatusconsulto.
987 1311 1085 1355 Quae
1111 1311 1263 1349 dicente
1291 1324 1351 1349 me
1377 1324 1465 1349 cum
1488 1311 1581 1349 nihil

125 1372 318 1419 redderet,
338 1373 408 1411 sed
426 1373 664 1411 minitaretur
684 1380 723 1410 et
744 1373 919 1410 convicia
938 1373 1094 1420 diceret,
1110 1373 1230 1425 jubeo
1248 1386 1409 1424 puerum
1429 1386 1583 1420 vocare,

126 1433 157 1472 si
186 1447 282 1485 quos
310 1435 449 1473 civium
478 1435 625 1473 videret
655 1442 937 1486 praetereuntes
959 1435 1005 1472 de
1026 1435 1100 1480 via,
1120 1442 1162 1473 ut
1184 1435 1276 1472 mihi
1302 1442 1421 1473 testes
1450 1448 1582 1474 eorum

123 1503 253 1534 essent
271 1510 358 1547 quae
377 1497 609 1543 dicerentur,
630 1497 835 1548 denuoqfue
855 1497 1010 1549 postulo
1031 1511 1054 1535 a
1071 1496 1338 1548 Theophem0‚
1360 1505 1404 1535 ut
1422 1498 1479 1536 vel
1500 1498 1583 1549 ipse

124 1571 184 1596 me
214 1559 264 1596 ad
294 1559 431 1597 classis
461 1560 667 1611 praefectos
695 1567 920 1610 sequeretur
952 1566 991 1598 et
1024 1559 1073 1597 ad
1107 1560 1445 1610 senatum—quod
1479 1560 1510 1597 si
1539 1573 1581 1597 se

122 1620 265 1659 debere
285 1623 491 1674 quicquam
513 1629 685 1673 negaret,
705 1622 777 1661 illis
800 1623 837 1660 id
859 1623 1122 1674 persuaderet,
1145 1624 1209 1673 qui
1230 1623 1424 1661 debitores
1452 1623 1581 1661 trade-

122 1691 210 1722 rent
229 1691 268 1721 et
286 1698 357 1723 nos
375 1685 425 1723 ad
440 1685 673 1736 exigendum
695 1685 992 1736 cogerent—vel
1013 1694 1251 1723 armamenta
1267 1684 1466 1723 redderet:
1488 1685 1584 1722 alio-

122 1746 185 1796 qui
203 1759 264 1784 me
283 1747 446 1798 pignora
463 1754 664 1798 capturum
678 1751 787 1796 jussu
809 1755 848 1785 et
866 1747 993 1798 legum
1010 1755 1048 1785 et
1068 1748 1325 1786 decretorum.
1375 1748 1472 1784 Cum
1493 1759 1583 1785 vero

122 1809 203 1858 ipse
234 1808 328 1846 nihil
358 1809 455 1860 aequi
481 1816 665 1860 praestare
685 1809 816 1856 vellet,
836 1810 1028 1848 ducebam
1059 1810 1254 1847 mulierem
1278 1808 1383 1846 illam
1404 1810 1442 1846 in
1458 1809 1582 1860 janua

121 1876 285 1909 stantem
306 1884 394 1922 quae
413 1885 499 1909 eum
521 1873 776 1909 accersierat:
803 1883 919 1921 quam
942 1883 1031 1908 cum
1058 1870 1331 1921 Theophemus
1351 1871 1443 1908 mihi
1463 1871 1583 1922 eripe-

64 1928 68 1931 *
121 1938 314 1976 ret3‘tum
343 1945 418 1983 ego
444 1932 603 1970 muliere
630 1932 774 1970 omissa
798 1933 834 1970 in
863 1932 969 1970 aedes
999 1932 1207 1983 ingredior,
1229 1939 1271 1969 ut
1305 1932 1583 1984 supellectilem

119 1994 273 2047 pignori
300 1995 701 2046 obligarem—aperta
723 1994 823 2032 enim
844 2002 925 2032 erat
939 1996 1074 2045 janua,
1094 2008 1183 2032 cum
1211 1995 1359 2033 exisset
1377 1994 1582 2046 Theophe-

119 2070 205 2095 mus
225 2064 264 2095 et
282 2070 526 2108 regressurus
546 2063 714 2104 esset—‚
740 2056 938 2095 audieram
959 2057 1060 2096 enim
1089 2071 1176 2096 eum
1206 2071 1284 2096 non
1313 2058 1457 2096 habere
1486 2071 1583 2096 uxo-

121 2133 214 2158 rem.
249 2119 431 2170 Ingresso
451 2125 581 2157 autern
601 2118 692 2156 mihi
712 2119 918 2171 colaphum
937 2119 1114 2172 impingit
1145 2120 1182 2157 in
1207 2133 1250 2157 os
1279 2119 1554 2171 Theophemus
1573 2133 1581 2158 :

75 2221 83 2228 ,
121 2194 196 2232 ego
217 2194 321 2227 vero,
352 2187 520 2219 testatus
546 2194 612 2219 eos
631 2180 697 2232 qui
720 2180 896 2228 aderant,
917 2195 977 2219 me
997 2182 1181 2220 defendo.
1238 2182 1300 2219 An
1331 2189 1458 2220 autern
1491 2195 1582 2220 vera

123 2243 264 2288 dicam,
283 2249 323 2281 et
358 2243 459 2294 prior
485 2255 552 2295 per
583 2243 759 2295 injuriam
794 2243 1070 2295 Theophemus
1104 2243 1195 2281 mihi
1224 2257 1360 2282 manus
1397 2244 1581 2291 attulerit,

121 2318 200 2344 non
232 2304 306 2343 alio
338 2312 568 2356 argumento
602 2305 918 2356 cognoscendum
955 2319 1043 2343 esse
1075 2318 1173 2352 reor,
1206 2318 1323 2356 quam
1353 2319 1373 2343 e
1407 2305 1583 2357 muliere,

120 2379 237 2419 quam
261 2373 380 2405 testes
412 2366 591 2405 dixerunt
624 2366 917 2419 Theophemum
947 2367 1117 2405 voluisse
1155 2368 1322 2406 tradere.
1381 2368 1437 2406 Eo
1472 2367 1581 2406 testi-

123 2429 252 2468 monio
272 2430 401 2468 nitens
422 2430 524 2481 prior
553 2430 767 2482 ingressus,
795 2443 871 2468 non
906 2430 1119 2482 excipiente
1150 2443 1212 2468 me
1243 2444 1368 2481 neque
1393 2430 1583 2483 judicium

121 2491 338 2538 differente,
369 2492 475 2543 quod
493 2492 598 2543 prius
626 2492 742 2530 etiam
763 2506 818 2530 eae
838 2505 898 2530 res
923 2492 962 2530 in
983 2493 1217 2544 aliojudicio
1237 2493 1328 2530 mihi
1357 2500 1583 2539 nocuerant,

121 2554 277 2606 decepit
300 2554 469 2603 judices,
501 2554 683 2601 dicendo,
702 2568 800 2605 quos
831 2568 904 2606 ego
932 2555 1200 2607 produxissem
1222 2563 1357 2602 testes,
1386 2569 1452 2593 eos
1474 2569 1580 2593 men-

119 2615 180 2654 tiri
193 2629 204 2660 ;
234 2615 430 2654 mulierem
452 2623 579 2654 autem
603 2616 880 2668 quaestionibus
901 2616 1041 2655 habitis
1061 2630 1151 2655 vera
1171 2617 1373 2656 dicturam.
1432 2618 1583 2659 Quibus

122 2683 251 2716 autem
270 2678 398 2717 verbis
417 2685 499 2716 tum
521 2679 795 2725 abutebantur,
815 2679 861 2717 iis
882 2679 1075 2718 contraria
1095 2679 1224 2718 facere
1246 2694 1349 2718 nunc
1373 2692 1449 2717 non
1470 2679 1584 2717 dubi-

122 2746 219 2778 tant.
275 2740 483 2779 Mulierem
504 2741 619 2787 enim,
643 2755 748 2793 saepe
771 2742 852 2793 jam
881 2743 1129 2793 postulatam,
1150 2751 1379 2793 extorquere
1400 2756 1476 2781 non
1498 2756 1583 2795 pos-

123 2808 285 2847 sum,ut
315 2815 337 2841 e
363 2804 525 2842 testibus
556 2803 771 2843 audivistis.
828 2805 1020 2846 Quoniam
1048 2805 1164 2855 igitur
1196 2804 1249 2842 illi
1275 2804 1473 2842 mulierem
1503 2818 1580 2843 non

123 2863 295 2910 tradunt,
317 2878 433 2916 quam
466 2866 697 2917 semetipsos
718 2867 903 2904 obtulisse
924 2867 1073 2912 dicunt,
1101 2880 1174 2917 ego
1202 2867 1415 2917 producam
1448 2874 1582 2912 testes,

121 2925 186 2977 qui
207 2938 268 2963 me
286 2926 449 2977 priorem
469 2929 709 2966 verberatum
724 2928 904 2967 viderunt
923 2942 946 2966 a
964 2929 1217 2979 Theophemo
1235 2941 1243 2965 :
1276 2941 1323 2966 ea
1342 2941 1433 2967 vero
1448 2930 1582 2967 verbe-

125 2988 220 3027 ratio
239 2995 312 3035 est‚
331 2988 362 3027 si
382 2989 467 3040 quis
495 2990 597 3042 prior
621 3003 689 3042 per
714 2991 891 3041 injuriam
919 2991 1028 3029 alteri
1059 3004 1192 3029 manus
1222 2990 1406 3038 attulerit,
1433 2992 1466 3030 ci
1485 3005 1583 3043 pra*-
