1948 3306
318 147 367 181 80
791 143 851 181 IN
882 143 1331 182 CTESIPHONTEM.

955 314 1141 352 LEGES.

320 419 421 456 Cum
441 419 558 469 igitur
576 431 644 457 vos
665 419 865 471 decepturi
880 419 1024 466 dicent,
1043 418 1284 470 adscriptum
1299 430 1383 456 esse
1398 417 1476 468 legi
1490 417 1606 455 licere
1620 417 1786 468 aliquem

320 493 466 520 corona
493 480 652 528 donare,
674 482 702 520 si
726 482 892 533 populus
923 482 1090 528 sciverit,
1117 481 1234 520 facite
1263 481 1373 519 vobis
1399 481 1437 517 in
1464 486 1632 518 mentem
1659 480 1791 518 veniat

319 544 523 593 subjicere,
558 544 624 582 ita
662 557 678 581 s
695 557 801 589 ane,
838 543 876 580 si
915 557 1011 594 qua
1049 551 1092 582 te
1131 544 1228 581 alia
1265 543 1445 581 civitas
1482 542 1788 585 coronarit;

319 604 397 641 sin
435 605 669 656 populus
707 603 1089 650 Atheniensis,
1126 605 1455 655 designatus
1501 602 1596 640 tibi
1633 603 1789 640 locus

319 673 413 717 est,
452 667 536 704 ubi
575 667 624 704 id
664 666 780 703 fieri
815 672 1079 716 oporteat.
1140 665 1504 704 Interdictum
1544 664 1646 702 tibi
1695 669 1790 710 est,
1830 673 1836 684 ¹

319 741 381 765 ne
415 735 568 778 extra
601 727 898 765 concionem
930 727 1261 778 praediceris.
1310 727 1412 765 Nam
1438 740 1484 765 ea
1511 727 1631 764 verba
1659 725 1790 763 alibi

320 797 490 827 autem
530 803 593 826 nu
609 803 664 840 sq
680 802 790 826 uam
823 789 914 839 quid
948 789 1019 827 sibi
1048 788 1183 835 velint,
1222 794 1347 827 totum
1389 789 1491 826 diem
1528 789 1637 826 dicas
1674 787 1790 825 licet:

319 864 518 900 nunquam
549 857 652 889 certe
673 851 858 888 ostendes
888 857 924 888 te
954 851 1153 888 decretum
1183 851 1381 901 scripsisse
1410 850 1563 901 legibus
1586 856 1791 888 consenta-

322 927 452 951 neum.

375 976 438 1012 19.
469 974 610 1012 Restat
631 988 734 1013 nunc
756 975 848 1013 mihi
868 976 1129 1013 accusationis
1150 988 1254 1025 pars,
1274 976 1314 1012 in
1342 988 1420 1025 qua
1438 974 1648 1026 plurimum
1674 973 1792 1012 studii

317 1037 484 1076 colloco.
517 1037 574 1074 Ea
603 1050 718 1087 porro
740 1044 799 1075 est
820 1050 953 1082 causa,
975 1043 1133 1087 propter
1162 1049 1280 1086 quam
1309 1036 1428 1073 istum
1458 1049 1602 1074 corona
1631 1036 1795 1086 dignum

320 1097 524 1137 arbitratur
546 1098 753 1147 Ctesiphon.
795 1099 855 1136 Ita
872 1098 973 1136 enirn
994 1098 1033 1135 in
1055 1098 1215 1135 decreto
1236 1098 1367 1135 scribit
1383 1111 1393 1135 z
1423 1112 1443 1136 e
1456 1104 1472 1135 t
1498 1111 1523 1148 p
1537 1111 1554 1135 r
1566 1111 1600 1135 ae
1614 1111 1634 1136 c
1650 1111 1673 1135 0
1686 1110 1741 1135 ne
1754 1109 1793 1134 m

322 1162 369 1198 in
403 1161 617 1208 theatro
654 1174 826 1199 coram
860 1160 1059 1198 Graecis
1097 1160 1457 1211 pronuntiare,
1492 1159 1736 1197 Demosth
1752 1172 1793 1197 e-

321 1236 436 1262 nem
474 1236 497 1261 a
533 1224 728 1275 populo
766 1222 1073 1261 Atheniensi
1111 1236 1303 1261 corona
1342 1221 1525 1260 donari
1561 1222 1791 1260 virtutis

320 1298 445 1336 ergo
480 1299 534 1324 ac
568 1285 881 1323 fortitudini
898 1299 915 1322 s
952 1298 972 1322 e
988 1292 1004 1322 t
1038 1284 1146 1335 quod
1169 1291 1232 1321 est
1250 1283 1422 1321 omniurn
1442 1282 1651 1320 maximum
1671 1283 1795 1334 quia

321 1347 420 1385 illa
446 1354 494 1385 et
523 1347 704 1396 dicere
739 1353 778 1384 et
805 1347 886 1384 fac
905 1359 992 1384 ere
1031 1359 1130 1384 non
1168 1345 1408 1383 desistat
1446 1358 1558 1396 quae
1595 1345 1793 1396 populo

321 1423 374 1447 su
389 1424 413 1446 n
429 1416 444 1447 t
471 1424 496 1446 u
510 1410 543 1446 ti
558 1409 624 1446 lis
640 1410 731 1447 sim
746 1421 780 1446 a.
820 1409 910 1446 Jam
937 1422 1028 1446 vero
1056 1408 1218 1459 simplex
1240 1408 1398 1445 omnino
1417 1408 1457 1444 in
1476 1413 1674 1458 posterum
1703 1407 1795 1445 mihi

321 1472 393 1510 erit
413 1471 560 1516 oratio,
594 1471 783 1521 vobisque
813 1470 1064 1507 audientibus
1093 1470 1292 1507 intellectu
1318 1483 1364 1508 ac
1387 1469 1570 1520 judicatu
1598 1460 1795 1507 facillima.

323 1534 391 1571 Me
412 1533 515 1570 enim
538 1532 604 1583 qui
633 1545 776 1570 accuso
797 1532 947 1569 scilicet
966 1532 1171 1569 ostendere
1193 1537 1360 1582 oportet,
1392 1531 1512 1581 falsas
1543 1544 1628 1569 esse
1658 1530 1795 1569 laudes

321 1608 409 1645 quae
432 1594 693 1632 Demostheni
719 1594 956 1640 tribuuntur,
976 1607 1142 1645 eumque
1163 1607 1291 1644 neque
1311 1593 1455 1645 optima
1475 1594 1604 1632 dicere
1623 1607 1795 1645 unquam

320 1656 495 1706 coepisse,
518 1669 645 1707 neque
661 1658 743 1706 jam
763 1656 801 1694 in
823 1656 868 1694 iis
888 1657 1052 1707 agendis
1073 1670 1159 1707 quae
1177 1656 1324 1694 civitati
1342 1662 1506 1707 prosunt
1533 1669 1794 1707 perseverare.

324 1718 440 1761 Quod
461 1718 492 1755 si
511 1717 597 1755 haec
617 1718 784 1765 evicero,
805 1718 893 1769 jure
913 1718 1088 1756 nimirum
1111 1731 1234 1756 causa
1252 1718 1368 1756 cadet
1388 1717 1628 1769 Ctesiphon:
1661 1731 1794 1757 omnes

321 1780 422 1817 enim
460 1780 568 1830 leges
597 1786 743 1827 vetant,
773 1794 821 1817 ne
855 1781 941 1831 quis
974 1780 1012 1817 in
1055 1781 1223 1818 decretis
1254 1780 1420 1831 publicis
1450 1779 1552 1817 falsa
1581 1781 1795 1831 perscribat

322 1841 478 1891 scripta.
510 1841 594 1879 Reo
614 1848 743 1879 autem
764 1841 879 1891 hujus
905 1841 1141 1879 contrarium
1161 1848 1223 1879 est
1241 1841 1543 1879 ostendendum.
1583 1841 1662 1878 Vos
1682 1842 1794 1879 nobis

323 1903 425 1940 eritis
446 1916 578 1940 eorum
609 1916 697 1953 quae
717 1903 896 1952 utrinque
923 1902 1099 1939 dicentur
1120 1902 1290 1952 judices.
1330 1902 1460 1951 Atque
1491 1902 1545 1939 ita
1573 1902 1729 1952 quidem
1750 1915 1793 1941 se

324 1977 384 2002 res
409 1965 541 2002 habet.

377 2028 442 2063 20.
473 2026 679 2064 Enimvero
709 2033 830 2064 totam
851 2026 1130 2064 Demosthenis
1153 2027 1270 2063 vitam
1296 2031 1478 2063 excutere
1507 2025 1695 2076 longioris
1715 2038 1791 2077 ego

321 2088 507 2126 orationis
518 2101 615 2138 opus
630 2101 718 2125 esse
733 2088 909 2125 arbitror.
932 2088 1034 2131 Quid
1051 2089 1153 2126 enim
1168 2101 1271 2125 nunc
1284 2088 1360 2125 ista
1374 2100 1689 2133 commemorem,
1706 2101 1794 2138 quae

321 2150 375 2187 illi
394 2150 432 2187 in
450 2150 602 2187 actione
619 2149 787 2187 vulneris
808 2149 1050 2195 acciderunt,
1067 2163 1154 2187 cum
1172 2150 1210 2186 in
1231 2149 1482 2200 Areopagum
1499 2149 1632 2187 citavit
1647 2150 1793 2188 Demo-

323 2212 463 2249 melem
484 2211 766 2256 Paeaniensem,
788 2211 1063 2249 consobrinum
1085 2224 1212 2256 suum,
1232 2217 1356 2262 utque
1376 2212 1450 2260 ipse
1473 2211 1542 2248 sibi
1560 2217 1679 2262 caput
1698 2211 1794 2249 inci-

323 2273 449 2311 derit?
478 2273 570 2323 quid
587 2287 634 2311 ea
651 2287 739 2324 quae
761 2273 799 2311 in
814 2273 1072 2324 Cephisodoti
1087 2274 1331 2325 praefectura,
1353 2273 1481 2311 classe
1499 2274 1539 2311 in
1555 2273 1794 2325 Hellespon-

323 2343 406 2372 tum
421 2335 608 2386 profecta,
621 2336 864 2386 contigerunt,
880 2348 959 2387 quo
973 2342 1143 2386 tempore
1159 2335 1459 2382 Demosthenes,
1474 2348 1564 2373 curn
1576 2349 1677 2373 unus
1691 2342 1796 2373 esset

324 2411 370 2435 ex
390 2397 624 2444 trierarchis,
644 2403 683 2435 et
703 2410 773 2435 sua
790 2410 888 2435 nave
908 2398 1048 2435 ducem
1062 2398 1381 2444 circumveheret,
1397 2410 1476 2435 una
1495 2410 1582 2435 cum
1598 2409 1645 2435 eo
1661 2410 1793 2435 vesce-

323 2467 440 2504 retur,
455 2458 703 2502 sacrificaret,
720 2458 869 2504 libaret,
887 2471 1053 2508 eumque
1069 2458 1255 2497 honorem
1268 2465 1476 2510 propterea
1491 2459 1596 2509 quod
1611 2464 1795 2509 paternus

324 2522 357 2559 ei
374 2521 520 2559 amicus
540 2526 621 2558 erat
634 2526 951 2570 consequeretur,
968 2533 1046 2557 non
1066 2520 1258 2558 dubitavit
1273 2527 1419 2568 tamen,
1435 2534 1523 2558 curn
1542 2520 1572 2557 is
1593 2519 1697 2557 laesae
1711 2532 1795 2558 ma-

316 2584 473 2634 jestatis
487 2596 575 2621 reus
587 2583 625 2620 in
635 2582 825 2632 judicium
840 2582 978 2633 capitis
992 2588 1098 2620 esset
1110 2582 1319 2628 adductus,
1334 2589 1599 2622 accusatorem
1613 2594 1699 2619 sese
1709 2582 1793 2633 ejus

325 2646 522 2697 profiteri?
552 2645 644 2696 quid
666 2659 712 2683 ea
731 2658 817 2696 quae
838 2645 911 2696 ipsi
929 2658 1018 2682 curn
1055 2645 1179 2682 Midia
1206 2646 1500 2689 intercesserunt,
1523 2650 1562 2681 et
1589 2644 1793 2695 colaphos,

325 2721 423 2759 quos
444 2709 482 2745 in
502 2707 703 2746 orchestra
723 2707 840 2745 choro
857 2707 1067 2757 praefectus
1084 2707 1243 2757 accepit,
1263 2713 1382 2757 utque
1397 2712 1436 2744 et
1455 2705 1633 2757 injuriam
1651 2706 1722 2743 sibi
1741 2706 1797 2744 fa-

324 2777 426 2808 ctam
442 2778 481 2808 et
494 2770 626 2821 populi
642 2770 753 2807 simul
766 2770 955 2820 judicium
969 2769 1268 2815 damnatorium,
1287 2770 1324 2806 in
1339 2769 1485 2820 templo
1501 2768 1648 2806 Bacchi
1660 2775 1797 2807 contra

326 2832 487 2869 Midiam
508 2832 814 2883 pronuntiatum,
832 2831 992 2881 triginta
1013 2832 1124 2869 minis
1146 2830 1395 2869 vendiderit?
1426 2830 1524 2868 Haec
1544 2830 1659 2881 igitur
1677 2837 1794 2881 atque

326 2893 400 2930 alia
425 2894 485 2931 his
516 2894 657 2931 similia
683 2901 787 2934 recte
825 2893 918 2930 mihi
948 2893 1081 2932 videor
1109 2906 1195 2931 esse
1225 2893 1379 2931 silentio
1415 2893 1691 2944 praeteriturus,
1705 2903 1795 2931 ‘non
