1948 3306
325 202 402 240 608
714 201 1006 242 ADVERSUS
1037 200 1392 241 PHAENIPPUM.

869 399 1249 438 DECLARATIO.

377 493 415 532 9.
445 494 611 541 Auditis,
649 495 825 542 Judices,
864 494 1067 546 Pamphilo
1104 495 1230 547 inquit
1261 501 1299 534 et
1332 493 1507 533 Philoleo
1536 493 1786 535 Rhamnusiis

326 557 582 595 communiter
601 557 790 595 talentum
814 571 861 595 ex
879 557 999 595 fundo
1020 557 1159 604 debeo,
1179 564 1219 596 et
1239 557 1414 595 Aiacidae
1435 557 1621 609 Phlyensi
1651 565 1789 609 quater

323 618 428 656 mille
463 618 682 665 drachmas,
710 626 749 657 et
779 619 1015 658 Aristomeni
1050 620 1293 672 Anagyrasio
1324 619 1618 670 quatuordecim
1651 620 1788 659 minas.
1822 628 1827 641 ⁸

325 680 587 734 Quamobrem
615 680 745 732 igitur,
766 681 995 733 Phaenippe,
1016 694 1102 720 cum
1125 694 1199 732 ego
1228 681 1393 720 testibus
1414 681 1594 720 adductis
1614 689 1651 720 te
1672 682 1790 720 inter-

323 755 514 795 rogarem,
536 743 714 794 nunquid
745 743 904 782 deberes
939 750 1095 795 propter
1120 743 1299 789 fundum,
1331 750 1370 782 et
1389 744 1565 795 juberem
1585 745 1790 783 ostendere

322 804 475 843 libellos
495 805 644 844 indices
675 806 706 843 si
737 806 803 857 qui
831 807 930 845 forte
951 805 1147 852 adessent,
1167 813 1205 844 et
1225 813 1348 844 testes
1369 806 1606 854 adhiberem,
1632 819 1682 845 ne
1699 807 1792 845 mihi

323 874 461 918 postea
479 867 602 906 fictitii
627 868 837 907 creditores
859 869 1105 913 exsisterent,
1128 876 1208 906 tum
1228 868 1376 906 nullum
1397 882 1450 907 aes
1470 869 1639 907 alienum
1661 869 1794 908 decla-

324 929 442 968 rasti:
472 936 676 981 postquam
705 938 835 970 autem
863 931 1038 971 secundo
1068 944 1204 969 mense
1224 931 1316 969 mihi
1342 931 1646 970 declarationem
1674 932 1793 970 tradi-

324 991 429 1037 disti,
449 991 715 1044 legejubente
748 993 787 1030 id
814 993 915 1031 intra
940 993 1111 1031 triduum
1140 994 1234 1039 fieri,
1254 1007 1359 1032 nunc
1389 993 1550 1031 veniunt
1568 993 1792 1039 creditores,

325 1060 364 1092 et
383 1052 436 1092 aes
457 1053 623 1092 alienum
639 1055 803 1106 amplius
820 1055 931 1093 trium
948 1055 1212 1094 talentorum?
1242 1055 1357 1101 Quia,
1369 1056 1472 1093 bone
1490 1055 1561 1102 vir,
1575 1055 1669 1094 nihil
1688 1055 1794 1094 aliud

324 1115 455 1162 struis,
476 1115 549 1163 nisi
570 1123 610 1154 ut
628 1125 814 1168 quantum
836 1131 909 1170 ego
935 1118 1094 1170 publice
1125 1118 1260 1156 aerario
1281 1119 1418 1164 debeo,
1439 1118 1671 1156 tantundem
1694 1125 1733 1156 et
1752 1126 1795 1157 tu

323 1179 500 1230 privatim
523 1179 684 1218 debeas.
737 1181 898 1219 Mentiri
920 1188 958 1220 te
979 1189 1125 1228 autem,
1147 1181 1375 1233 Phaenippe,
1393 1188 1431 1218 et
1449 1194 1538 1219 cum
1558 1181 1724 1232 perjurio
1745 1181 1797 1220 ad

325 1241 397 1279 hos
417 1241 563 1288 venire,
588 1248 627 1280 te
662 1242 862 1281 manifeste
892 1244 1136 1282 convincam.
1194 1244 1303 1295 Cape
1334 1242 1438 1288 mihi,
1462 1242 1602 1289 scriba,
1622 1243 1796 1282 Aiacidae

326 1310 365 1342 et
382 1304 578 1342 Theotelis
600 1304 879 1352 testimonium,
898 1306 1038 1356 quibus
1059 1306 1132 1343 iste
1155 1319 1195 1344 se
1219 1312 1357 1357 quater
1375 1305 1480 1343 mille
1500 1304 1707 1344 drachmas
1728 1305 1798 1344 de-

324 1366 414 1403 bere
434 1365 533 1404 falso
552 1367 759 1418 inscripsit,
780 1374 895 1419 atque
915 1368 1006 1406 olim
1027 1367 1208 1415 reddidit,
1229 1382 1306 1407 non
1329 1368 1446 1415 ultro,
1465 1367 1535 1406 sed
1557 1367 1707 1421 judicio
1727 1367 1797 1406 da-

328 1430 500 1467 mnatus.
557 1429 710 1468 Recita.

856 1576 1264 1615 TESTIMONIUM.

388 1671 451 1708 10.
482 1670 646 1716 Eumne,
666 1671 840 1718 Judices,
859 1671 924 1722 qui
944 1671 998 1709 ita
1016 1672 1144 1722 palam
1167 1672 1207 1710 in
1233 1671 1412 1710 omnibus
1441 1672 1584 1725 injuste
1615 1673 1704 1712 fecit
1732 1674 1800 1712 de-

320 1731 592 1779 clarationem,
612 1733 677 1784 qui
706 1746 832 1785 neque
863 1734 996 1785 legum
1022 1734 1142 1772 ullam
1176 1734 1365 1772 rationem
1385 1734 1534 1781 habuit,
1556 1749 1644 1787 quae
1662 1736 1803 1774 diffini-

330 1802 441 1834 erunt
461 1796 563 1834 intra
588 1809 677 1847 quae
700 1803 877 1848 tempora
906 1796 1117 1835 declaratio
1145 1796 1322 1834 facienda
1340 1796 1403 1843 sit,
1422 1810 1548 1847 neque
1567 1797 1802 1848 privatarum

329 1858 570 1909 pactionum,
603 1871 701 1908 quas
730 1872 841 1909 aeque
870 1859 1000 1896 firmas
1032 1858 1316 1901 existimamus;
1358 1864 1559 1909 praeterea,
1592 1859 1658 1910 qui
1689 1861 1803 1911 signa

330 1920 572 1958 conclavium
594 1921 757 1971 aperuit,
775 1928 815 1959 et
829 1921 1066 1959 frumentum
1086 1921 1205 1959 domo
1220 1920 1440 1973 exportavit
1458 1927 1497 1959 et
1514 1921 1668 1967 vinum;
1686 1929 1804 1973 atque

331 1981 488 2034 insuper
519 1982 721 2020 materiam
751 1983 983 2021 aestimatam
1015 1989 1102 2034 post
1132 1983 1456 2034 permutationem
1487 1982 1678 2030 vendidit,
1715 1996 1804 2035 quae

332 2044 454 2095 pluris
474 2058 591 2096 quam
611 2044 770 2097 triginta
789 2045 978 2083 minarum
998 2044 1091 2089 fuit:
1121 2051 1161 2083 et
1180 2045 1287 2096 quod
1307 2045 1480 2084 omnium
1505 2044 1731 2093 maximum,
1751 2059 1804 2084 aes

333 2106 504 2145 alienum
523 2115 765 2146 commentus
785 2115 844 2146 est
863 2107 1160 2159 permutationis
1176 2107 1321 2159 gratia:
1351 2120 1438 2147 eum
1452 2110 1559 2156 juste
1578 2106 1717 2145 fecisse
1737 2108 1805 2146 de-

334 2169 585 2209 clarationem
600 2170 929 2222 pronunciabitis?
966 2169 1127 2208 Minime
1147 2183 1252 2217 vero,
1271 2161 1294 2209 J
1301 2169 1448 2209 udices.
1493 2170 1583 2214 Quo
1601 2169 1702 2208 enim
1719 2183 1804 2209 ver-

334 2237 416 2270 tere
433 2245 474 2271 se
485 2232 684 2271 debebitis
700 2233 763 2271 cui
776 2233 813 2271 in
830 2233 1025 2271 sententia
1041 2241 1172 2271 vestra
1188 2232 1360 2284 praesidii
1379 2232 1472 2270 nihil
1489 2233 1573 2280 erit,
1586 2232 1618 2270 si
1629 2232 1805 2271 homines

336 2292 475 2331 divites
495 2299 535 2331 et
554 2307 755 2345 nunquam
774 2294 823 2332 de
843 2294 954 2332 vobis
973 2295 1073 2332 bene
1092 2295 1231 2342 meriti,
1250 2294 1418 2332 multum
1439 2301 1479 2333 et
1496 2295 1653 2346 frugum
1671 2302 1710 2333 et
1728 2295 1807 2333 vini

334 2355 606 2406 percipientes,
625 2355 743 2407 idque
775 2356 891 2407 triplo
914 2355 1035 2407 pluris
1063 2369 1180 2407 quam
1210 2356 1316 2407 prius
1345 2356 1619 2403 distrahentes,
1649 2356 1807 2395 meliore

335 2415 481 2454 fuerint
509 2417 614 2468 apud
633 2431 702 2456 vos
725 2417 973 2456 conditione?
1003 2418 1120 2462 Quod
1149 2419 1304 2457 minime
1331 2432 1436 2457 nunc
1462 2419 1544 2457 fieri
1571 2419 1706 2458 debet:
1737 2419 1807 2458 sed

337 2478 669 2529 quemadmodum
682 2480 836 2532 publice
846 2480 1003 2532 juvistis
1020 2493 1156 2519 omnes
1172 2495 1238 2520 eos
1253 2482 1320 2533 qui
1334 2481 1372 2520 in
1387 2481 1529 2520 fodinis
1544 2481 1737 2528 laborant,
1753 2483 1806 2521 sic

338 2547 378 2579 et
396 2541 573 2593 privatim
597 2555 658 2580 me
673 2544 848 2593 juvatote
869 2556 989 2581 nunc.
1039 2543 1214 2590 Etenim,
1235 2544 1266 2582 si
1286 2557 1433 2590 servus,
1452 2558 1530 2582 non
1551 2543 1645 2583 civis
1665 2551 1809 2593 vester,

339 2615 481 2651 essem,
513 2603 595 2642 visa
623 2604 814 2643 industria
846 2618 934 2643 mea
963 2612 1003 2643 et
1037 2605 1165 2643 studio
1202 2619 1296 2657 erga
1322 2619 1404 2653 vos,
1436 2605 1714 2644 sublevassetis
1746 2620 1808 2645 me

338 2666 568 2718 sumptibus,
594 2673 634 2705 et
661 2658 826 2719 aliquem
852 2668 969 2707 alium
997 2668 1201 2719 fugitivum
1224 2668 1636 2721 comprehendissetis;
1668 2668 1807 2708 eodem

340 2727 472 2773 modo,
491 2728 557 2767 ubi
577 2728 649 2767 tria
667 2730 815 2768 talenta
843 2730 995 2769 solvero
1014 2744 1100 2781 quae
1123 2731 1261 2777 debeo,
1282 2737 1322 2769 et
1339 2731 1438 2770 vires
1459 2744 1706 2783 recuperare,
1725 2745 1808 2770 rur-

343 2801 408 2828 sus
428 2790 628 2830 sublevato
647 2792 874 2831 calamitoso
895 2792 1037 2844 aliquo,
1058 2793 1109 2831 ad
1128 2806 1189 2831 me
1209 2806 1365 2844 quoque
1385 2793 1565 2832 venietis:
1596 2806 1699 2845 nunc
1718 2807 1808 2833 vero

340 2865 403 2890 me
424 2853 585 2893 missum
612 2861 656 2894 ut
684 2854 850 2902 faciatis,
870 2868 1006 2894 omnes
1028 2868 1096 2894 vos
1117 2869 1198 2904 oro,
1217 2856 1392 2904 Judices,
1413 2863 1465 2904 et,
1484 2869 1575 2895 cum
1604 2869 1718 2909 aequa
1751 2857 1809 2896 di·

343 2914 475 2961 xerim,
494 2929 630 2967 precor
649 2923 693 2955 ut
712 2930 772 2956 me
787 2916 947 2968 juvetiS,
963 2923 1002 2956 et
1020 2919 1068 2956 ab
1089 2918 1171 2956 istis
1191 2919 1375 2970 exagitari
1392 2931 1441 2956 ne
1458 2918 1671 2970 patiamini.
