1965 3356
432 219 492 257 IN
522 219 797 258 EVERGUM
829 219 895 257 ET
924 218 1308 258 MNESIBULUM.
1523 223 1600 261 659

141 322 295 362 strictos
314 323 564 374 magistratus
599 337 622 362 a
649 324 776 375 priore
801 323 1027 374 magistratu
1053 324 1281 374 accepisset,
1305 326 1413 364 nobis
1439 327 1602 366 eosdem

137 384 298 424 tradidit
325 392 369 423 ut
399 391 438 423 et
462 384 524 423 lex
551 392 590 423 et
609 385 766 423 decreta
790 385 1043 423 mandabant.
1103 385 1181 423 Eos
1199 386 1314 436 igitur
1334 388 1423 426 mihi
1443 402 1602 427 necesse

136 446 211 485 fuit
240 446 432 498 accipere,
462 461 552 485 nam
577 461 666 485 cum
699 447 959 498 superioribus
987 447 1224 499 temporibus
1255 449 1396 487 multas
1431 451 1601 490 triremes

136 507 247 546 vobis
267 508 527 553 instruxerim,
549 522 744 559 nunquam
771 523 790 547 e
821 509 947 547 navali
975 516 1214 547 armamenta
1241 511 1401 561 sumpsi,
1422 513 1490 549 sed
1520 515 1602 564 ipse

135 571 312 622 privatim
349 571 498 621 quoties
525 584 621 622 opus
651 571 726 610 fuit
762 572 994 623 comparaxi,
1017 580 1058 609 ut
1085 585 1172 610 cum
1205 574 1340 624 repub.
1371 574 1462 611 mihi
1485 589 1602 625 quam

136 633 336 670 minimum
355 633 497 683 negotii
517 640 646 671 esset:
689 641 769 671 tum
795 648 885 672 vero
917 641 956 672 et
985 635 1152 673 decretis
1182 641 1222 672 et
1252 636 1403 686 legibus
1425 638 1600 687 accipere

136 696 316 745 cogebar.
375 695 428 732 Ut
456 702 582 733 autem
616 695 700 734 haec
720 709 743 734 a
762 709 822 734 me
843 709 931 734 vere
958 697 1032 735 dici
1055 704 1221 741 constet,
1243 705 1282 736 et
1315 706 1434 736 testes
1463 698 1600 736 horum

135 756 257 802 vobis,
277 763 317 794 et
334 757 530 795 decretum
547 765 586 795 et
604 757 745 809 legem,
766 758 955 797 exhibebo
973 773 981 797 :
1013 759 1166 805 deinde,-
1186 761 1453 810 magistratum
1474 761 1601 812 ipsum

135 817 202 868 qui
229 825 268 856 et
296 831 380 856 eam
401 819 492 857 mihi
511 819 748 871 provinciam
768 820 926 859 tradidit
946 829 985 859 et
1004 834 1074 859 nos
1105 820 1142 858 in
1157 821 1348 870 judicium
1369 822 1600 861 introduxit:

135 879 290 928 deinde,
310 880 447 919 classis
480 881 564 933 ejus
584 889 798 929 consortes,
819 886 930 932 quus
957 896 1030 935 ego
1058 890 1212 922 curator
1242 890 1282 921 et
1300 884 1510 935 praefectus
1531 885 1599 922 fui.

136 940 251 993 Lege.

376 1088 499 1128 LEX.
556 1088 887 1128 DECRETUM.
942 1072 1350 1130 TESTIMONIUM.

134 1183 233 1221 Mihi
252 1184 368 1236 igitur
388 1184 546 1223 omnino
565 1198 726 1224 necesse
745 1184 862 1222 fuisse
884 1184 1081 1235 suscipere
1113 1198 1180 1223 eos
1211 1187 1277 1236 qui
1302 1187 1448 1238 reipub.
1480 1187 1601 1226 debe·

132 1248 242 1294 bant,
258 1253 298 1285 et
317 1260 338 1285 e
357 1247 446 1298 lege
461 1246 607 1285 'auditis
639 1254 679 1285 et
705 1260 727 1285 e
759 1245 952 1284 decretis:
994 1259 1054 1284 me
1084 1246 1200 1285 etiam
1229 1248 1426 1299 accepisse
1459 1249 1545 1288 illos
1580 1263 1603 1288 a

133 1309 377 1361 magistratu,
398 1309 430 1347 is
451 1309 516 1361 qui
537 1322 604 1348 eos
619 1308 712 1346 mihi
726 1308 884 1347 tradidit
903 1308 1132 1347 testificatus
1151 1315 1221 1347 est.

188 1374 226 1409 8.
254 1371 422 1410 Proinde
451 1384 522 1423 par
550 1379 622 1418 est,
643 1371 820 1418 Judices,
842 1378 885 1408 ut
908 1384 978 1409 vos
1006 1372 1053 1409 ab
1086 1370 1195 1409 initio
1227 1371 1493 1420 consideretis,
1523 1375 1600 1425 pri-

132 1447 252 1480 mum,
273 1448 397 1486 egone
417 1435 575 1486 injurius
588 1435 725 1472 fuerim
745 1434 810 1486 qui
826 1435 993 1485 cogebar
1012 1447 1106 1472 vasa
1124 1434 1281 1485 exigere
1298 1448 1320 1472 a
1335 1435 1599 1488 Theophemo,

134 1509 183 1535 an
209 1496 499 1549 Theophemus,
519 1498 586 1549 qui
605 1504 845 1535 armamenta
865 1496 1012 1548 reipub.
1034 1497 1152 1548 longo
1174 1504 1348 1548 tempore
1370 1498 1501 1538 debita
1520 1513 1600 1538 non

131 1559 330 1597 reddebat.
378 1560 495 1604 Quod
526 1561 558 1597 si
586 1559 741 1610 singula
761 1559 1000 1611 spectabitis,
1020 1566 1060 1597 et
1091 1559 1389 1611 Theophemum
1417 1562 1456 1598 in
1477 1563 1599 1600 omni-

131 1622 206 1660 bus
227 1621 406 1673 injurium
422 1622 557 1666 fuisse,
573 1628 613 1659 et
631 1621 716 1659 haec
735 1635 811 1660 non
833 1635 856 1659 a
874 1635 935 1659 me
952 1622 1077 1659 solum
1093 1622 1216 1659 verbis
1242 1622 1449 1673 explicata,
1472 1625 1541 1663 sed
1561 1633 1602 1664 et

132 1692 291 1723 senatus
311 1692 351 1722 et
364 1684 501 1736 judicii
522 1683 706 1735 suffragio
726 1684 885 1722 decreta
903 1697 989 1722 esse
1010 1684 1218 1735 reperietis.
1269 1685 1368 1722 Cum
1389 1687 1491 1724 enim
1511 1701 1600 1726 eum

133 1760 157 1786 a
180 1748 407 1798 magistratu
438 1746 690 1798 accepissem,
711 1748 870 1794 accessi,
899 1753 938 1784 et
963 1747 1126 1798 primum
1148 1759 1240 1784 vasa
1271 1748 1489 1798 postulavi:
1521 1763 1599 1800 quo

132 1808 272 1856 facto)
283 1823 370 1847 cum
392 1809 457 1848 ille
487 1809 581 1846 nihil
615 1809 809 1856 redderet,
831 1809 999 1860 mihique
1026 1816 1162 1861 postea
1183 1823 1303 1860 prope
1326 1811 1600 1850 Mercurialem

131 1878 300 1911 statuam
319 1885 406 1923 quae
424 1871 475 1910 ad
495 1871 694 1910 Portulam
716 1879 778 1910 est
797 1871 1042 1918 occurrisset,
1063 1885 1149 1909 eum
1169 1871 1218 1910 ad
1237 1872 1375 1910 classis
1390 1874 1598 1924 praefectos

132 1940 173 1971 et
191 1934 242 1972 a'd
261 1933 455 1972 navalium
476 1940 674 1971 curatores
695 1933 761 1984 qui
791 1939 872 1970 tum
899 1932 1203 1984 disceptationes
1225 1933 1274 1971 de
1295 1936 1541 1973 armamentis
1562 1936 1599 1973 in

125 1995 318 2049 judicium
336 1995 636 2034 introducebant
655 1995 786 2034 citavi.
844 1995 898 2033 Ut
926 2002 1056 2034 autem
1087 2009 1149 2034 me
1167 2003 1265 2034 vera‘
1284 1996 1413 2035 dicere
1433 2003 1600 2044 constet,

130 2058 270 2098 horum
288 2057 399 2097 vobis
417 2065 539 2097 testes
554 2058 720 2098 viatores
741 2058 968 2110 producam.

758 2211 969 2249 TESTES.

133 2307 233 2346 Eum
260 2307 376 2359 igitur
406 2320 430 2346 a
457 2320 518 2346 me
543 2307 664 2346 fuisse
692 2306 868 2353 citatum,
900 2306 1068 2345 viatores
1098 2306 1295 2345 testificati
1326 2313 1443 2345 sunt:
1483 2315 1598 2359 atque

132 2371 248 2410 etiam
274 2371 312 2409 in
340 2370 529 2423 judicium
551 2383 637 2409 esse
666 2369 946 2419 introductum,
967 2369 1105 2409 classis
1126 2371 1399 2422 praefectorum
1418 2376 1459 2409 et
1477 2373 1598 2424 magi-

133 2439 276 2473 stratus
294 2432 554 2473 testimonium
572 2432 754 2472 ostendit.

659 2578 1068 2618 TESTIMONIUM.

187 2676 226 2715 9.
256 2676 383 2721 Quem
399 2675 516 2727 igitur
535 2674 627 2713 mihi
648 2674 806 2726 negotia
825 2675 1097 2714 facessiturum
1112 2676 1297 2726 putabam
1314 2675 1600 2714 Democharem

136 2739 420 2784 Paeaniensem,
446 2737 491 2784 is,
519 2738 742 2789 priusquam
762 2737 800 2774 in
814 2737 1005 2790 judicium
1026 2737 1347 2782 introduceretur,
1372 2750 1463 2775 sane
1484 2737 1603 2775 mole-

137 2807 218 2839 stus
247 2800 338 2839 suit:
367 2806 576 2852 postquam
605 2812 696 2838 vero
730 2799 977 2838 introductus
1009 2807 1050 2838 et
1082 2800 1286 2838 damnatus
1317 2798 1404 2845 fuit,
1436 2799 1604 2838 reddidit

137 2875 247 2900 suam
275 2864 600 2900 armamentorum
630 2868 794 2914 partem.
851 2862 978 2904 Quem
1007 2875 1096 2900 vero
1117 2874 1317 2912 nunquam
1348 2873 1394 2898 eo
1421 2861 1602 2912 improbi-

136 2922 227 2962 tatis
248 2929 453 2962 venturum
474 2924 675 2975 putabam,
695 2930 740 2962 ut
757 2923 1006 2961 armamentis
1026 2922 1205 2960 fraudare
1231 2935 1351 2972 remp.
1374 2921 1548 2968 auderet,
1570 2922 1602 2960 is

137 2997 183 3024 eo
201 2997 326 3036 usque
340 2985 652 3026 contentionibus
668 2991 708 3025 et
722 2985 992 3026 vexationibus
1006 2984 1216 3037 processit:
1238 2997 1328 3024 nam
1344 2996 1433 3023 cum
1446 2984 1605 3024 adesset
