1915 3356
804 186 1094 225 EPISTOLAE.
1604 189 1678 226 133

216 290 507 341 septuagesimo
526 290 723 341 navigavit
743 302 908 337 mecum,
935 290 1129 342 particeps
1150 291 1278 329 futura
1305 290 1463 330 inflictae
1490 292 1582 330 mihi
1611 305 1680 345 per

214 360 283 389 vos
304 351 559 396 calamitatis;
590 359 630 390 et
659 365 747 390 cum
770 365 902 399 uxore,
928 365 1017 402 quae
1045 365 1121 389 una
1143 366 1294 391 mecum
1316 366 1364 391 ex
1384 354 1478 391 urbe
1499 355 1677 400 excessit,

213 413 443 463 prohibente
463 427 547 452 eam
570 420 692 465 patre,
708 413 912 464 etlegibus
932 414 1097 452 fortasse
1117 427 1273 452 manere
1294 416 1538 467 cogentibus,
1555 417 1678 468 magis

215 489 338 526 gnara
358 490 508 514 morum
537 476 716 522 civitatis,
737 489 853 527 quam
874 476 1028 527 legurm
1061 483 1101 514 et
1120 490 1209 514 cum
1240 478 1360 516 tribus
1381 478 1522 526 liberis,
1541 480 1605 530 qui
1630 494 1678 517 ne

215 550 322 576 nunc
348 538 505 589 quidem
536 551 646 576 suam
678 538 941 576 calamitatem
972 538 1207 588 intelligunt,
1238 552 1308 576 nec
1336 540 1488 590 qualem
1519 540 1591 578 sibi
1612 555 1678 579 na-

214 600 413 637 scentibus
430 599 592 650 patriam
606 599 658 637 dii
673 599 854 637 dederint
866 599 1162 638 Atheniensium
1182 600 1391 648 civitatem,
1407 610 1445 640 et
1459 602 1576 652 quali,
1599 610 1679 641 sta-

214 661 282 699 tim
297 668 342 700 ut
359 663 439 700 nati
457 663 626 708 fuerant,
648 662 724 700 sint
739 663 834 700 urbe
854 662 1004 714 privati.
1035 663 1096 700 Ac
1115 662 1177 700 alii
1194 663 1366 713 quidem,
1383 670 1427 701 ut
1441 664 1566 710 video,
1588 679 1679 703 suos

214 723 356 762 liberos
372 724 432 762 vel
447 723 486 761 in
508 723 660 761 Boeotia
679 723 739 761 vel
760 724 799 761 in
830 724 975 762 AEtolia
1000 732 1113 763 natos
1143 724 1193 762 ad
1213 737 1283 762 vos
1303 724 1471 772 mittunt,
1491 732 1536 763 ut
1553 734 1682 765 vestra

216 784 424 836 disciplina
450 785 700 824 erudiantur:
732 786 871 837 quibus
892 799 981 824 vero
1010 787 1097 825 haec
1124 793 1306 824 anatum
1338 788 1482 825 tributa
1512 788 1679 834 fuerant,

215 858 305 883 cum
337 847 455 898 patris
475 854 617 894 essent,
637 861 716 885 non
743 848 877 899 populi
907 848 1094 886 beneficio
1114 849 1152 886 in
1172 849 1305 886 urbem
1327 848 1525 900 adscripti,
1546 857 1613 888 aut
1632 852 1681 889 ob

215 909 344 961 turpia
362 909 535 948 facinora
554 910 816 957 condemnati,
845 911 886 948 hi
906 911 1090 949 exsulant
1118 911 1249 949 adhuc
1268 910 1448 957 infantes,
1469 919 1508 950 et
1527 913 1565 950 in
1584 926 1682 964 pau-

214 978 366 1022 pertate
394 972 624 1019 educantur,
643 972 682 1009 in
704 973 910 1011 solitudine
929 981 968 1011 et
990 973 1129 1011 exsilio
1147 980 1323 1024 paterno.
1366 974 1425 1012 Ac
1445 973 1493 1012 de
1515 974 1681 1026 Lycurgi

215 1032 344 1072 liberis
359 1034 408 1072 ad
428 1047 498 1072 vos
518 1034 651 1072 scribit
670 1034 977 1081 Demosthenes,
998 1042 1038 1074 et
1056 1042 1161 1073 recte
1181 1035 1286 1080 facit,
1306 1035 1373 1085 qui
1402 1042 1606 1086 paternum
1627 1037 1682 1074 eis

216 1094 391 1133 debiturn
412 1097 625 1134 condonari
644 1104 764 1147 petat,
785 1104 825 1135 et
841 1110 909 1136 vos
930 1098 1024 1135 nihil
1045 1097 1151 1136 aliud
1171 1098 1306 1148 egistis
1336 1097 1408 1135 nisi
1428 1098 1531 1148 quod
1560 1098 1682 1136 Athe·

217 1156 373 1197 nienses
389 1158 569 1205 decebat,
586 1172 631 1197 ac
651 1159 797 1197 miserti
818 1173 949 1197 eorum
981 1160 1410 1198 condonastis—vestri
1444 1161 1545 1197 enirn
1566 1161 1683 1198 moris

216 1226 287 1266 est,
312 1220 424 1259 facile
445 1227 484 1259 et
500 1221 613 1259 irasci
641 1228 680 1259 et
698 1221 823 1259 redire
844 1222 881 1259 in
902 1222 1146 1273 gratiam—2
1181 1234 1255 1272 ego
1276 1234 1365 1259 vero
1385 1235 1408 1259 a
1427 1222 1535 1260 vobis
1560 1223 1684 1275 impe·

217 1286 320 1319 trare
335 1295 415 1320 non
434 1291 582 1333 potero,
596 1282 626 1320 si
647 1296 717 1333 pro
733 1283 827 1321 meis
844 1297 965 1330 orem,
985 1297 1064 1322 non
1084 1283 1201 1321 modo
1217 1297 1266 1321 ne
1279 1284 1318 1320 in
1334 1284 1499 1322 orbitate
1517 1284 1684 1334 alantur,

215 1343 287 1381 sed
313 1357 364 1381 ne
389 1343 503 1382 simul
531 1351 570 1382 et
597 1344 679 1383 orbi
710 1344 790 1382 sint
807 1351 846 1383 et
874 1344 1040 1392 exsules,
1062 1358 1150 1383 cum
1170 1345 1264 1382 nihil
1295 1345 1509 1396 peccarint,
1542 1347 1684 1399 quippe

216 1405 341 1456 pueri,
368 1419 495 1456 neque
516 1406 592 1444 alia
612 1406 760 1444 ratione
785 1406 862 1444 sint
887 1404 1151 1452 condemnati,
1178 1412 1217 1444 et
1244 1406 1418 1457 perpessi
1452 1413 1583 1444 tamen
1603 1421 1685 1446 om-

218 1467 282 1504 nia
296 1481 385 1518 quae
400 1467 671 1506 condemnatis
690 1481 764 1505 usu
785 1467 959 1505 veniunt.
988 1467 1163 1504 Tandem
1179 1467 1435 1505 recordamini
1456 1468 1543 1514 mei,
1565 1469 1686 1508 Athe-

216 1529 393 1585 nienses,
412 1537 450 1568 et
469 1530 651 1581 precibus
668 1530 763 1568 meis
779 1529 949 1580 benigne
968 1528 1098 1567 locum
1117 1529 1222 1573 date,
1239 1542 1344 1567 nunc
1359 1530 1481 1567 nostri
1501 1530 1686 1569 rati0nern

217 1591 419 1630 habentes.
463 1592 579 1643 Agite
599 1605 704 1643 ergo,
720 1592 995 1636 Athenienses,
1018 1590 1223 1629 concedite
1244 1604 1304 1636 ea,
1324 1605 1412 1641 quae
1431 1592 1550 1629 vestri
1569 1594 1686 1631 moris

218 1661 324 1702 sunt,
345 1661 385 1692 et
413 1653 680 1693 moderatione
712 1653 879 1692 utimini.
920 1654 1058 1704 Neque
1079 1666 1102 1691 a
1129 1653 1267 1691 vestris
1287 1653 1458 1692 moribus
1478 1653 1683 1701 recedetis,

215 1730 341 1768 neque
358 1716 522 1769 gloriam
536 1722 705 1754 vestram
722 1714 948 1762 destruetis,
964 1728 1080 1767 quam
1096 1715 1280 1753 bonitatis
1292 1723 1331 1753 et
1347 1714 1601 1753 humanitatis
1617 1730 1687 1755 no-

217 1780 334 1827 mine,
363 1779 547 1830 majorem
567 1791 683 1828 quam
714 1784 853 1817 ceterae
881 1779 996 1816 urbes
1028 1790 1176 1824 omneS,
1198 1777 1293 1815 estis
1314 1777 1531 1822 consecuti,
1564 1791 1689 1829 neque

215 1842 305 1894 plus
331 1841 459 1880 valeat
479 1839 727 1891 Melanopus,
748 1840 814 1890 qui
841 1840 951 1878 vobis
972 1840 1114 1886 obstat,
1135 1852 1211 1890 quo
1237 1839 1362 1876 minus
1382 1846 1548 1876 vestram
1576 1841 1688 1878 boni-

217 1909 337 1943 tatem
372 1909 412 1941 et
440 1902 722 1940 humanitatem
747 1901 963 1948 imitemini,
982 1915 1098 1952 quam
1120 1902 1186 1951 qui
1216 1914 1284 1939 vos
1314 1900 1556 1947 adhortatur,
1588 1909 1627 1940 et
1656 1903 1688 1941 is

217 1965 375 2016 quidem
396 1977 475 2002 non
494 1964 1003 2014 AEschines—nequaquam
1023 1962 1174 2001 medius
1194 1963 1324 2007 fidius,
1346 1976 1471 2013 neque
1492 1963 1594 2001 enim
1614 1977 1687 2015 ego

218 2027 311 2066 satis
328 2033 396 2064 aut
410 2026 547 2064 virium
568 2031 636 2064 aut
655 2025 847 2063 facundiae
863 2025 1003 2071 habeo,
1024 2025 1074 2063 ad
1094 2024 1410 2076 persuadendum
1426 2026 1561 2076 patriae
1578 2039 1688 2072 meae,

220 2088 436 2141 praesertim
462 2101 552 2126 cum
580 2101 687 2125 nunc
706 2100 832 2125 meam
868 2099 1030 2125 causam
1060 2099 1176 2137 agere
1205 2086 1403 2133 videar—,
1424 2086 1496 2124 sed
1523 2087 1689 2124 civitatis

220 2165 319 2202 mos,
344 2158 384 2188 et
402 2150 605 2201 antiquum
623 2156 792 2187 vestrum
827 2161 985 2195 nomen,
1014 2156 1055 2186 et
1084 2148 1274 2199 majorum
1294 2148 1550 2186 consuetudo.
1589 2149 1688 2190 Quae

220 2212 342 2265 pluris
374 2211 553 2250 facienda
573 2217 630 2249 est
659 2210 819 2256 scilicet,
841 2223 956 2262 quam
980 2210 1228 2261 Melanopus,
1248 2209 1314 2261 qui
1339 2223 1386 2248 ca
1415 2209 1566 2261 flagitat
1597 2223 1686 2259 quoe

221 2275 331 2314 vobis
352 2280 444 2313 sunt
470 2274 668 2312 indecora.

716 2389 938 2415 AESCHINIS
979 2387 1196 2414 onA'ronls

854 2483 1037 2510 OPERUM

628 2579 1021 2605 INTERPRETATION
1033 2580 1070 2604 Is
1106 2578 1282 2604 LAT1N31

863 2688 1052 2727 FlNIS.

392 2920 751 2975 ἶῖυῖὶῐῖι-ἶιᾞυνιῖτὲὶηι(
764 2936 793 2966 J.
812 2935 848 2964 F.
865 2936 973 2969 nov»,
988 2933 1016 2963 in
1029 2918 1196 2971 *Area-*quic
1214 2918 1350 2962 carmi-i
1371 2932 1508 2961 ,ioannis
