1948 3306
340 165 393 203 56
659 161 735 198 DE
766 160 921 198 MALE
954 161 1127 198 GESTA
1159 162 1489 203 LEGATIONE.

336 268 557 308 necessario
575 279 700 318 pauca
720 265 905 317 praefatus
927 279 1013 305 sum
1035 266 1082 304 de
1103 265 1300 304 calumnia
1319 267 1481 319 collegis
1499 268 1629 308 facta:
1664 272 1804 309 missos

334 345 421 370 esse
442 344 512 368 nos
542 331 590 367 ab
618 328 922 366 Atheniensibus
953 328 1119 379 legatos,
1149 342 1227 366 non
1248 335 1291 367 ut
1320 329 1358 367 in
1382 329 1624 370 Macedonia
1644 345 1804 371 causam

332 395 407 445 ipsi
427 393 660 436 diceremus,
684 391 753 429 sed
773 390 1036 441 domijudicio
1055 391 1102 428 de
1119 391 1228 429 nobis
1245 392 1361 437 sacto,
1383 392 1489 442 quod
1504 393 1612 443 digni
1630 407 1804 433 essemus

333 455 500 493 civitate.
531 454 664 491 Pauca
681 453 773 490 item
805 452 851 490 de
877 452 1129 503 jurejurando
1151 467 1236 490 sum
1260 454 1459 504 praefatus,
1489 456 1602 504 cujus
1624 456 1804 506 exigendi

333 518 457 568 gratia
469 516 721 561 venissemus,
737 521 966 564 ceterasque
986 527 1060 560 reS,
1077 528 1172 564 quas
1192 515 1303 552 nobis
1320 516 1805 568 mandaveratis,exposui,

333 592 478 616 --nam
497 578 680 629 copiosus
701 583 742 614 et
755 575 979 625 eloquentia
994 582 1182 626 praestans
1205 577 1490 615 Demosthenes
1511 578 1654 616 nullius
1669 578 1723 617 rei
1738 593 1806 617 ne-

333 641 513 679 cessariae
535 640 828 682 meminerat—‚
850 636 979 686 itaque
1000 644 1040 674 et
1059 637 1107 674 de
1123 639 1369 689 expeditione
1392 640 1442 677 ad
1460 639 1579 691 P-ylas
1598 639 1675 678 feci
1695 654 1805 679 men·
1837 687 1842 698 .

333 704 490 747 tionem,
512 710 552 739 et
582 701 631 738 de
652 699 784 745 sacris,
807 705 848 736 et
875 699 924 735 de
953 698 1119 749 Delphis
1140 705 1180 737 et
1206 700 1580 752 Amphictyonibus3
1611 702 1651 740 in
1671 702 1804 754 primis

332 772 463 803 autem
485 776 507 802 a
535 763 715 813 Philippo
735 761 842 812 petii,
870 769 914 798 ut
932 774 992 799 res
1020 774 1085 800 eas
1106 775 1183 799 non
1204 762 1239 799 vi
1259 768 1298 800 et
1316 763 1446 810 armis,
1467 764 1536 802 sed
1555 763 1741 815 suffragio
1767 772 1808 803 et

326 827 490 878 judicio,
524 825 794 862 constitueret.
839 823 956 865 Quod
989 823 1021 861 si
1048 823 1129 861 fieri
1155 836 1233 861 non
1267 831 1514 874 posset,—ut
1534 825 1695 863 dubium
1727 840 1806 864 non

332 895 427 933 erat,
448 901 536 925 eum
557 886 750 924 exereitus
773 885 1034 930 convenisset,
1064 893 1180 935 atque
1206 885 1244 922 in
1269 886 1471 936 procinctu
1492 892 1679 933 staret—‚
1699 887 1804 926 dice-

331 951 436 995 bam,
467 949 516 995 ei,
536 948 601 999 qui
622 948 670 985 de
692 947 810 985 sacris
832 947 1073 986 Graecanicis
1094 947 1380 986 deliberaturus
1396 954 1515 995 esset,
1540 961 1726 1000 magnam
1745 962 1804 987 re-

330 1012 487 1063 ligionis
514 1024 647 1049 euram
667 1024 755 1048 esse
774 1010 1078 1061 suscipiendam,
1099 1017 1138 1048 et
1156 1010 1218 1055 iis,
1241 1010 1307 1060 qui
1337 1011 1384 1048 de
1412 1010 1548 1062 patriis
1571 1002 1708 1049 riti'bus
1735 1011 1804 1049 do-

331 1074 598 1119 cere-vellent,
621 1072 933 1111 auscultandum.
966 1072 1193 1124 Eademque
1213 1085 1332 1123 opera
1351 1086 1373 1110 a
1399 1072 1610 1124 primordio
1633 1078 1806 1112 comme-

330 1138 544 1181 morabam,
565 1143 609 1174 ut
629 1136 815 1186 templum
837 1134 1071 1173 aedificatum
1091 1141 1208 1182 esset,
1229 1142 1273 1173 ut
1293 1135 1595 1187 Amphictyones
1614 1135 1806 1186 principio

330 1200 617 1243 convenissent,
632 1211 843 1248 eorumque
848 1197 1125 1248 jusjurandum
1138 1198 1362 1243 recitabam,
1377 1210 1456 1248 quo
1471 1204 1618 1236 veteres
1632 1198 1808 1236 obstricti

329 1269 474 1307 essent,
506 1275 546 1299 se
565 1261 713 1298 nullam
744 1262 880 1297 urbem
912 1260 1281 1311 Amphictyonicam
1310 1272 1525 1306 eversuros,
1556 1273 1683 1311 neque
1704 1273 1807 1311 aqua

328 1324 545 1375 profluente
566 1323 842 1374 prohibituros,
865 1322 945 1359 sive
969 1334 1067 1372 paee
1097 1322 1176 1358 sive
1204 1321 1333 1364 bello;
1364 1321 1470 1371 quod
1493 1321 1526 1359 si
1551 1322 1637 1372 quis
1671 1328 1808 1360 contra

328 1386 497 1431 fecisset,
530 1385 565 1422 ei
594 1397 636 1422 se
663 1384 808 1421 bellum
841 1384 1032 1429 illaturos,
1060 1389 1102 1420 et
1129 1383 1245 1420 urbes
1277 1382 1490 1420 excisuros.
1529 1382 1571 1419 Si
1599 1382 1684 1433 quis
1715 1396 1807 1421 vero

330 1446 551 1497 Apollinem
571 1446 632 1483 vel
656 1445 855 1496 spoliaret,
881 1444 942 1481 vel
964 1444 1146 1482 conscius
1171 1450 1279 1482 esset
1307 1443 1410 1481 illius
1438 1443 1602 1494 injuriae,
1630 1444 1693 1482 vel
1712 1457 1805 1483 con-

327 1508 455 1545 silium
478 1508 588 1544 daret
617 1512 754 1544 contra
773 1505 975 1557 templum,
997 1518 1086 1543 eum
1109 1518 1150 1543 se
1171 1505 1321 1543 ulturos
1342 1512 1382 1544 et
1412 1505 1513 1557 pede
1540 1512 1579 1543 et
1598 1519 1741 1553 mann,
1767 1514 1808 1544 et

328 1582 424 1607 voce
443 1576 482 1607 et
502 1569 683 1606 omnibus
703 1568 861 1606 viribus.
891 1567 1099 1606 Annexam
1121 1568 1239 1606 etiam
1268 1581 1352 1606 esse
1363 1567 1612 1619 jurijurando
1631 1573 1805 1606 atrocem

330 1632 652 1670 exsecrationem.

384 1696 448 1732 36.
480 1695 551 1732 His
571 1693 758 1740 recitatis,
780 1692 1099 1744 pronunciabam,
1112 1696 1265 1742 Justum
1285 1691 1407 1731 videri
1437 1691 1542 1738 mihi,
1563 1705 1611 1730 ne
1633 1692 1805 1731 Boeotias

327 1758 441 1795 urbes
457 1770 613 1795 eversas
625 1757 756 1808 jacere
771 1762 1005 1807 pateremur,
1022 1762 1065 1794 ut
1083 1769 1171 1806 quae
1191 1762 1231 1793 et
1249 1749 1590 1807 Amphictyonicae'
1602 1762 1751 1802 essent,
1767 1762 1806 1794 et

321 1819 575 1871 jurejurando
586 1818 893 1869 comprehensae.
910 1818 1196 1857 Enumerabam
1204 1831 1321 1870 porro
1332 1823 1470 1869 gentes
1483 1816 1706 1864 duodecim,
1715 1830 1804 1868 quae

327 1881 462 1932 templi
495 1881 704 1933 participes
727 1889 873 1926 essent,
893 1880 1118 1927 Thessalos,
1140 1880 1329 1926 Boeotios,
1352 1892 1431 1917 non
1451 1879 1659 1916 Thebanos
1686 1878 1804 1925 solos,

329 1944 553 1990 Dorienses,
565 1944 696 1990 Ionas,
709 1943 952 1988 Perrhaebos,
969 1945 1191 1994 Magnetes,
1202 1942 1606 1988 Locrenses‚OEtae0s‚
1622 1940 1803 1987 Phthios,

328 2006 568 2051 Maleenses,
578 2005 808 2043 Phocenses
819 2019 828 2043 ι
845 2011 884 2042 et
895 2005 1032 2042 harum
1045 2005 1221 2055 gentium
1231 2016 1547 2054 unamquamque
1560 2003 1803 2041 demonstra-

325 2067 416 2105 bam
436 2081 507 2118 par
526 2067 699 2116 suffragii
720 2067 786 2117 jus
805 2066 964 2110 habere,
983 2067 1193 2104 maximam
1219 2066 1321 2104 idem
1347 2064 1455 2116 quod
1477 2064 1688 2111 minimam,
1714 2077 1803 2102 eum

326 2129 392 2180 qui
407 2129 580 2167 venisset
594 2128 718 2166 Dorio
737 2134 777 2165 et
796 2126 967 2178 Cytinio‚
995 2133 1146 2165 tantum
1173 2128 1315 2174 valere,
1335 2134 1524 2178 quantum
1553 2126 1804 2165 Laeedaemo-

326 2192 411 2230 nios
427 2205 436 2230 :
450 2193 583 2230 binum
593 2192 695 2230 enim
705 2204 902 2243 quamque
916 2197 1074 2242 gentem
1088 2191 1316 2242 suffragium
1328 2191 1442 2228 ferret
1463 2191 1524 2228 Ex
1541 2190 1698 2229 Ionibus
1710 2191 1803 2230 item

328 2254 574 2306 Erythraeum
588 2262 627 2292 et
640 2254 906 2299 Prienensem‚
923 2259 1116 2305 quantum
1137 2253 1416 2299 Athenienses,
1436 2265 1481 2290 ac
1496 2260 1648 2291 ceteros
1664 2253 1802 2292 eodem

326 2317 457 2355 modo.
488 2317 725 2368 Principium
745 2317 862 2368 igitur
880 2315 1140 2368 expeditionis
1160 2316 1278 2363 illius,
1298 2315 1604 2368 pronunciabam
1623 2321 1802 2366 oportere

320 2378 475 2429 justum
505 2392 603 2417 esse.
649 2379 729 2417 Ubi
750 2392 843 2429 ergo
874 2379 1182 2430 Amphictyones
1210 2378 1248 2416 in
1268 2377 1413 2429 templo
1447 2377 1737 2424 convenissent,
1756 2390 1802 2415 ae

326 2440 519 2491 aequabile
539 2440 698 2478 dicendi
711 2443 776 2488 jus
804 2447 843 2478 et
861 2440 1088 2491 suffragium
1107 2441 1240 2492 adepti
1269 2446 1414 2487 essent,
1439 2451 1505 2477 eos
1531 2438 1599 2490 qui
1622 2445 1800 2477 auctores

326 2503 490 2541 fuissent
509 2503 644 2554 templi
674 2502 860 2554 principio
891 2503 1124 2554 occupandi,
1145 2504 1183 2540 in
1207 2503 1401 2555 judicium
1428 2502 1683 2540 adducendos
1708 2514 1801 2539 een-

328 2566 476 2612 sebam,
495 2579 574 2604 non
593 2565 737 2617 patrias
764 2578 912 2613 eorum,
934 2565 1000 2603 sed
1030 2578 1098 2603 eos
1118 2565 1224 2616 ipsos
1256 2566 1323 2617 qui
1342 2578 1500 2604 manum
1521 2564 1800 2610 admovissent,

328 2633 367 2664 et
378 2628 580 2666 consilium
601 2627 818 2673 dedissent,
839 2628 953 2665 urbes
975 2634 1119 2677 autem,
1145 2641 1233 2678 quae
1254 2628 1492 2666 facinorosos
1513 2625 1798 2675 exhibuissent,

326 2688 531 2728 indemnes
559 2701 644 2728 esse
671 2697 861 2741 oportere.
894 2689 961 2726 Sin
983 2690 1098 2727 armis
1120 2701 1198 2727 rem
1220 2696 1441 2735 exsecutus,
1467 2687 1625 2738 injurias
1644 2687 1800 2725 Theba-

327 2763 464 2788 norum
487 2753 772 2799 confirmasset,
793 2752 841 2790 ab
862 2752 908 2790 iis
929 2765 1027 2803 quos
1041 2752 1212 2803 juvisset
1232 2752 1394 2803 gratiam
1426 2751 1459 2788 ei
1475 2750 1640 2789 relatum
1659 2763 1738 2787 non
1757 2749 1800 2787 iri

328 2826 512 2863 —neque
537 2814 640 2851 enim
668 2820 777 2852 tanta
801 2813 842 2850 in
863 2826 931 2851 eos
957 2826 1073 2864 posse
1101 2814 1277 2851 conferre
1302 2812 1504 2859 beneficia,
1533 2817 1680 2863 quanta
1706 2811 1800 2849 olim

327 2875 587 2913 contulissent
607 2875 882 2923 Athenienses,
901 2886 1067 2926 quorum
1082 2875 1230 2913 illinon
1245 2874 1694 2924 meminissent—‚quos
1707 2884 1800 2910 vero

329 2934 578 2986 deseruisset,
598 2938 643 2976 iis
663 2938 839 2986 injuriam
859 2938 1068 2986 facturum,
1093 2950 1137 2976 ac
1165 2937 1300 2976 hostes
1325 2936 1455 2988 potius
1482 2939 1660 2986 majores,
1681 2945 1798 2986 quam
