1948 3306
362 163 440 199 710
762 161 1048 201 ADVERSUS
1080 162 1416 201 CALLIPPUM.

360 264 431 302 *tim
464 264 498 302 ei
531 264 643 302 datos
674 265 886 310 maluisset,
913 278 1027 316 quam
1050 264 1241 302 inmensa
1261 264 1506 315 relinquere?
1550 264 1633 316 Ego
1662 263 1819 315 quidem

364 325 460 363 illud
481 333 520 363 et
535 326 678 376 justius
698 333 737 365 et
764 326 1074 378 magnificentius
1100 326 1286 364 existimo.
1342 326 1430 364 Jam
1451 339 1538 364 eum
1563 326 1658 364 nihil
1682 327 1819 364 horum

361 387 501 425 secisse
521 396 687 434 constat,
707 389 869 439 proinde
891 396 930 426 et
959 389 1044 426 haec
1070 389 1178 426 vobis
1205 395 1433 438 argumenta
1453 389 1552 432 sint;
1582 388 1651 427 sed
1680 386 1820 439 Cephi-

363 450 482 487 siadae
503 456 542 488 et
562 450 800 502 inscripsisse
820 458 859 488 et
881 450 991 488 reddi
1009 451 1184 498 jussisse.

417 513 455 549 8.
487 512 589 550 Illud
614 513 727 550 etiam
747 512 1001 558 considerate,
1022 512 1198 558 Judices,
1221 512 1438 563 Callippum
1463 511 1580 549 fuisse
1599 511 1721 549 civem
1748 522 1819 547 no-

365 579 501 617 strum,
528 574 572 611 iis
603 573 813 624 pollentem
839 573 990 624 opibus,
1018 582 1061 611 ut
1093 581 1298 624 utrumque
1319 582 1358 612 et
1376 573 1475 611 male
1495 580 1534 611 et
1563 573 1662 610 bene
1692 570 1820 628 faeere

363 642 507 687 posset,
538 635 811 685 Cephisiadem
837 642 969 673 autem
989 641 1028 671 et
1046 634 1273 685 inquilinum
1298 642 1337 672 et
1356 634 1533 685 inopem:
1563 645 1682 684 quare
1710 638 1821 683 pater

366 697 520 734 minime
553 703 687 734 contra
710 696 775 747 jus
803 703 841 734 et
865 709 1020 747 aequum
1046 696 1100 734 illi
1120 697 1247 735 favere
1272 709 1387 748 quam
1414 696 1474 734 isti
1503 702 1690 748 praestare
1716 691 1820 744 quod

364 771 514 808 aequum
531 765 636 795 esset
652 758 865 796 maluisset.

418 820 456 856 9.
487 820 540 857 At
557 820 711 857 hercule
737 818 841 858 dicet
865 820 1045 866 fortasse,
1072 828 1221 871 patrem
1248 833 1377 858 meum
1403 819 1578 870 privatim
1600 817 1745 870 aliquid
1773 817 1821 855 de

363 887 526 932 argento
546 881 795 920 emolumenti
817 883 1033 933 percepisse
1050 895 1058 924 ;
1090 888 1367 932 proptereaque
1385 881 1512 918 animo
1531 880 1569 918 in
1583 880 1690 918 illum
1705 891 1821 930 quam

365 944 403 981 in
424 956 464 981 se
485 942 604 981 fuisse
624 943 883 994 propensiore.
940 944 1049 981 Itane
1069 956 1159 981 vero
1185 943 1351 994 primum
1379 955 1402 980 a
1432 955 1508 992 quo
1530 941 1650 992 duplo
1676 941 1822 992 majore

366 1018 481 1056 quam
511 1005 552 1043 id
581 1006 763 1043 lucellum
789 1012 894 1043 esset
919 1005 1020 1043 affici
1048 1005 1187 1043 damno
1206 1012 1351 1056 posset,
1379 1004 1414 1042 ei
1437 1004 1604 1042 faciebat
1619 1002 1824 1052 injuriam?

367 1067 510 1105 deinde
530 1067 569 1104 in
589 1081 634 1105 eo
653 1067 831 1106 sordidus
853 1074 890 1106 et
909 1068 1030 1118 turpis
1051 1067 1146 1105 lucri
1164 1067 1326 1117 cupidus
1346 1072 1440 1112 erat,
1461 1065 1498 1103 in
1518 1065 1668 1103 tributis
1683 1071 1723 1102 et
1740 1077 1824 1101 mu-

366 1129 715 1180 neribus-publicis
741 1136 780 1167 et
812 1129 1078 1180 largitionibus
1109 1142 1186 1167 non
1216 1128 1333 1167 item?
1381 1128 1482 1166 Cum
1510 1126 1652 1178 hospiti
1681 1125 1824 1163 nemini

364 1191 508 1229 faceret
539 1192 730 1244 injuriam,
751 1191 930 1242 Callippo
960 1191 1136 1229 faceret?
1175 1191 1273 1229 Cum
1307 1191 1353 1235 ei,
1384 1196 1428 1227 ut
1465 1189 1531 1235 ait,
1554 1189 1824 1241 jusjurandum

366 1251 547 1290 detulerit
575 1259 758 1303 tanquam
777 1253 880 1290 bono
906 1252 986 1290 viro
1017 1258 1056 1290 et
1087 1252 1235 1290 nullum
1264 1252 1413 1289 dicturo
1440 1250 1696 1296 mendacium,
1721 1262 1826 1287 nunc

365 1320 546 1365 tanquam
578 1314 626 1351 de
652 1315 825 1366 improbo
845 1323 884 1352 et
913 1313 1088 1365 deposita
1107 1314 1378 1352 intervertente
1397 1313 1514 1350 verba
1531 1311 1651 1362 facit?
1697 1324 1825 1349 nonne

365 1389 456 1413 vero
477 1389 562 1413 cum
588 1384 661 1413 'nec
686 1377 815 1428 jurare
836 1376 964 1422 vellet,
984 1382 1027 1413 ut
1045 1377 1114 1413 iste
1136 1375 1241 1422 dicit,
1261 1387 1385 1426 neque
1409 1373 1614 1425 pecuniam
1633 1372 1826 1419 redderet,

367 1429 494 1475 statim
529 1438 735 1476 damnatus
761 1438 890 1476 esset?
934 1438 1007 1475 Cui
1033 1437 1250 1475 verisimilia
1276 1437 1374 1474 fiant
1404 1436 1492 1482 ista,
1520 1434 1710 1473 Judices?
1740 1435 1825 1486 Ego

367 1499 524 1551 quidem
542 1501 685 1538 nemini
713 1501 860 1552 opinor.
917 1500 1028 1537 Itane
1058 1499 1325 1538 Archebiades
1356 1511 1402 1535 eo
1426 1498 1529 1537 venit
1557 1497 1826 1549 improbitatis,

364 1569 408 1598 ut
428 1561 467 1599 in
490 1562 724 1614 Callippum,
755 1570 794 1600 et
822 1561 1046 1613 popularem
1066 1570 1177 1599 suum
1204 1567 1244 1599 et
1271 1562 1311 1598 in
1336 1559 1535 1615 republica
1552 1566 1768 1597 versantem
1788 1565 1828 1597 et

364 1637 443 1661 non
462 1624 650 1674 privatum
670 1624 879 1670 hominem,
900 1623 1159 1662 testimouium
1190 1622 1306 1668 dicat,
1326 1629 1365 1661 et
1394 1635 1464 1661 nos
1485 1635 1616 1659 verum
1641 1621 1745 1672 loqui
1765 1633 1826 1658 as—

366 1694 480 1729 serat,
502 1686 618 1724 istum
639 1693 769 1724 autern
795 1686 944 1724 mentiri
961 1700 970 1724 :
1001 1686 1214 1737 praesertim
1234 1698 1323 1723 cum
1345 1685 1457 1731 sciat,
1477 1685 1508 1722 si
1527 1684 1601 1722 iste
1619 1683 1703 1721 falsi
1722 1683 1828 1721 testi-

365 1748 485 1785 monii
504 1760 610 1786 reum
635 1748 762 1785 facere
789 1754 828 1785 et
858 1739 951 1785 nihil
981 1747 1086 1785 aliud
1111 1746 1185 1784 nisi
1204 1754 1449 1784 sacramento
1478 1745 1636 1795 adigere
1653 1743 1828 1789 voluerit,

365 1823 526 1848 necesse
547 1810 620 1847 sibi
640 1809 720 1847 fore
738 1809 778 1846 id
797 1809 888 1847 dare
904 1808 1191 1860 jusjurandum,
1212 1807 1317 1857 quod
1343 1807 1413 1845 iste
1428 1802 1602 1858 jusserit.
1659 1805 1825 1849 Deinde,

366 1878 410 1908 ut
441 1871 693 1922 Cephisiades
728 1885 905 1909 nummos
939 1871 1093 1915 habeat,
1125 1869 1241 1907 homo
1272 1868 1497 1920 inquilinus,
1531 1874 1598 1905 aut
1630 1867 1828 1914 Phormio,

366 1947 480 1984 quem
503 1933 572 1971 iste
605 1933 749 1984 aliquid
775 1934 823 1972 de
852 1945 1002 1970 summa
1031 1932 1220 1970 delevisse
1251 1931 1356 1977 dicit,
1377 1930 1484 1968 vobis
1519 1930 1825 1981 persuadebitur,

366 1996 623 2051 pejeraturum
639 1995 952 2034 Archebiadem?
995 1994 1159 2031 Minime
1188 1993 1227 2030 id
1253 1992 1410 2043 quidem
1431 1999 1733 2030 consentaneum
1754 1998 1827 2037 est,

366 2058 543 2096 Judices.
601 2058 738 2108 Neque
769 2058 871 2095 enim
904 2057 1019 2094 ullius
1052 2055 1304 2106 improbitatis
1338 2054 1659 2093 condemnandus
1686 2060 1745 2092 est
1765 2054 1826 2091 vel

367 2119 645 2165 Archebiades,
665 2119 727 2157 vel
758 2132 897 2170 parens
926 2125 1080 2165 noster;
1121 2117 1248 2154 multis
1271 2117 1373 2154 enim
1403 2116 1674 2168 experimentis
1699 2116 1826 2154 edocti

365 2181 471 2226 estis,
490 2194 577 2219 eum
596 2181 721 2219 laudis
739 2189 777 2219 et
792 2182 922 2232 gloriae
938 2181 1053 2218 fuisse
1068 2179 1386 2230 appetentiorem,
1406 2192 1522 2230 quam
1538 2187 1581 2217 ut
1595 2178 1742 2229 aliquid
1756 2179 1827 2216 im-

366 2244 530 2294 probum
549 2252 587 2281 et
603 2243 835 2294 flagitiosum
855 2243 985 2281 studio
1005 2242 1075 2281 sibi
1090 2242 1263 2287 haberet,
1283 2254 1407 2292 neque
1425 2255 1518 2292 erga
1533 2241 1754 2293 Callippum
1775 2241 1829 2279 ita

367 2303 562 2350 affectum,
588 2312 630 2342 ut
661 2317 747 2342 eum
776 2305 854 2342 ulla
886 2318 952 2355 per
980 2310 1245 2354 contemptum
1280 2302 1417 2351 injuria
1450 2301 1663 2340 affecisset:
1701 2316 1827 2353 neque

369 2367 470 2404 enim
491 2375 568 2405 tam
589 2374 724 2405 tenues
745 2367 828 2418 ejus
850 2380 943 2417 opes
966 2366 1056 2403 milii
1085 2379 1171 2403 esse
1201 2365 1393 2411 videntur,
1414 2370 1459 2402 ut
1487 2364 1601 2402 facile
1631 2365 1827 2403 contemni

365 2429 500 2480 possit,
519 2429 583 2480 qui
599 2435 748 2466 tantum
766 2428 883 2474 valet,
912 2435 955 2465 ut
981 2441 1084 2465 anno
1115 2427 1311 2477 superiore
1339 2426 1411 2464 hac
1437 2426 1590 2465 actione
1610 2432 1746 2464 contra
1763 2439 1825 2464 me

367 2491 555 2536 instituta,
577 2504 664 2528 cum
695 2503 718 2528 a
743 2503 804 2527 me
832 2489 1069 2541 postulasset
1099 2495 1142 2526 ut
1174 2488 1368 2526 arbitrium
1397 2487 1606 2539 Lysithidae
1625 2488 1827 2534 deferrem,

366 2566 440 2604 ego
458 2566 691 2603 quamquam
708 2559 956 2602 contemptus
976 2552 1023 2588 ab
1045 2564 1090 2588 eo
1121 2551 1158 2587 i11
1177 2563 1223 2588 ea
1250 2563 1290 2587 re
1318 2549 1411 2586 mihi
1435 2556 1538 2588 recte
1557 2548 1826 2595 consuluerim,

367 2628 417 2653 ex
445 2615 576 2665 legum
596 2613 698 2651 enim
727 2613 951 2664 praescripto
971 2611 1169 2650 arbitrium
1203 2610 1325 2648 detuli
1352 2617 1391 2648 et
1415 2610 1527 2648 retuli
1549 2610 1598 2648 ad
1623 2610 1827 2660 magistra-

364 2685 446 2715 tum
463 2691 472 2720 ;
504 2677 574 2715 iste
591 2667 683 2714 vero
702 2675 843 2714 arbitro
862 2675 993 2726 legum
1013 2673 1243 2711 auctoritate
1263 2671 1468 2722 designato
1494 2671 1689 2723 persuasit
1708 2678 1751 2708 ut
1768 2671 1826 2708 in-

356 2738 511 2789 juratus
531 2738 788 2783 arbitraretur,
819 2750 882 2774 me
908 2736 1137 2774 testificante
1157 2742 1200 2771 ut
1218 2747 1266 2772 ex
1285 2733 1510 2785 praescripto
1529 2733 1659 2783 legum
1672 2732 1826 2784 juratus

361 2800 647 2851 pronunciaret,
666 2800 705 2838 id
725 2805 855 2837 autem
875 2797 1076 2849 Callippus
1096 2797 1134 2833 in
1155 2808 1201 2833 eo
1221 2795 1408 2847 spectavit
1426 2802 1468 2832 ut
1487 2794 1593 2846 apud
1611 2806 1681 2832 vos
1700 2794 1827 2832 dicere

363 2869 504 2912 posset,
524 2862 640 2899 etiam
666 2860 911 2913 Lysithidem
929 2859 1053 2897 virum
1072 2859 1218 2897 bonum
1238 2864 1278 2894 et
1303 2856 1511 2895 honestum
1535 2856 1584 2894 de
1603 2868 1724 2894 causa
1742 2869 1826 2906 pro-

363 2923 581 2962 nunciasse.
639 2923 858 2974 Lysithides
888 2922 1002 2969 enim,
1035 2921 1210 2967 Judices,
1241 2919 1334 2957 dum
1361 2925 1469 2973 pater
1487 2918 1654 2964 vivebat,
1680 2925 1720 2956 et
1744 2918 1825 2956 sine
