1948 3306
370 163 414 198 18
785 161 1009 202 CONTRA
1046 162 1404 202 TIMARCHUM.

364 263 454 301 olim
474 263 578 301 facta
596 270 712 302 sunt:
742 265 919 314 quaedam
941 266 1057 303 etiam
1082 279 1186 304 nunc
1213 267 1327 304 fiunt.
1357 265 1476 317 Agite
1497 277 1601 314 vero,
1624 278 1691 317 per
1716 265 1826 305 Deos

365 324 616 370 immortales,
640 325 671 362 si
700 325 837 364 eadem
863 340 940 378 qua
958 340 1063 365 nunc
1088 327 1315 365 Timarchus
1337 328 1497 379 ejusque
1515 327 1666 378 patroni
1691 327 1826 365 defen-

364 385 473 423 sione
495 387 555 424 usi
574 386 752 433 fuissent,
785 401 829 426 ac
853 389 1130 439 postulassent,
1159 396 1203 426 ut
1226 395 1292 426 aut
1321 389 1460 439 aliquis
1492 389 1696 439 perspicue
1714 388 1823 426 testi·

362 446 543 484 ficaretur
568 448 616 485 de
645 448 814 495 crimine,
846 456 911 486 aut
933 450 1087 500 judices
1120 464 1198 488 non
1230 449 1459 488 crederent:
1490 463 1537 488 ea
1565 449 1712 487 ratione
1741 462 1823 486 om-

362 510 452 546 nino
474 509 621 547 scilicet
641 511 898 548 necessarium
919 510 1193 557 fuisset,'illum
1214 511 1349 549 testari
1370 525 1410 548 sc
1440 510 1674 561 corrupisse,
1695 510 1827 555 alium,

360 583 401 606 se
422 578 643 622 corruptum
664 585 759 617 esse,
776 585 862 609 cum
885 572 922 608 in
942 579 1149 623 utrumque
1169 585 1284 624 poena
1304 572 1442 623 capitis
1462 572 1615 622 legibus
1633 570 1826 609 sancitum

358 630 433 668 sit:
464 632 793 681 quemadmodum
812 633 887 678 hic,
910 633 939 670 si
959 633 1044 683 quis
1065 634 1232 684 aliquem
1253 635 1536 672 Atheniensem
1555 634 1606 671 ad
1622 640 1824 671 contume-
1841 668 1846 678 ,

358 692 447 730 liam
468 695 710 745 conduxerit,
731 708 776 731 ac
796 694 978 741 vicissim,
999 695 1029 732 si
1046 696 1132 746 quis
1151 697 1396 734 Atheniensis
1412 697 1512 734 ultro
1528 696 1578 734 ad
1594 695 1766 734 dedecus
1783 707 1824 733 se

356 755 606 804 prostituerit.
664 755 737 792 Est
767 769 857 793 vero
887 762 954 793 aut
972 756 1082 794 testis
1104 757 1170 806 qui
1190 758 1418 795 testificatus
1438 758 1501 804 sit,
1530 763 1596 795 aut
1620 762 1825 794 accusator

356 816 421 865 qui
443 817 588 854 factum
610 829 656 854 eo
683 825 799 867 pacto
819 817 1087 856 demonstrare
1107 818 1344 856 instituerit?
1375 819 1515 856 Nullus
1538 819 1685 869 utique.
1717 817 1820 861 Quid

354 889 447 927 ergo
463 877 478 914 ‘?
507 878 687 916 Absoluti
711 886 802 916 sunt
828 879 909 917 rei?
941 879 1031 917 Non
1052 880 1287 926 mehercule,
1309 880 1378 918 sed
1399 881 1526 931 capite
1545 892 1682 931 poenas
1702 880 1821 917 dede-

352 946 467 977 runt:
499 953 588 977 cum
609 941 763 990 quidem
785 954 916 979 eorum
937 948 1140 992 peccatum
1161 942 1212 979 sit
1231 942 1347 993 longe
1365 943 1493 979 minus
1513 942 1625 979 istius
1651 941 1819 991 flagitiis.

352 999 454 1038 Nam
471 1002 525 1038 illi
543 1002 684 1049 miseri,
705 1016 794 1040 cum
809 1012 897 1040 ‘non‘
912 1009 1073 1053 possent
1092 1010 1359 1052 paupertatem
1378 1003 1507 1047 simul,
1525 1009 1565 1039 et
1581 1008 1821 1040 senectutem

350 1062 527 1109 tolerare,
553 1076 640 1113 quae
662 1064 890 1113 gravissima
906 1064 944 1099 in
973 1063 1088 1099 rebus
1107 1062 1287 1099 humanis
1308 1063 1410 1099 mala
1430 1069 1535 1108 sunt,
1561 1063 1600 1099 in
1620 1075 1685 1100 eas
1715 1062 1820 1100 cala·-

349 1123 502 1161 mitates
521 1124 762 1175 inciderunt:
792 1123 863 1160 iste
884 1136 930 1160 eo
951 1122 1054 1173 quod
1075 1135 1183 1160 suam
1204 1122 1457 1173 petulantiam
1476 1122 1600 1160 noluit
1624 1135 1818 1161 coercere.

350 1185 466 1226 Quod
486 1186 517 1222 si
535 1198 653 1223 causa
670 1185 751 1222 haec
771 1185 809 1222 in
831 1185 907 1222 alia
921 1185 1015 1222 urbe
1036 1191 1229 1234 ageretur,
1250 1197 1319 1222 vos
1339 1197 1413 1234 ego
1428 1190 1546 1222 testes
1562 1183 1758 1230 citassem,
1775 1192 1819 1223 ut

346 1247 413 1297 qui
434 1247 577 1298 optime
599 1247 761 1293 sciretis,
782 1260 843 1284 me
864 1246 994 1284 dicere
1014 1259 1168 1284 verum:
1200 1246 1270 1283 sed
1291 1259 1379 1284 cum
1401 1246 1566 1284 Athenis
1587 1252 1738 1296 agatur,
1758 1253 1816 1284 at-

346 1322 423 1359 que
444 1309 557 1346 iidem
579 1322 675 1346 meae
693 1309 773 1346 sitis
789 1317 827 1346 et
841 1309 994 1360 judices
1010 1315 1049 1346 et
1068 1315 1187 1347 testes
1209 1309 1406 1355 orationis,
1426 1322 1556 1347 meum
1576 1315 1638 1347 est
1656 1322 1726 1347 vos
1746 1310 1815 1347 ad-

346 1384 515 1415 monere,
537 1363 707 1409 vestrum
728 1371 899 1410 credere.
1363 1381 1367 1388 '

404 1434 463 1470 18.
495 1434 722 1471 Timarchus
745 1433 888 1470 etenim
910 1433 1000 1470 mihi
1019 1433 1186 1481 videtur,
1202 1433 1369 1484 judices,
1392 1445 1471 1470 non
1491 1445 1604 1470 suum
1624 1432 1815 1472 duntaxat

343 1494 545 1545 negotium
566 1508 696 1545 agere,
717 1495 787 1533 sed
808 1500 1026 1532 ceterorum
1047 1495 1178 1542 etiam,
1194 1495 1258 1545 qui
1278 1495 1415 1532 eadem
1435 1507 1523 1532 cum
1538 1494 1622 1544 ipso
1642 1494 1814 1533 facinora

342 1557 633 1601 commiserunt,
653 1570 743 1594 nam
767 1556 798 1593 si
819 1555 948 1593 scelus
970 1556 1108 1607 ipsum,
1137 1563 1178 1594 ut
1199 1557 1311 1602 solet,
1333 1556 1433 1594 clam
1454 1555 1727 1601 committetur,
1754 1564 1811 1595 at-

341 1631 416 1668 que
434 1618 470 1654 in
493 1618 700 1656 solitudine
722 1624 761 1655 et
780 1618 818 1655 in
838 1617 988 1656 aedibus
1009 1619 1192 1669 privatis:
1223 1618 1288 1669 qui
1304 1624 1434 1655 autem
1455 1617 1597 1668 optime
1611 1617 1731 1662 novit,
1753 1625 1811 1657 at-

339 1693 416 1731 que
439 1680 580 1717 civium
601 1680 768 1730 aliquem
789 1681 929 1731 probro
950 1680 1082 1726 afficit,
1106 1681 1138 1718 si
1159 1693 1290 1718 verum
1316 1679 1579 1717 testimonium
1600 1679 1752 1726 dixerit,
1772 1679 1810 1717 in

339 1741 517 1780 maximis
536 1741 717 1792 periculis
737 1742 977 1780 versabiturz
1006 1755 1094 1780 reus
1115 1748 1244 1779 autem
1265 1754 1346 1778 suae
1366 1741 1454 1778 vitae
1475 1754 1521 1779 ac
1549 1736 1719 1779 veritatis
1740 1754 1810 1792 op-

337 1816 494 1854 pressus
515 1803 736 1841 testimonio
755 1803 982 1854 postulabit,
1001 1811 1044 1841 ut
1065 1803 1113 1841 de
1129 1816 1171 1841 se
1188 1802 1379 1854 judicium
1394 1802 1474 1849 fiat,
1494 1815 1574 1840 non
1595 1815 1646 1840 ex
1662 1803 1721 1840 sui
1739 1816 1809 1840 no-

336 1865 433 1910 titia,
454 1865 523 1902 sed
549 1878 595 1902 ex
614 1865 865 1903 testimoniis:
896 1866 1051 1903 tolletur
1077 1872 1115 1904 et
1135 1866 1199 1902 lex
1219 1871 1259 1902 et
1277 1865 1431 1909 veritas,
1457 1870 1499 1901 et
1516 1864 1676 1902 evidens
1696 1878 1807 1902 mon·

335 1933 457 1965 strata
469 1927 541 1964 erit
555 1927 630 1971 via,
646 1940 725 1977 qua
737 1927 915 1965 homines
928 1927 1105 1964 maximis
1123 1926 1321 1964 constricti
1336 1925 1573 1963 facinoribus
1591 1926 1808 1965 elabantur.

335 1987 432 2031 Quis
453 1988 554 2025 enim
578 1994 644 2025 aut
673 1995 883 2038 grassator,
916 1996 984 2026 aut
1008 1989 1082 2034 fur,
1111 1994 1178 2026 aut
1207 1987 1371 2034 adulter,
1401 1994 1469 2025 aut
1496 1987 1705 2034 homicida,
1738 1995 1807 2027 aut

333 2049 649 2101 gravissimorum
689 2050 881 2087 scelerum
918 2049 1158 2100 designator,
1191 2049 1308 2086 modo
1340 2049 1495 2087 occulte
1529 2049 1660 2096 faciat,
1698 2050 1806 2088 dabit

332 2110 493 2162 poenas?
524 2111 630 2148 Inter
647 2109 719 2147 hos
745 2111 862 2156 enim,
882 2111 907 2148 ii
927 2111 993 2161 qui
1023 2111 1062 2148 in
1082 2111 1167 2161 ipso
1194 2110 1365 2148 facinore
1391 2109 1746 2161 deprehenduntur,
1766 2119 1805 2149 et

330 2174 514 2219 fatentur,
536 2172 668 2209 statim
689 2172 920 2209 occiduntur
938 2184 947 2208 :
977 2173 1041 2221 qui
1058 2179 1186 2208 autem
1207 2171 1309 2208 clam
1330 2172 1521 2217 fecerunt,
1537 2178 1576 2209 et
1594 2172 1804 2212 inficiando

331 2241 432 2279 sunt,
453 2233 491 2269 in
505 2233 696 2284 judicium
717 2232 980 2269 adducuntur.
1027 2231 1181 2269 Veritas
1200 2231 1301 2269 enim
1323 2231 1553 2282 conjecturis
1572 2234 1804 2283 quibusdam

329 2294 599 2333 verisimilibus
619 2294 839 2344 indagatur.
872 2294 915 2330 In
936 2306 1013 2344 quo
1034 2293 1091 2331 uti
1111 2293 1274 2344 potestis
1295 2294 1476 2344 exemplo
1497 2302 1656 2332 senatus
1677 2297 1804 2334 Areo-

329 2356 501 2408 pagitici,
521 2368 597 2405 quo
617 2355 766 2392 nullum
792 2362 854 2392 est
879 2357 973 2393 urbe
994 2355 1219 2405 diligentius
1245 2355 1468 2393 concilium.
1516 2355 1669 2394 Multos
1699 2358 1800 2396 enim

328 2431 403 2468 ego
422 2417 500 2455 vidi
519 2429 643 2467 nuper
662 2417 700 2453 in
721 2428 766 2453 ea
786 2416 905 2462 curia,
926 2429 1013 2453 cum
1042 2417 1187 2467 optime
1217 2417 1425 2464 dixissent,
1445 2424 1484 2455 et
1511 2423 1633 2456 testes
1653 2420 1799 2469 produ-

327 2479 492 2527 xissent,
515 2477 795 2516 succubuisse:
826 2484 942 2527 atque
963 2478 1079 2515 etiam
1102 2478 1266 2528 aliquOS‚
1286 2492 1408 2517 causa
1426 2479 1528 2517 male
1547 2486 1738 2530 perorata,
1761 2487 1800 2518 et

326 2541 443 2578 nullis
463 2540 628 2578 testibus
645 2540 885 2584 confirmata,
901 2538 1052 2577 vicisse.
1074 2539 1214 2589 Neque
1228 2539 1330 2577 enim
1347 2553 1394 2577 ex
1408 2540 1582 2578 oratione
1595 2539 1797 2588 duntaxat,

325 2615 450 2652 neque
472 2615 520 2639 ex
538 2601 716 2647 testibus,
737 2600 806 2638 sed
826 2614 873 2637 ex
898 2613 968 2638 sua
988 2601 1228 2638 conscientia
1247 2608 1284 2639 et
1304 2601 1553 2651 indagatione
1570 2601 1797 2653 suffragium

324 2664 463 2701 ferunt.
512 2663 648 2713 Itaque
672 2663 746 2700 hoc
766 2662 973 2700 concilium
991 2663 1030 2700 in
1049 2663 1145 2699 urbe
1169 2675 1320 2713 semper
1343 2668 1405 2700 est
1429 2675 1518 2699 cum
1548 2664 1794 2703 auctoritate.

325 2725 392 2764 Ad
411 2725 578 2763 eundem
608 2724 722 2775 igitur
742 2725 902 2762 modum
921 2731 1062 2771 et‘vos,
1084 2725 1362 2771 Athenienses,
1382 2724 1421 2762 in
1450 2725 1523 2763 hac
1550 2726 1668 2764 facite
1698 2740 1791 2766 con-

321 2786 533 2829 troversia3
565 2799 610 2824 ac
632 2787 796 2837 primum
820 2786 913 2823 nihil
933 2787 1040 2825 vobis
1060 2787 1110 2824 sit
1131 2786 1353 2825 credibilius
1373 2799 1420 2824 eo
1440 2787 1546 2837 quod
1566 2786 1638 2838 ipsi
1664 2789 1790 2835 scitis,

320 2861 366 2886 ac
385 2857 611 2898 persuasum
640 2848 791 2886 habetis
811 2848 860 2886 de
889 2848 1115 2887 Timarcho:
1145 2847 1289 2886 deinde
1314 2861 1393 2886 rem
1416 2847 1607 2887 aestimate
1625 2858 1715 2887 'non
1741 2863 1788 2892 ex

319 2909 512 2960 praesenti,
534 2909 605 2948 sed
634 2922 682 2948 ex
712 2908 905 2961 praeterito
935 2916 1122 2962 ternpore.
1162 2909 1264 2948 Nam
1291 2908 1358 2960 qui
1377 2922 1576 2949 sermones
1596 2903 1787 2962 superiori
