1965 3356
438 221 495 258 IN
528 220 798 259 EVERGUM
833 219 901 257 ET
933 218 1315 256 MNESIBULUM.
1525 216 1599 253 657

143 321 232 360 culo
251 321 427 360 liberari:
457 336 545 362 nam
567 337 641 375 ego
662 322 817 375 quidem
848 334 951 372 saepe
982 319 1088 358 illum
1114 319 1318 371 provocavi
1342 317 1507 361 muliere*
1530 328 1601 368 po-

141 384 295 430 stulata,
312 398 424 436 quam
441 394 479 424 et
494 394 575 425 tum
595 394 635 425 et
654 392 743 437 post
756 384 945 436 judicium
964 382 1163 420 admittere
1179 381 1297 427 volui,
1313 395 1399 419 cum
1415 380 1601 418 mulctam

139 445 194 483 eis
226 446 430 494 solverem,
459 448 498 485 in
531 462 577 486 eo
610 448 700 486 item
722 446 871 498 judicio
905 459 980 496 quo
1013 444 1303 495 Theophemum
1325 441 1601 481 verberationis

140 510 388 555 accusabam,
405 517 443 548 et
462 511 500 547 in
521 509 766 560 inquisitione
787 508 873 545 falsi
895 507 1127 549 testimonii;
1151 519 1280 543 verum
1304 505 1380 550 isti,
1395 504 1452 542 his
1480 503 1601 541 omni-

139 569 214 607 bus
235 571 456 622 repudiatis,
471 584 586 622 quam
608 570 805 608 mulierem
828 569 917 606 mihi
937 582 1025 607 esse
1046 568 1224 606 traditam
1246 566 1493 610 affirmarunt,
1517 579 1602 603 eam

140 644 180 668 re
199 631 284 682 ipsa
302 633 392 669 mihi
411 645 609 683 nunquam
630 632 881 670 tradiderunt.
922 631 1024 669 Satis
1038 630 1138 668 enim
1159 630 1343 667 videbant
1360 628 1442 666 fore
1458 628 1601 678 palam,

141 692 172 729 si
205 705 253 731 ea
281 701 538 744 torqueretur,
567 708 608 732 se
640 707 719 731 non
759 706 781 731 a
810 706 870 730 me
899 692 1057 730 affectos
1089 705 1188 737 esse,
1217 691 1286 729 sed
1323 702 1384 727 me
1426 689 1602 727 affecisse

137 754 299 805 injuriis.
356 755 455 799 Quae
476 762 519 794 ut
551 769 574 794 a
601 769 662 794 me
692 769 780 793 vere
807 755 886 793 dici
906 761 1071 801 constet,
1090 752 1313 792 testimonia
1339 750 1443 790 vobis
1463 751 1600 789 recita-

139 817 295 854 buntur.

690 973 1048 1012 TESTIMONIA.

142 1064 239 1103 Mihi
259 1066 373 1117 igitur
404 1081 506 1119 saepe
535 1069 760 1119 provocanti
794 1076 833 1106 et
862 1067 1075 1120 postulanti
1106 1066 1305 1104 mulierem
1325 1064 1494 1102 deditam
1516 1074 1603 1100 esse

140 1141 164 1166 a
195 1129 360 1176 nemine,
393 1144 412 1167 e
444 1130 608 1168 testibus
643 1130 873 1168 audivistis:
922 1144 1026 1168 nunc
1053 1130 1169 1167 etiam
1199 1129 1310 1179 signa
1343 1126 1550 1177 proferam,
1583 1137 1603 1161 e

137 1189 278 1240 quibus
297 1192 554 1242 cognoscetis,
573 1193 667 1230 istos
691 1192 787 1230 falsa
807 1206 892 1230 esse
912 1193 1153 1230 testificatos·

194 1254 232 1290 5.
250 1251 352 1289 Nam
371 1253 403 1290 si
423 1266 511 1291 vera
527 1260 660 1291 essent
679 1266 737 1300 ea,
753 1267 840 1304 quae
857 1254 1154 1305 Theophemum
1173 1253 1236 1290 isti
1257 1251 1442 1290 obtulisse
1457 1249 1605 1295 dicunt,

139 1319 180 1352 et
194 1327 334 1365 corpus
353 1315 523 1353 mulieris
543 1315 764 1360 tradidisse,
785 1330 862 1354 non
879 1316 977 1354 duos
989 1316 1107 1354 modo
1126 1322 1249 1354 testes
1263 1315 1435 1359 fecisset,
1448 1313 1604 1351 affinem

140 1376 368 1424 et=fratrem‚
386 1377 451 1428 qui
470 1391 562 1416 vera
577 1383 825 1423 testarentur,
842 1379 911 1416 sed
928 1387 966 1416 et
987 1378 1081 1416 alios
1102 1378 1259 1416 multos.
1280 1376 1489 1415 Arbitrium
1503 1374 1604 1412 enim

140 1438 180 1475 in
201 1438 356 1477 Heliaea
374 1439 521 1478 factum
551 1446 623 1485 est,
645 1453 734 1478 nam
760 1440 825 1491 qui
845 1440 995 1478 OEneiae
1022 1447 1061 1477 et
1088 1439 1330 1478 Erechtheiae
1356 1437 1475 1476 tribui
1505 1436 1606 1474 arbi-

141 1506 289 1538 trantur
318 1501 370 1539 ibi
403 1502 565 1540 sedent:
596 1502 634 1539 in
662 1502 802 1540 talibus
833 1509 960 1540 autem
982 1502 1332 1554 provocationibus,
1353 1514 1441 1539 cum
1467 1499 1607 1551 aliquis

140 1562 335 1601 hominem
366 1563 579 1603 adductum
614 1564 745 1612 tradit,
765 1564 874 1602 multi
903 1565 1193 1603 circumsistunt
1215 1564 1483 1603 auscultantes
1514 1561 1608 1613 quid

141 1625 306 1663 dicatur.
365 1626 495 1670 Quare
515 1633 636 1665 testes
666 1627 721 1665 eis
749 1640 827 1665 non
851 1626 1080 1673 defuissent,
1100 1627 1131 1665 si
1150 1626 1416 1665 testimonium
1445 1637 1495 1663 ex
1525 1623 1608 1661 ulla

141 1695 252 1740 parte
271 1702 405 1727 verum
425 1696 543 1728 esset.

197 1752 234 1789 6.
266 1752 311 1789 In
331 1752 468 1790 eodem
485 1765 612 1803 porro,
633 1752 805 1798 Judices,
827 1752 1048 1790 testimonio
1066 1752 1260 1801 dixerunt,
1281 1765 1342 1789 me
1363 1750 1514 1788 differre
1534 1762 1606 1787 no-

142 1813 285 1852 luisse:
318 1814 614 1866 Theophemum
637 1822 766 1852 autem
786 1814 823 1851 id
838 1814 1013 1865 jussisse,
1034 1821 1077 1852 ut
1097 1814 1189 1852 mihi
1209 1813 1408 1851 mulierem
1424 1812 1606 1850 traderet.

143 1874 228 1926 Ego
249 1889 340 1914 vero
354 1875 393 1913 id
413 1889 489 1914 non
510 1889 596 1914 esse
616 1889 747 1914 verum
769 1889 834 1913 vos
856 1876 1019 1914 docebo.
1079 1876 1118 1913 Si
1144 1876 1246 1913 enim
1277 1888 1350 1925 ego
1375 1874 1413 1912 id
1436 1887 1459 1912 a
1478 1873 1605 1911 Theo-

140 1937 284 1989 phemo
301 1937 574 1989 postulassem,
594 1937 700 1989 quod
722 1938 784 1975 isti
804 1937 839 1975 ei
858 1936 1054 1975 testificati
1075 1944 1178 1983 sunt,
1198 1944 1332 1987 petens
1350 1943 1392 1973 ut
1405 1935 1605 1972 mulierem

142 1998 232 2036 mihi
256 1999 542 2050 traderet‚jure
573 1999 623 2037 ad
654 2011 742 2036 eum
773 1998 864 2036 mihi
893 1998 1051 2036 modum
1079 1997 1358 2050 respondisset,
1381 1996 1528 2034 differre
1542 1999 1606 2044 ju-

141 2061 238 2098 bens
257 2060 453 2099 arbitrium
473 2061 651 2112 usquein
667 2061 828 2098 alterum
850 2067 1098 2106 conventum,
1119 2067 1162 2098 ut
1177 2060 1389 2098 adduceret
1408 2059 1606 2096 mulierem

141 2122 312 2174 mihique
325 2123 519 2161 traderet:
550 2136 652 2160 nunc
668 2130 835 2161 testatus
855 2137 910 2167 es,
928 2122 1196 2174 Theopheme,
1212 2130 1249 2159 te
1270 2121 1421 2159 tradere
1438 2121 1606 2160 voluisse

143 2184 359 2230 mulierem,
382 2197 442 2222 me
461 2197 551 2222 vero
572 2197 655 2222 eam
684 2185 852 2235 recipere
873 2184 1059 2222 noluisse.
1118 2183 1194 2227 Qui
1214 2184 1256 2220 fit
1277 2183 1391 2234 igitur
1410 2189 1454 2220 ut
1474 2189 1513 2219 tu
1536 2193 1605 2218 an-

118 2294 123 2300 .
144 2246 244 2284 cillae
265 2247 459 2292 dominus,
477 2246 542 2296 qui
561 2259 646 2283 eam
666 2246 926 2284 conditionem
948 2246 1040 2283 mihi
1060 2245 1207 2283 laturus
1225 2258 1310 2283 eras
1326 2257 1440 2295 quam
1461 2243 1523 2281 isti
1540 2243 1608 2281 tibi

144 2308 338 2347 testificati
353 2315 457 2354 sunt,
477 2321 565 2346 cum
588 2308 637 2345 ad
657 2308 853 2346 mulierem
882 2307 1128 2358 confugeres,
1150 2315 1188 2345 et
1211 2321 1270 2345 me
1300 2307 1448 2355 dejure
1468 2319 1608 2357 provo·

144 2378 318 2419 catinus,
341 2371 489 2408 nullum
517 2371 632 2408 alium
664 2377 804 2408 testem
833 2370 1010 2416 haberes,
1030 2383 1106 2420 quo
1133 2370 1313 2421 probares
1342 2377 1381 2407 te
1402 2382 1422 2406 a
1442 2382 1502 2406 me
1522 2381 1609 2406 esse

144 2434 385 2471 verberatum
408 2446 475 2483 per
502 2432 680 2483 injuriam
709 2433 777 2470 tibi
809 2445 946 2481 manus
974 2432 1168 2477 afferente,
1190 2431 1345 2470 muliere
1367 2430 1538 2468 adducta
1558 2430 1608 2468 ad

145 2495 331 2534 arbitrum
356 2507 432 2532 non
453 2495 630 2538 veneris;
662 2502 701 2532 et
726 2507 864 2545 corpus
885 2494 1053 2532 mulieris
1075 2494 1276 2545 praesentis
1303 2492 1520 2538 tradideris,
1542 2492 1608 2543 qui

145 2558 302 2610 quidem
326 2557 503 2595 dominus
524 2557 608 2608 ejus
636 2556 771 2595 esses?
802 2556 1001 2594 Obtulisse
1030 2556 1186 2607 quidem
1216 2563 1252 2593 te
1279 2555 1388 2600 dicis,
1410 2555 1608 2592 mulierem

146 2633 237 2658 vero
265 2633 378 2658 nemo
396 2619 506 2664 vidit,
526 2632 649 2670 eaque
675 2631 715 2656 re
739 2618 902 2656 Judices
937 2607 1137 2669 decepisti,
1161 2617 1281 2655 falsos
1314 2624 1432 2655 testes
1465 2615 1609 2667 produ-

147 2681 272 2720 cendo
300 2681 366 2732 qui
390 2680 577 2725 dicerent,
600 2687 637 2719 te
663 2693 746 2718 eam
781 2680 930 2718 tradere
950 2679 1132 2718 voluisse.
1190 2679 1448 2729 Posteaquam
1481 2685 1609 2715 autem

137 2743 216 2782 'tibi
231 2743 364 2781 mulier
382 2751 462 2781 tum
484 2756 562 2781 non
583 2749 725 2794 praesto
745 2742 830 2787 fuit,
858 2742 927 2780 sed
955 2742 1057 2792 prius
1079 2742 1204 2779 echini
1224 2740 1417 2791 obsignati
1438 2740 1609 2786 fuerunt,

149 2810 258 2844 estne
290 2819 366 2857 quo
394 2805 499 2844 illam
530 2805 589 2843 vel
616 2805 653 2843 in
689 2805 828 2850 sorum,
848 2805 908 2842 vel
938 2805 1142 2854 judicium,
1166 2817 1322 2854 usquam
1356 2801 1610 2853 perduxeris?

151 2867 192 2905 Si
211 2867 311 2905 enim
331 2880 378 2906 ea
396 2874 477 2906 tum
498 2880 576 2905 non
597 2867 732 2905 affuit:
762 2875 852 2919 post
872 2867 1002 2917 utique
1024 2867 1214 2904 tradenda
1240 2866 1322 2903 fuit.
1345 2873 1384 2902 et
1403 2872 1522 2902 testes
1552 2865 1609 2902 fa-

149 2929 291 2976 ciendi,
309 2936 347 2968 te
375 2930 546 2969 voluisse
577 2943 655 2969 rem
684 2944 704 2968 c
732 2930 892 2968 muliere
927 2938 1031 2968 certo
1061 2929 1259 2981 cognosci,
1279 2928 1610 2980 quemadmodum

150 3004 396 3045 provocatas,
418 3005 506 3031 cum
535 3000 576 3033 et
605 2993 920 3045 provocationem
956 2992 1147 3044 injeceris,
1167 2998 1207 3030 et
1237 2990 1500 3030 testimonium
1531 3003 1609 3041 quo

845 3056 870 3092 4
893 3066 915 3092 P
