1948 3306
369 180 444 218 732
781 181 1069 220 ADVERSUS
1104 182 1424 221 CALLICLEM.

368 298 490 322 annos
510 284 675 337 amplius
693 285 914 337 quindecim
934 286 1044 332 vixit,
1065 299 1152 324 euin
1179 286 1217 324 in
1243 287 1308 338 jus
1341 293 1495 324 vocant.
1554 286 1669 330 Quod
1693 286 1724 325 si
1753 300 1829 337 ego

365 345 524 397 praediis
549 345 610 385 his
637 360 792 387 cessero
823 355 892 387 aut
910 348 1077 387 venditis
1104 356 1171 387 aut
1199 361 1288 388 cum
1309 347 1394 387 aliis
1413 347 1568 400 praediis
1589 348 1829 400 permotam,

367 407 462 445 nihil
481 408 614 460 injusti
633 409 726 449 facit
755 409 958 449 Callarus:
989 411 1048 448 sin
1076 410 1159 450 istis
1188 410 1411 449 condonare
1431 423 1518 448 mea
1542 409 1647 457 nolo,
1667 409 1828 448 summis

366 482 390 508 a
410 470 567 509 Callaro
592 472 741 524 injuriis
769 472 1004 518 afficiuntur,
1023 479 1141 524 atque
1173 473 1288 511 etiam
1317 473 1498 511 arbitrum
1524 473 1744 524 quaeritant,
1764 472 1830 523 qui

366 530 422 569 eis
444 532 604 571 fundum
625 534 834 586 adjudicet,
858 541 897 572 et
913 534 1012 572 tales
1033 536 1329 580 transactiones,
1353 548 1423 587 per
1449 548 1547 586 quas
1567 535 1711 573 fundos
1731 533 1832 572 obtin

367 601 500 633 neant.
558 596 608 633 Et
632 596 805 647 quidem,
839 597 1013 641 Judices,
1036 597 1067 635 si
1096 597 1338 636 insidiatores
1365 606 1404 636 et
1435 598 1732 636 calumniatores
1753 609 1831 634 rne-

365 654 459 694 liore
488 657 710 696 conditione
739 665 843 705 sunt,
862 658 955 696 nihil
983 658 1195 710 proderunt
1216 672 1261 698 ea
1286 673 1373 710 quae
1404 659 1594 697 diximus·
1626 658 1682 696 sin
1703 670 1773 696 vos
1793 664 1833 696 et

364 718 463 756 tales
479 718 651 765 oderitis,
673 720 832 772 etjusta
853 720 1084 765 decernetis,
1106 733 1193 758 cum
1211 721 1393 759 Callicles
1411 734 1480 759 nec
1496 720 1706 772 perdiderit
1723 719 1832 771 quic-

365 793 482 830 quam
516 793 588 819 nec
620 781 701 820 ulla
729 782 778 820 sit
799 783 962 821 affectus
992 783 1130 834 injuria
1154 783 1216 822 vel
1243 797 1267 821 a
1289 782 1445 822 Callaro
1473 783 1534 822 vel
1559 796 1583 822 a
1608 791 1733 835 patre,
1754 795 1833 821 non

364 841 478 880 video
498 855 683 893 quorsum
703 844 869 883 attineat
887 845 999 896 plura
1019 844 1160 883 dicere.

424 905 485 942 11.
516 904 570 942 Ut
587 911 716 944 autem
738 907 881 953 sciatis,
902 920 991 945 eum
1019 908 1126 958 prius
1148 907 1264 943 etiam
1285 905 1380 944 meis
1409 906 1540 944 fundis
1569 905 1832 953 insidiantem,

365 966 639 1005 consobrinum
660 981 771 1005 suurn
793 969 1041 1014 subornasse,
1063 976 1102 1006 et
1123 981 1227 1006 nunc
1245 968 1367 1006 altero
1380 968 1616 1021 h'ocjudicio
1628 968 1835 1011 Callarum

364 1028 497 1066 arbitri
518 1029 707 1068 sententia
725 1028 1023 1075 condemnasse,
1044 1037 1087 1068 ut
1108 1030 1199 1068 mihi
1219 1030 1391 1075 insultet,
1409 1029 1514 1081 quod
1533 1043 1620 1068 eum
1637 1029 1834 1068 hominem

365 1091 614 1142 magnifacio,
635 1100 674 1131 et
711 1092 866 1130 Callaro
897 1092 1010 1130 etiam
1039 1092 1183 1131 dixisse
1212 1092 1330 1140 diem,
1350 1092 1488 1134 harum
1514 1093 1686 1131 omnium
1705 1105 1833 1131 rerum

364 1152 587 1192 testimonia
601 1154 709 1192 vobis
728 1154 1004 1193 recitabuntur.

921 1310 1276 1349 TESTIMONIA.

414 1405 484 1441 -12.
514 1403 575 1442 Ne
603 1404 720 1456 igitur
738 1418 806 1456 per
831 1406 927 1444 deos
947 1418 1029 1451 oro,
1049 1405 1225 1452 Judices,
1244 1418 1305 1443 rne
1330 1404 1417 1442 istis
1435 1403 1668 1443 hominibus·
1684 1407 1832 1446 condo-

367 1466 464 1505 netis
484 1467 693 1506 insontem.
734 1468 874 1519 Neque
896 1468 998 1507 enim
1017 1468 1166 1507 mulcta
1183 1480 1245 1505 me
1272 1473 1475 1518 tantopere
1503 1466 1685 1514 solicitat,
1705 1481 1831 1519 quan-

364 1540 483 1578 quam
503 1542 549 1568 ea
567 1530 694 1581 gravis
722 1537 784 1568 est
813 1531 992 1569 omnibus
1016 1530 1082 1582 qui
1111 1544 1151 1569 re
1181 1536 1275 1568 sunt
1301 1529 1488 1575 tenuiore,
1507 1535 1695 1580 quantum
1720 1529 1833 1578 illud,

364 1590 470 1641 quod
491 1604 552 1630 me
569 1591 625 1630 ita
642 1592 844 1644 exagitant
861 1599 901 1631 et
920 1592 1206 1632 calumniantur
1232 1598 1276 1630 ut
1293 1590 1584 1630 exterminaturi
1604 1604 1691 1632 esse
1709 1593 1832 1631 muni-

363 1652 465 1704 cipio
483 1653 700 1693 videantur.
756 1654 810 1693 Ut
828 1662 958 1693 autem
979 1661 1182 1707 appareret
1207 1667 1279 1692 nos
1306 1654 1453 1692 nullam
1482 1655 1610 1692 facere
1639 1654 1830 1706 injuriam,

364 1714 490 1764 parati
509 1715 652 1754 fuimus
672 1723 712 1755 et
731 1717 894 1756 arbitros
917 1730 1067 1756 sumere
1086 1717 1140 1755 rei
1163 1729 1318 1768 gnaros,
1334 1729 1469 1767 aequos
1484 1715 1659 1754 homines
1675 1729 1721 1754 ac
1736 1730 1830 1755 neu-

364 1775 434 1814 tris
456 1776 648 1823 addictos,
670 1785 710 1817 et
729 1779 944 1830 legitimum
965 1778 1058 1817 dare
1083 1777 1350 1830 jusjurandum
1369 1790 1378 1815 :
1407 1790 1480 1815 nec
1499 1777 1598 1815 enim
1621 1777 1696 1815 alia
1715 1777 1833 1816 firmi-

365 1849 435 1876 ora
466 1852 538 1878 nos
572 1839 809 1879 exhibituros
842 1841 951 1879 vobis
983 1846 1212 1891 argumenta
1244 1839 1480 1891 putavimus,
1515 1839 1579 1890 qui
1613 1839 1684 1890 ipsi
1710 1839 1830 1891 jurati

364 1901 518 1940 essetis.
575 1901 682 1954 Cape
702 1909 742 1941 et
759 1903 1074 1954 provocationem
1095 1909 1133 1941 et
1152 1914 1241 1953 quae
1267 1900 1395 1939 adhuc
1423 1901 1571 1953 reliqua
1599 1908 1691 1940 sunt
1722 1901 1830 1941 testi-

365 1974 507 2005 monia,

708 2078 1081 2117 PROVOCATIO.
1138 2077 1494 2117 TESTIMONIA.
