1965 3356
597 224 654 260 IN
687 221 1029 260 STEPHANUM
1068 220 1094 255 l.
1503 216 1579 253 639

117 330 222 382 quod
239 328 303 367 isti
323 333 410 367 ante
430 327 651 366 citationem
671 323 803 363 testati
822 327 940 362 sunt:
970 333 1039 358 vos
1060 325 1191 358 autem
1212 319 1459 358 considerate
1486 316 1582 370 quid

117 393 258 432 dicam.

633 469 1072 510 TESTAMENTUM.

161 574 241 606 Haec
254 573 348 605 Pasio
358 570 566 604 Acharnensis
582 573 713 601 testatus
731 572 788 598 est.
815 567 867 597 Do
888 576 987 596 meam
1008 573 1138 595 uxorem
1154 561 1343 602 Archippam
1359 560 1535 592 Phormioni
1553 565 1585 591 et

120 627 224 657 dotem
240 625 409 665 Archippae
431 623 511 653 addo
527 623 673 652 talentum
693 620 771 650 illud
795 630 812 649 e
830 618 1013 659 Peparetho,
1042 616 1115 646 item
1140 615 1285 645 talentum
1307 625 1344 644 ex
1368 614 1476 643 eodem
1502 613 1584 649 loco,

118 679 201 710 aedes
217 682 337 708 centnm
359 675 520 709 minarum,
543 673 681 708 ancillas,
703 676 734 702 et
757 681 875 706 aurum,
891 674 923 700 et
952 674 1064 699 caetera
1080 677 1149 707 quae
1170 666 1254 697 domi
1272 666 1375 702 habet,
1389 675 1426 695 ea
1440 664 1586 695 universa

118 729 286 768 Archippae
300 726 425 767 largior.

120 804 310 850 Audistis,
341 802 623 849 Athenienses,
647 800 749 839 dotis
778 798 1102 851 magnitudinem,
1134 804 1150 835 t
1164 810 1186 835 a
1199 796 1212 834 l
1225 809 1246 834 e
1259 809 1286 834 n
1298 801 1315 833 t
1326 808 1352 833 u
1367 807 1406 832 m
1437 807 1458 832 e
1496 793 1528 831 P
1544 807 1585 832 e-

119 864 362 918 pareth0‚
390 863 654 902 talentum
691 860 874 900 eodem
915 874 976 900 ex
1015 859 1152 906 loco,
1183 857 1329 896 aedes
1365 862 1588 895 centum

120 926 391 973 minarum,
417 924 671 971 ancillas,
696 931 746 962 et
771 936 967 969 aurum,
993 928 1043 960 et
1067 927 1278 967 caetera,
1300 918 1439 971 inquit,
1459 931 1589 970 quae-

120 1001 331 1040 cunque
358 986 404 1026 ei
437 987 573 1025 domi
604 992 728 1025 sunt
754 985 800 1025 ei
831 984 1062 1037 largior:
1083 997 1160 1036 quo
1180 982 1324 1035 scripto
1342 981 1454 1022 nobis
1473 981 1590 1021 etiam

120 1049 340 1102 inquirendi
359 1062 493 1087 eorum
512 1047 654 1100 aliquid
672 1061 759 1100 quae
777 1047 913 1086 relicta
930 1054 1022 1086 sunt
1040 1045 1268 1085 facultatem
1286 1044 1411 1096 eripit.

176 1113 216 1151 9.
246 1112 333 1163 Age
353 1124 443 1149 vero
466 1117 506 1149 et
537 1110 772 1149 locationem
790 1110 900 1149 vobis
921 1108 1140 1155 ostendam,
1161 1121 1210 1147 ex
1227 1120 1306 1158 qua
1323 1106 1397 1145 iste
1416 1118 1591 1145 mensam

122 1187 146 1212 a
164 1180 274 1225 patre
294 1172 556 1211 conduxerat:
586 1184 676 1210 nam
706 1178 746 1210 et
777 1185 825 1210 ex
854 1184 915 1219 ea,
934 1183 1159 1223 quanquam
1183 1168 1464 1219 commentitia,
1486 1168 1592 1207 vide-

120 1235 226 1282 bitis,
248 1240 512 1273 commentum
533 1246 621 1272 esse
640 1239 765 1272 totum
784 1239 1077 1272 testamentum.
1121 1232 1341 1271 Ostendam
1360 1237 1490 1270 autem
1508 1243 1592 1268 eam

119 1297 370 1343 locationem,
387 1310 506 1349 quam
534 1297 607 1336 iste
638 1296 824 1345 exhibuit,
844 1309 923 1348 non
942 1295 1070 1342 aliam,
1097 1295 1136 1333 in
1165 1308 1242 1347 qua
1269 1301 1332 1334 est
1355 1293 1594 1345 adscriptum

121 1366 271 1414 patrem
291 1358 474 1398 undecim
494 1359 636 1398 debere
655 1358 806 1397 talenta
832 1358 897 1397 isti
926 1358 978 1397 ad
1006 1357 1197 1410 deposita.
1255 1358 1356 1397 Sunt
1383 1363 1514 1396 autem
1533 1369 1595 1403 ea,

122 1422 271 1474 opinor,
290 1421 530 1474 hujusmodi.
587 1421 856 1460 Domesticam
888 1421 1110 1474 pecuniam,
1139 1426 1184 1458 ut
1214 1419 1328 1458 matri
1360 1424 1595 1458 testamento

124 1483 308 1535 legatam,
328 1482 368 1521 in
389 1496 498 1521 suam
521 1489 753 1535 potestatem
772 1483 935 1535 redegit,
954 1488 1000 1521 ut
1016 1482 1135 1521 modo
1155 1480 1376 1520 audivistis:
1398 1494 1484 1520 eam
1503 1493 1596 1519 vero

123 1559 212 1597 quae
232 1546 273 1584 in
292 1558 428 1584 mensa
445 1551 543 1593 erat,
561 1557 678 1597 quam
698 1558 831 1584 omnes
851 1551 991 1584 norant
1010 1558 1176 1597 quaeque
1192 1543 1322 1583 caelari
1337 1557 1415 1582 non
1432 1549 1596 1595 poterat,

124 1607 370 1647 ostendendo
389 1614 538 1660 patrem
558 1615 735 1647 nostrum
756 1609 970 1647 obaeratum
990 1621 1090 1655 esse,
1112 1613 1169 1654 ut,
1189 1620 1435 1659 quaecunque
1454 1606 1598 1644 habere

126 1670 434 1717 convinceretur,
460 1683 507 1709 ea
531 1683 572 1709 se
601 1671 793 1722 recepisse
825 1677 1028 1710 assereret.
1085 1669 1167 1708 Vos
1196 1675 1328 1708 autem
1359 1681 1462 1715 eum,
1489 1667 1597 1720 quod

126 1746 270 1785 genere
285 1732 473 1772 sermonis
492 1733 743 1772 insolentiore
766 1733 900 1778 utitur,
918 1734 1128 1771 barbarum
1151 1730 1325 1770 fortassis
1344 1737 1383 1769 et
1401 1730 1597 1769 hominem

127 1795 343 1847 simplicem
361 1795 532 1847 putatis:
563 1802 623 1834 est
641 1808 732 1834 vero
750 1796 937 1833 barbarus
957 1795 1047 1833 odio
1066 1794 1105 1832 in
1126 1806 1192 1832 eos
1212 1806 1311 1844 quos
1332 1793 1459 1831 colere
1479 1792 1598 1831 debe-

126 1857 208 1904 bat,
229 1857 299 1896 sed
330 1857 528 1896 maleficiis
558 1864 596 1896 et
627 1857 849 1909 corruptela
876 1857 1121 1908 negotiorum
1152 1855 1307 1893 nemine
1338 1861 1399 1893 est
1428 1855 1598 1894 inferior.

128 1918 237 1970 Cape
255 1918 491 1958 locationem
510 1925 550 1957 et
566 1919 668 1970 lege,
688 1932 805 1970 quam
825 1919 962 1957 eodem
982 1917 1099 1956 modo
1117 1930 1187 1969 per
1204 1916 1521 1970 provocationem
1540 1916 1598 1954 in-

120 1986 315 2032 jecerunt.

619 2083 852 2122 LOCATIO
884 2083 1104 2122 MENSAE.

161 2177 224 2208 His
238 2177 587 2208 conditionibuslocavit
596 2178 690 2209 Pasio
701 2188 835 2209 mensam
847 2179 1039 2209 Phormioni:
1054 2184 1087 2209 ut
1100 2189 1156 2219 pro
1166 2177 1318 2209 locatione
1333 2188 1445 2209 mensae
1452 2180 1601 2211 Phormio

131 2231 202 2261 filiis
218 2231 362 2261 Pasiouis
377 2230 448 2261 bina
464 2230 578 2260 talenta
590 2236 621 2261 et
635 2231 846 2271 quadragenas
866 2232 963 2261 minas
976 2231 1139 2270 quotannis
1159 2231 1270 2267 solvat,
1282 2236 1395 2271 praeler
1405 2232 1600 2272 quotidianas

129 2283 295 2321 impensas,
310 2293 348 2313 ne
365 2292 440 2312 vero
457 2281 550 2312 liceat
567 2282 696 2312 seorsim
713 2283 915 2323 argentariam
932 2284 1032 2313 facere
1053 2283 1242 2319 Phormioni,
1259 2283 1317 2313 nisi
1335 2293 1352 2313 a
1365 2283 1474 2314 liberis
1490 2284 1600 2315 Pasic-

128 2334 178 2366 nis
193 2334 227 2364 id
240 2333 410 2374 impetrarit
424 2343 433 2372 3
448 2333 542 2364 debet
557 2337 658 2364 autem
671 2333 767 2365 Pasio
784 2335 822 2365 ad
840 2345 972 2365 mensam
990 2335 1133 2366 undecim
1149 2335 1264 2366 talenta
1278 2335 1317 2365 ad
1332 2335 1483 2374 deposita.

132 2426 261 2470 Quam
281 2426 398 2478 igitur
417 2426 637 2478 pactionem
656 2427 844 2474 exhibuit,
865 2442 914 2467 ex
939 2442 1018 2481 qua
1045 2428 1279 2468 conduxerit
1308 2443 1497 2478 mensam,
1516 2430 1600 2469 haec

131 2495 204 2534 est,
225 2487 400 2528 Judices.
457 2488 612 2527 Auditis
644 2497 773 2529 autem
799 2490 838 2528 in
865 2504 913 2530 ea
941 2491 1032 2543 legi,
1061 2491 1178 2530 istum
1205 2492 1412 2532 locationis
1444 2494 1601 2532 nomine

130 2548 303 2600 pendere
323 2549 481 2598 debere,
505 2556 641 2602 praeter
660 2551 907 2603 quotidianas
928 2553 1136 2605 impensas,
1151 2555 1243 2592 bina
1261 2555 1411 2594 talenta
1443 2562 1481 2594 et
1503 2567 1598 2605 qua-

132 2611 326 2664 dragenas
337 2613 463 2652 minas
478 2614 689 2665 quotannis
705 2627 714 2652 :
733 2627 811 2653 non
828 2615 944 2653 licere
961 2622 1090 2654 autem
1103 2616 1137 2654 ei
1151 2617 1408 2668 argentariam
1425 2629 1600 2655 seorsum

131 2674 274 2722 facere,
293 2675 366 2713 nisi
386 2675 497 2714 nobis
512 2675 553 2714 id
571 2678 826 2727 persuaserit:
855 2684 1054 2729 postremo
1073 2691 1165 2717 vero
1185 2678 1424 2730 adscriptum
1443 2685 1514 2723 est,
1535 2678 1601 2717 de-

132 2736 199 2774 bet
217 2743 346 2775 autem
365 2736 481 2776 Pasio
499 2737 679 2775 undecim
702 2737 852 2777 talenta
870 2739 908 2777 in
929 2739 1119 2791 deposita.
1177 2740 1250 2779 Est
1268 2754 1358 2779 vero
1378 2740 1599 2791 quisquam,

134 2797 200 2848 qui
218 2797 312 2850 ligni
331 2804 372 2837 et
400 2799 477 2838 loci
498 2805 542 2838 et
559 2799 714 2838 tabellae
734 2807 883 2840 tantam
902 2803 1110 2841 sustineret
1129 2802 1361 2841 locationem
1373 2802 1388 2839 ’ἒ
1421 2803 1491 2841 Est
1509 2816 1601 2841 vero

135 2857 350 2909 quisquam,
367 2861 434 2912 qui
455 2859 504 2907 ei,
532 2874 600 2912 per
618 2874 735 2912 quern
754 2875 888 2901 mensa
906 2869 1058 2902 tantum
1079 2864 1166 2902 aeris
1188 2864 1302 2902 alieni
1329 2864 1599 2912 contraxisset,

133 2918 285 2971 reliqua
302 2921 507 2960 crederet?
551 2922 592 2961 Si
622 2923 725 2962 enim
746 2930 805 2963 tot
822 2925 998 2976 pecuniae
1018 2925 1241 2976 defuerunt,
1262 2925 1335 2963 isto
1354 2934 1601 2977 procuratore

135 2979 355 3022 defuerunt.
412 2983 527 3023 Scitis
554 2985 657 3024 enim
689 2999 837 3033 omnes,
872 2987 988 3027 etiam
1016 3000 1103 3027 cum
1129 2994 1241 3039 pater
1266 2988 1523 3040 argentariam
1545 2989 1602 3027 fa-
