1948 3306
311 186 388 222 600
751 182 1041 221 ADVERSUS
1073 181 1333 221 SPUDIAM.

308 284 584 337 desponderet,
602 284 668 335 qui
686 284 814 322 sciunt
832 297 895 322 me
922 285 1048 322 minus
1070 284 1285 335 accepisse,
1313 281 1379 334 qui
1405 269 1496 320 eum'
1512 283 1763 321 confitentem

310 360 351 384 se
386 346 525 384 debere
556 345 646 382 mihi
676 346 880 383 audierunt
896 346 1175 396 jubentemque
1215 343 1404 392 satisfieri,
1424 343 1490 395 qui
1516 343 1679 396 denique
1709 344 1770 382 fa-

308 409 426 446 ctioni
446 408 665 446 testamenti
698 407 966 446 interfuerunt.
1026 406 1098 445 His
1124 407 1226 445 enim
1256 406 1436 445 omnibus
1457 406 1545 444 haec
1572 406 1612 444 in
1641 419 1768 445 meam

309 470 474 519 gratiam
493 469 620 507 facere
642 481 719 506 non
737 468 859 515 licuit,
893 467 962 505 sed
993 468 1204 519 periculum
1225 467 1312 506 falsi
1335 466 1547 506 testimonii
1571 466 1770 519 impende-

311 536 382 576 ret,
404 531 434 568 si
455 531 548 581 quid
566 530 672 581 quod
691 530 835 567 factum
857 543 936 567 non
955 536 1059 567 esset
1077 529 1388 568 testificarentur.

365 594 403 628 7.
423 592 657 629 Omittamus
676 590 791 641 igitur
802 589 877 628 hoc
898 603 1027 628 nunc:
1056 591 1107 628 ad
1127 590 1221 628 illud
1237 598 1368 629 autem
1384 589 1479 640 quid
1493 587 1771 640 respondebis?
1811 619 1816 631 „

313 653 416 691 Nam
436 653 475 691 hi
495 661 599 691 certo
619 653 688 690 abs
710 659 748 690 te
769 652 962 691 edocendi
981 660 1120 690 erunt:
1141 653 1246 703 quod
1266 652 1305 690 ni
1324 653 1473 698 fecerit,
1494 665 1563 691 vos
1582 651 1621 689 id
1638 664 1772 689 omnes

314 716 361 753 ab
374 727 420 753 eo
442 714 689 766 postulatote.
747 714 877 757 Quum
897 714 999 752 enim
1020 714 1257 766 Polyeuctus
1278 714 1346 751 illa
1359 719 1595 751 testamento
1615 711 1774 751 manda-

310 784 383 822 ret,
406 777 514 814 istius
527 789 622 814 uxor
642 776 947 826 aderat—quam
964 776 1085 827 patris
1102 776 1135 814 ei
1155 775 1362 814 nunciasse
1383 781 1658 813 testamentum
1680 787 1774 812 eon-

313 845 412 877 stat:
445 837 476 874 si
496 837 707 888 praesertim
734 837 808 888 ipsi
837 836 931 874 nihil
962 836 1060 887 aequi
1092 838 1346 882 tribuebatur,
1367 836 1399 874 si
1427 835 1616 874 deteriore
1634 841 1717 873 erat
1735 835 1772 872 in

313 899 492 937 omnibus
512 898 802 944 conditione—‚
823 898 916 948 quin
936 905 975 936 et
999 899 1072 937 iste
1093 899 1174 950 ipse
1195 898 1268 936 fuit
1294 898 1520 944 accersitus,
1541 910 1619 949 quo
1646 897 1774 934 minus

311 961 461 999 habent
478 961 584 1011 quod
603 960 751 1006 dicant,
773 973 842 998 nos
864 960 1086 998 clanculum
1116 973 1235 1010 seque
1261 960 1529 1010 ignorantibus
1558 972 1606 998 ea
1633 961 1775 1010 egisse.

314 1022 417 1060 Nam
448 1035 535 1059 cum
566 1028 780 1068 vocaretur,
802 1034 842 1059 se
873 1028 1107 1072 occupatum
1141 1034 1241 1068 esse,
1262 1033 1421 1059 uxorem
1452 1033 1562 1058 suam
1587 1020 1775 1059 interesse

313 1084 406 1121 satis
426 1096 526 1129 esse,
546 1083 715 1121 dicebat.
776 1083 881 1126 Quid
896 1083 1024 1121 adhuc
1043 1083 1231 1133 reliquum
1253 1082 1340 1120 est?
1390 1082 1489 1121 Cum
1509 1082 1667 1133 quidem
1688 1082 1776 1120 Ari-

314 1152 498 1196 stogenes
523 1146 558 1183 ei
578 1145 664 1183 haec
690 1145 820 1182 omnia
843 1152 1023 1183 accurate
1051 1146 1334 1190 renunciasset,
1357 1158 1406 1184 ne
1435 1152 1518 1182 tum
1545 1157 1633 1182 eum
1652 1145 1774 1182 ullum

312 1208 472 1246 verbum
490 1207 629 1244 fecisse
649 1213 812 1253 constat,
833 1206 903 1245 sed
923 1220 1011 1245 cum
1029 1214 1118 1257 post
1130 1207 1215 1245 haec
1234 1207 1470 1258 Polyeuctus
1487 1206 1649 1257 amplius
1666 1206 1777 1257 qain-

313 1282 390 1319 que
411 1269 491 1306 dies
510 1269 683 1313 vixisset,
704 1282 830 1319 neque
850 1275 1088 1319 conquestus
1109 1275 1169 1306 est
1188 1281 1276 1306 cum
1301 1268 1500 1320 ingressus
1520 1274 1636 1313 esset,
1651 1280 1777 1318 neque

313 1333 522 1382 quicquam
557 1337 693 1369 contra
723 1331 841 1368 dixit:
872 1344 943 1369 nec
975 1331 1067 1369 item
1098 1331 1180 1382 ejus
1207 1344 1314 1376 uxor,
1335 1344 1423 1381 quae
1454 1331 1502 1368 ab
1535 1330 1643 1368 initio
1663 1331 1778 1368 rebus

314 1393 492 1434 omnibus
523 1392 762 1431 interfuerat.
819 1394 950 1435 Quare
983 1405 1060 1430 non
1086 1396 1168 1441 jam
1198 1392 1436 1444 Polyeuctus
1466 1392 1542 1430 ista
1567 1391 1659 1429 mihi
1687 1404 1780 1429 con-

315 1454 500 1499 donabat,
519 1460 562 1491 ut
582 1461 755 1504 apparet,
778 1454 849 1492 sed
868 1454 1104 1505 vosmetipsi.
1162 1454 1312 1492 Horum
1341 1452 1457 1504 igitur
1482 1465 1686 1497 memores,
1710 1454 1781 1490 Ju-

316 1516 438 1562 dices,
457 1529 516 1561 ea,
536 1516 567 1553 si
587 1516 680 1566 quid
702 1516 863 1554 fortasse
881 1516 930 1554 de
949 1515 1009 1554 his
1030 1516 1235 1555 calumniae
1256 1515 1478 1561 instituerit,
1500 1521 1633 1566 aperte
1649 1514 1780 1566 objici-

316 1584 410 1616 tote.
468 1578 640 1615 Primum
661 1585 790 1616 antem
809 1585 852 1615 ut
870 1586 979 1616 certo
1000 1578 1146 1624 sciatis,
1159 1590 1241 1616 rem
1259 1577 1314 1615 ita
1332 1589 1374 1615 se
1392 1577 1552 1623 habere,
1566 1582 1690 1616 testes
1710 1589 1779 1614 au-

318 1640 409 1679 dite.
469 1641 621 1678 Recita.

945 1791 1158 1828 TESTES.

324 1887 504 1934 Proinde,
524 1887 698 1932 Judices,
716 1886 821 1923 aedes
860 1884 951 1922 mihi
978 1884 1236 1935 Polyeuctum
1267 1883 1371 1921 mille
1392 1883 1586 1922 drachmis
1606 1884 1694 1935 jure
1714 1896 1782 1934 op-

323 1949 565 2000 pignerasse‚
586 1956 630 1985 ut
653 1961 741 1998 quae
761 1947 854 1984 mihi
870 1948 950 1997 jam
971 1953 1084 1984 antea
1109 1945 1353 1990 deberentur,
1372 1945 1447 1983 iste
1465 1945 1549 1996 ipse
1577 1945 1668 1982 mihi
1688 1957 1782 1983 con-

322 2013 462 2058 firmat,
483 2018 522 2048 et
539 2010 620 2061 ejus
639 2022 747 2056 uxor,
766 2015 908 2060 praeter
926 2008 1022 2046 alios
1043 2007 1108 2058 qui
1129 2006 1394 2045 testimonium
1410 2006 1602 2052 dixerunt,
1621 2006 1685 2057 qui
1703 2013 1784 2044 tum

322 2086 395 2111 nec
415 2072 692 2124 prohibuerint,
718 2084 789 2109 nec
813 2070 1025 2122 Polyeucto
1043 2069 1237 2107 adversati
1264 2069 1342 2107 sint
1360 2081 1449 2106 cum
1469 2068 1502 2106 is
1522 2074 1582 2106 tot
1609 2067 1692 2106 dies
1716 2081 1787 2119 po-

323 2142 406 2174 stea
424 2135 602 2181 vixisset,
621 2147 747 2185 neque
770 2132 1009 2183 Aristogeni‚
1029 2144 1119 2170 cum
1148 2131 1314 2182 primum
1343 2129 1558 2168 audissent.
1614 2129 1733 2173 Quod
1757 2129 1789 2166 si

321 2198 427 2236 aedes
451 2198 537 2245 jure
568 2197 833 2247 oppigneratae
866 2201 968 2240 sunt,
990 2194 1097 2232 vobis
1129 2192 1262 2240 (modo
1293 2191 1392 2242 legis
1418 2190 1689 2239 memineritis)
1712 2190 1787 2228 hac

322 2259 477 2310 quidem
496 2260 534 2297 in
552 2264 662 2310 parte
683 2257 868 2309 Spudiam
888 2257 1089 2295 absolvere
1118 2269 1195 2294 non
1213 2255 1358 2294 licebit.

380 2323 417 2359 8.
448 2321 563 2372 Agite
589 2321 684 2358 illud
703 2320 818 2358 etiam
839 2319 888 2357 de
906 2319 1043 2370 viginti
1062 2319 1191 2364 minis,
1212 2331 1309 2369 quas
1330 2330 1409 2356 non
1426 2317 1588 2367 profert,
1608 2315 1788 2354 conside—

324 2390 430 2421 rate:
461 2382 601 2420 etenim
627 2382 688 2420 hic
713 2394 844 2419 rursus
863 2381 934 2418 iste
954 2381 1145 2418 maximus
1175 2380 1246 2418 erit
1273 2379 1365 2417 mihi
1386 2379 1507 2424 testis,
1527 2390 1606 2416 non
1630 2377 1789 2428 quidem

324 2450 428 2482 certe
460 2444 647 2489 oratione,
682 2456 770 2481 cum
802 2455 906 2480 nunc
934 2455 1042 2480 meus
1077 2442 1127 2479 sit
1155 2440 1412 2487 adversarius,
1445 2438 1791 2489 Judices,—idque

325 2505 473 2543 nullum
504 2512 564 2543 est
589 2510 928 2555 argumentum—‚
961 2504 1030 2541 sed
1059 2504 1163 2541 facto
1189 2503 1341 2541 illustri.
1400 2501 1504 2546 Quid
1532 2501 1648 2553 igitur
1681 2500 1790 2547 fecit,

325 2565 516 2605 Judiees?
555 2567 642 2604 Hoc
662 2578 765 2603 nunc
793 2564 1102 2610 animadvertite,
1122 2570 1179 2608 ut,
1203 2563 1234 2601 si
1254 2563 1352 2601 forte
1371 2561 1420 2600 de
1440 2568 1561 2600 matre
1589 2561 1791 2599 mulierum

328 2628 427 2666 male
457 2627 562 2678 loqui
585 2627 759 2671 audebit,
779 2633 847 2664 aut
875 2627 924 2664 de
953 2626 1109 2672 tabulis,
1129 2637 1200 2662 vos
1227 2625 1282 2662 rei
1302 2636 1442 2674 gnaros
1461 2623 1643 2674 decipere
1662 2622 1789 2660 verbis

327 2702 405 2726 non
437 2689 572 2740 possit.
632 2689 710 2726 Eas
744 2688 846 2725 enim
874 2687 1029 2726 tabulas
1061 2686 1215 2737 reliquit
1241 2685 1446 2737 Polyeucti
1472 2697 1583 2730 uxor,
1604 2689 1647 2721 ut
1673 2683 1791 2735 paulo

327 2757 416 2789 ante
437 2750 538 2788 dixi:
568 2763 655 2788 curn
676 2763 768 2788 vero
789 2749 900 2800 signa
918 2755 956 2787 et
979 2750 1027 2787 ab
1053 2749 1162 2786 istius
1182 2754 1222 2786 et
1241 2760 1264 2784 a
1283 2759 1371 2785 mea
1388 2758 1512 2784 uxore
1531 2758 1793 2796 agnosceren-

327 2817 403 2856 tur,
426 2819 589 2862 uterque
609 2824 781 2863 praesens
797 2824 862 2849 eas
884 2810 1103 2861 aperuimus
1131 2816 1170 2847 et
1194 2808 1371 2860 exempla
1390 2806 1624 2858 accepimus,
1651 2812 1692 2844 et
1707 2819 1793 2844 rur·

328 2885 394 2911 sus
426 2873 651 2923 obsignatas
679 2872 781 2923 apud
817 2871 1088 2921 Aristogenem
1116 2868 1377 2921 deposuimus.
1434 2868 1524 2907 Hoc
1550 2868 1680 2919 igitur,
1703 2867 1792 2910 boc,

329 2933 503 2979 Judices,
523 2947 591 2984 per
612 2933 706 2971 deos
735 2946 802 2972 oro
824 2932 1072 2983 cognoscite!
1114 2931 1271 2969 Inerant
1295 2930 1396 2968 enim
1426 2929 1515 2968 duae
1544 2929 1674 2975 minae,
1693 2928 1791 2968 servi
