1915 3356
628 170 684 206 IN
716 168 1168 207 CTESIPHONTEM.
1585 170 1635 206 75

164 268 288 307 fectos
315 269 537 308 ratiociniis.
588 270 678 314 Quo
698 277 815 322 pacto
830 270 1003 316 tandem,
1020 271 1088 320 qui
1110 283 1181 308 nec
1202 269 1370 321 sumpsit
1389 282 1460 307 nec
1487 270 1632 307 insum-

163 330 242 381 psit
258 330 478 381 quicquam,
498 332 686 374 rationem
713 332 854 370 reddet
880 330 1054 370 civitati?
1085 331 1163 368 Lex
1193 331 1279 382 ipsa
1309 331 1464 382 subjicit
1489 344 1534 369 ac
1565 330 1633 370 de-

163 390 289 428 clarat
302 403 390 441 quae
408 392 613 431 scribenda
634 392 724 430 sint.
754 393 878 431 Jubet
892 391 994 429 enim
1009 391 1085 429 hoc
1105 391 1232 441 ipsum
1251 392 1394 430 tabulis
1410 392 1633 440 inscribere,

162 465 210 490 se
257 466 345 491 nec
396 454 663 505 sumpsisse
708 455 966 504 quicquam
1004 467 1026 492 e
1063 453 1268 504 publico
1316 466 1408 492 nec
1447 453 1629 491 insum:

160 513 336 564 psisse.
378 516 550 554 Omnino
570 523 698 554 autem
715 529 863 562 eorum,
882 530 969 567 quae
988 516 1027 554 in
1046 515 1119 553 hac
1140 513 1295 553 civitate
1318 523 1421 562 sunt,
1440 516 1533 553 nihil
1554 522 1629 561 est,

159 575 209 613 de
228 589 306 626 quo
325 591 403 616 non
423 578 627 616 reddenda
642 577 694 616 sit
706 578 818 624 ratio,
836 578 885 617 de
901 591 979 628 quo
991 591 1070 616 non
1085 576 1134 615 sit
1146 576 1413 627 quaerendum,
1427 577 1532 628 quod
1552 590 1630 615 non

158 637 208 674 sit
227 639 524 690 explorandum¹
565 639 665 683 Quae
683 646 728 678 ut
747 653 772 678 a
790 654 851 679 me
873 653 961 679 vere
987 640 1065 678 dici
1095 639 1350 690 pernoscatis,
1372 639 1477 689 ipsas
1497 639 1629 677 audite

155 697 275 748 leges.

792 814 979 853 LEGES.

156 895 256 934 Cum
285 897 404 949 igitur
422 899 462 936 in
490 899 565 938 hoc
592 900 760 938 maxime
789 914 830 938 se
853 901 1019 952 jactabit
1051 900 1357 947 Demosthenes,
1383 901 1565 952 dicetque
1588 915 1629 939 se

152 964 311 1009 propter
328 960 573 1011 largitionem
595 975 703 1000 suam
729 963 944 1002 rationibus
967 963 1175 1002 reddendis
1196 976 1274 1001 non
1295 976 1381 1001 esse
1401 963 1627 1008 obnoxium,

151 1019 251 1058 illud
296 1023 427 1060 statim
466 1025 502 1061 ei
541 1024 738 1074 opponite,
777 1038 891 1076 ergo
936 1033 995 1072 te,
1045 1025 1419 1070 Demosthenes,
1460 1024 1626 1062 sinere

153 1084 414 1132 oportebat
442 1085 854 1124 ratiocinatorum
881 1099 1155 1139 praeconem
1178 1088 1389 1139 patrium
1424 1086 1555 1124 illud
1580 1094 1626 1124 et

151 1142 426 1195 legitimum
459 1148 758 1197 praeconium
786 1162 1039 1200 usurpare,
1075 1161 1442 1193 QUISAACCUSARE
1474 1148 1622 1185 vum-⁴?

153 1205 305 1245 sinito
350 1208 639 1260 disceptare
687 1216 844 1248 tecum
892 1212 1108 1262 quemvis
1157 1211 1348 1257 civium,
1398 1223 1453 1247 an
1500 1209 1623 1246 nihil

151 1267 216 1305 sis
259 1268 491 1319 largitus,
530 1271 614 1308 sed
664 1271 720 1308 de
755 1272 936 1317 multis,
975 1286 1079 1322 quae
1123 1280 1338 1323 accepta
1384 1271 1531 1309 habes
1577 1272 1622 1308 in

127 1341 393 1372 ⁴murorum
416 1332 766 1376 refectionem,
792 1345 956 1383 pauca
982 1333 1299 1384 impenderis,
1327 1345 1429 1370 cum
1458 1333 1620 1370 decem

149 1390 342 1429 talenta
376 1405 436 1430 eo
474 1391 680 1430 nomine
721 1405 744 1430 a
777 1392 1004 1431 civitate
1048 1394 1377 1445 accepisses:
1414 1405 1475 1430 ne
1520 1394 1622 1431 tibi
1691 1400 1693 1402 ’

150 1451 512 1490 liberalitatis
545 1452 747 1491 laudern
787 1454 979 1505 rapito,
1014 1467 1178 1505 neque
1218 1454 1457 1493 calculos
1489 1468 1510 1492 e
1541 1468 1556 1505 J
1575 1468 1618 1492 u-

150 1513 315 1551 dicum
361 1514 594 1552 manibus
632 1521 983 1566 extorqueto,
1022 1528 1185 1566 neque
1223 1515 1370 1566 leges
1408 1522 1618 1554 antece-

152 1574 271 1613 dere
311 1575 404 1613 sed
442 1576 586 1626 sequi
628 1564 847 1614 velis⁹in
889 1589 988 1627 rep.
1035 1575 1269 1627 gerenda.
1322 1577 1359 1613 H
1377 1589 1444 1614 aec
1486 1577 1618 1614 enim

150 1635 563 1676 dominationem
598 1637 814 1688 erigunt
844 1638 992 1690 popul
1008 1650 1158 1676 arem.

203 1699 265 1736 10.
296 1699 433 1749 Itaque
453 1699 642 1737 adversus
663 1699 807 1747 futiles,
828 1713 926 1750 quos
940 1701 1092 1750 fingent
1105 1699 1181 1745 isti,
1198 1704 1410 1750 praetextus
1426 1698 1617 1738 hactenus

146 1773 169 1798 a
189 1760 303 1799 nobis
332 1761 479 1800 dictum
501 1762 564 1800 sit.
605 1761 761 1801 Revera
786 1768 917 1800 autem
938 1761 1149 1800 referendis
1169 1761 1383 1799 rationibus
1406 1761 1618 1799 obnoxium

144 1823 267 1862 fuisse
289 1822 614 1870 Demosthenem,
630 1824 696 1862 ubi
717 1824 854 1862 scitum
875 1823 981 1862 istud
1009 1823 1224 1875 Ctesiphon
1244 1823 1407 1873 rogavit,
1433 1835 1521 1860 curn
1549 1836 1617 1874 pe-

144 1885 270 1923 cuniae
289 1884 483 1930 theatrali,
505 1892 544 1923 et
560 1899 755 1924 murorum
777 1886 892 1924 simul
912 1885 1112 1924 refectioni
1133 1886 1362 1937 praepositus
1382 1892 1498 1932 esset,
1520 1899 1615 1924 neu-

143 1946 318 1997 triusque
337 1946 589 1997 magistratus
609 1947 797 1985 rationem
823 1947 1075 1994 reddidisset,
1095 1961 1168 1998 ego
1191 1947 1275 1998 jam
1300 1960 1369 1985 vos
1399 1961 1446 1985 ex
1474 1948 1616 1986 tabulis

143 2007 308 2059 publicis
341 2008 512 2046 conabor
542 2008 719 2047 edocere.
768 2009 909 2048 Recita
946 2022 1037 2060 ergo
1073 2009 1178 2056 mihi,
1218 2022 1297 2060 quo
1326 2015 1504 2060 praetore,
1538 2023 1615 2061 quo

143 2083 290 2117 mense,
305 2082 382 2120 quo
396 2069 473 2115 die,
487 2076 528 2108 et
546 2071 585 2108 in
606 2083 685 2121 qua
703 2071 890 2109 concione
907 2071 1198 2109 Demosthenes
1218 2071 1418 2109 theatralis
1438 2071 1615 2121 pecuniae

143 2138 299 2170 curator
319 2131 370 2170 sit
388 2131 556 2170 electus.
601 2132 675 2182 [Ut
693 2132 924 2183 intelligatitffi
960 2132 1158 2171 decretam
1192 2132 1226 2170 ei
1255 2145 1436 2171 coronam
1462 2146 1547 2171 esse
1578 2133 1612 2170 in

141 2193 271 2232 medio
289 2193 551 2244 magistratu]
597 2193 749 2231 Recita.

568 2330 912 2369 SUPPUTATIO
943 2331 1179 2370 DIERUM.

141 2428 280 2478 Itaque
300 2427 332 2465 si
351 2425 445 2464 nihil
465 2426 630 2478 amplius
649 2427 906 2478 probaverim,
921 2427 1012 2478 jure
1032 2433 1164 2466 tamen
1193 2427 1340 2479 optimo
1365 2427 1612 2466 damnaretur

141 2488 371 2541 Ctesiphon.
402 2489 542 2540 Neque
563 2488 667 2527 enim
687 2501 774 2526 eum
794 2488 994 2528 accusatio
1013 2502 1115 2540 mea,
1132 2489 1202 2528 sed
1223 2497 1311 2528 acta
1324 2490 1483 2540 publica
1502 2503 1611 2528 coar-

139 2557 278 2602 guunn

196 2614 259 2651 11.
289 2611 385 2650 Erat
410 2611 502 2650 olim
521 2611 693 2663 quidem,
714 2611 990 2659 Athenienses,
1019 2619 1152 2650 custos
1179 2625 1202 2650 a
1232 2612 1387 2650 civitate
1417 2612 1609 2660 delectus,

137 2673 204 2726 qui
222 2673 262 2711 in
282 2673 446 2725 singulis
466 2674 635 2711 tribuum
655 2673 822 2725 imperiis
842 2672 1012 2711 rationes
1030 2673 1282 2723 vectigalium
1302 2673 1446 2724 populo
1467 2673 1606 2711 resere-

137 2737 229 2774 bat:
258 2742 412 2786 propter
434 2748 520 2773 eam
548 2741 675 2773 autem
697 2747 815 2786 quam
844 2734 949 2785 apud
976 2747 1045 2772 vos
1075 2733 1253 2772 Eubulus
1282 2741 1517 2772 consecutus
1546 2741 1608 2772 est

140 2797 422 2843 auctoritatem,
442 2797 467 2834 ii
492 2796 632 2847 quibus
661 2795 859 2834 theatralis
892 2796 1058 2846 pecunia
1088 2795 1270 2846 suffragio
1300 2795 1484 2833 mandata
1509 2803 1605 2843 erat,

137 2858 400 2910 fungebantur
418 2857 590 2908 quidem,
611 2864 700 2896 ante
720 2857 848 2908 legem
866 2856 971 2895 illam
993 2856 1245 2908 Hegemonis,
1268 2864 1306 2894 et
1330 2857 1503 2896 custodis
1522 2870 1603 2897 ma-

137 2919 315 2971 gistratu,
337 2928 376 2958 et
394 2925 632 2970 quaestorum
652 2919 767 2959 simul
789 2924 829 2957 et
848 2918 1050 2958 navalibus
1070 2919 1339 2970 praefectorum
1364 2919 1602 2966 muneribus,
