1948 3306
356 186 432 222 844
934 188 1222 229 EPISTOLAE.

354 289 385 326 si
414 289 506 340 quid
526 297 686 337 erretur,
703 291 847 331 nullam
874 294 995 331 veniae
1016 307 1123 345 spem
1142 307 1228 332 esse
1249 294 1495 346 propositam.
1545 294 1609 334 Ad
1625 294 1710 334 haec
1729 308 1810 334 non

351 363 437 388 esse
451 351 600 402 justum
626 353 794 402 omnino,
814 355 922 393 aliter
949 368 1064 407 quam
1097 355 1146 410 de
1175 356 1326 394 vivente
1352 356 1505 404 sentire,
1524 356 1740 408 decereque
1765 363 1810 395 ut

350 410 623 451 defunctorum
657 415 784 466 potius
814 429 930 466 quam
963 416 1174 454 viventium
1208 417 1393 455 rationem
1424 416 1615 463 habeatis,
1649 425 1688 456 et
1719 430 1807 469 quae

351 481 442 512 sunt
460 475 541 524 ejus
558 476 720 525 generis,
736 478 863 515 omnia
883 478 1002 516 missa
1029 479 1194 517 faciam:
1225 479 1328 529 quod
1362 492 1408 517 ea
1437 479 1476 516 in
1510 479 1691 518 confesso
1722 492 1808 518 esse

349 537 453 586 apud
490 550 624 576 omnes
655 539 840 577 existimo.
900 540 977 577 Sed
1010 554 1124 591 quam
1164 541 1307 579 multos
1338 542 1387 579 ob
1426 547 1584 591 paterna
1620 540 1809 579 beneficia

349 596 579 645 honorastis,
607 609 684 639 tarn
715 601 844 639 multis
865 602 979 639 etiam
1013 602 1170 640 aliorum
1200 603 1360 654 posteris
1382 603 1545 641 similem
1569 602 1700 640 referri
1721 614 1809 653 gra-

346 659 438 698 tiam
469 662 618 700 vellem.
677 663 818 714 Neque
848 677 939 702 vero
975 663 1059 702 haec
1090 665 1196 715 quod
1240 664 1559 716 reprehenderem
1588 663 1712 702 attuli.
1768 664 1808 701 A
1841 667 1846 676 “

346 733 424 771 quo
442 723 595 761 tantum
626 726 776 770 absum,
795 731 839 763 ut
859 738 945 763 eam
976 738 1055 763 rem
1087 726 1251 764 maxime
1276 739 1360 765 esse
1381 740 1402 764 e
1421 725 1622 778 republica
1640 725 1782 763 ducam
1799 737 1808 763 :

344 782 511 822 incitatis
539 785 640 824 enim
666 799 801 824 omnes
831 787 903 825 ista
935 787 1083 825 ratione
1114 788 1164 825 ad
1196 789 1381 839 populum
1415 788 1636 833 colendum,
1663 787 1807 838 quippe

344 845 408 895 qui
430 846 601 893 videant,
624 848 777 886 tametsi
804 848 1025 887 viventibus
1054 850 1186 888 obstet
1215 848 1359 888 invidia
1383 862 1460 901 quo
1487 849 1613 887 minus
1643 849 1807 886 honores

343 908 499 946 meritos
519 917 820 961 consequantur,
840 911 918 949 suis
953 917 1083 950 tamen
1107 911 1236 950 liberis
1270 911 1390 962 digna
1409 910 1569 963 praemia
1591 923 1676 948 esse
1703 909 1808 960 apud

340 979 411 1006 vos
440 971 621 1021 reposita.
679 974 740 1010 An
760 986 838 1011 non
871 974 987 1024 igitur
1013 975 1223 1012 absurdum
1245 981 1361 1026 atque
1382 974 1480 1013 adeo
1505 980 1618 1026 turpe
1645 980 1717 1020 est,
1736 986 1805 1011 vos

339 1030 572 1079 quibusdam
593 1034 688 1080 aliis,
710 1034 800 1073 licet
820 1048 867 1073 ex
887 1049 963 1086 quo
984 1036 1071 1073 usui
1100 1036 1257 1075 fuerunt
1286 1036 1450 1074 multum
1478 1034 1659 1087 temporis
1690 1035 1808 1073 inter-

338 1095 673 1147 cesserit,judicio
693 1097 741 1135 de
761 1097 913 1136 illorum
935 1098 1131 1136 beneficiis
1150 1111 1197 1136 ex
1215 1098 1321 1136 fama
1337 1110 1414 1136 non
1430 1110 1478 1135 ex
1493 1096 1537 1135 iis
1557 1109 1645 1148 quae
1659 1096 1807 1135 vidistis

338 1154 455 1202 facto,
477 1164 606 1196 tamen
615 1162 762 1207 justam
783 1159 1092 1197 benevolentiam
1109 1165 1335 1197 constanter
1354 1159 1542 1197 tribuere:
1583 1158 1805 1209 Lycurgum

339 1223 481 1264 autern,
499 1219 563 1270 qui
596 1233 719 1272 nuper
750 1221 848 1259 adeo
868 1227 908 1258 et
936 1220 1158 1271 reipublicae
1178 1220 1334 1271 praefuit
1353 1227 1393 1258 et
1420 1219 1537 1257 vitam
1559 1232 1648 1257 cum
1683 1225 1806 1257 morte

337 1282 602 1327 commutavit,
623 1295 670 1319 ne
691 1283 729 1320 in
749 1282 792 1320 iis
811 1282 969 1333 quidem
989 1295 1070 1326 vos,
1093 1295 1178 1332 quae
1197 1282 1383 1333 superiori
1395 1288 1566 1332 tempore
1582 1280 1804 1319 hominibus

334 1340 492 1390 perditis
512 1356 675 1394 quoque·
697 1351 735 1382 et
768 1344 805 1381 in
833 1357 899 1382 vos
924 1343 1069 1394 injuriis
1090 1343 1330 1387 tribuebatis‚
1354 1341 1619 1380 misericordia
1651 1341 1736 1380 dico
1766 1349 1806 1381 et

335 1402 586 1450 humanitate,
623 1405 766 1444 similes
798 1406 1037 1456 eosdemque
1071 1405 1249 1456 experiri,
1280 1403 1496 1455 praesertim
1528 1416 1616 1441 cum
1648 1403 1687 1456 in
1720 1407 1802 1453 ejus

333 1463 473 1503 liberos
507 1467 739 1518 supplicium
768 1467 974 1513 redundet,
994 1480 1158 1518 quorum
1186 1466 1301 1504 etiam
1331 1465 1496 1512 hostem,
1517 1465 1548 1503 si
1577 1465 1802 1504 moderatus

332 1526 381 1564 sit
412 1534 452 1565 et
484 1535 615 1566 mente
650 1535 794 1575 utatur,
815 1529 1096 1567 miseresceret.
1156 1528 1273 1575 Quin,
1294 1527 1391 1566 illud
1423 1527 1538 1567 etiam
1569 1527 1750 1575 demiror,
1773 1529 1805 1566 si

331 1587 416 1637 quis
438 1596 604 1627 vestrum
626 1589 700 1628 hoc
719 1590 885 1641 ignorat,
906 1602 986 1627 non
1007 1602 1094 1627 esse
1114 1602 1135 1627 e
1155 1588 1354 1640 republica
1373 1588 1500 1640 palam
1519 1588 1601 1627 fieri
1627 1601 1707 1634 eos,
1736 1589 1802 1640 qui

331 1648 490 1687 aliorum
506 1651 750 1702 quorundam
771 1651 979 1690 amicitiam
999 1651 1070 1689 sibi
1087 1650 1361 1700 adjunxerunt,
1376 1658 1416 1689 et
1434 1664 1522 1689 cum
1542 1664 1604 1689 res
1619 1665 1801 1703 prospere

331 1711 490 1759 cedunt,
511 1713 549 1751 in
578 1713 757 1751 omnibus
777 1727 864 1752 esse
884 1713 1041 1752 meliore
1061 1712 1299 1758 conditi0ne,
1319 1719 1358 1751 et
1389 1726 1479 1751 cum
1506 1713 1661 1751 fortuna
1689 1713 1800 1751 refla—

330 1773 391 1821 rit,
411 1774 526 1814 facile
554 1776 736 1828 periculis
769 1776 943 1815 liberari:
968 1789 1056 1814 cum
1091 1775 1151 1813 his
1170 1788 1275 1822 vero,
1301 1775 1367 1826 qui
1387 1775 1457 1814 toti
1477 1789 1501 1814 a
1529 1775 1674 1827 populo
1706 1789 1801 1827 pen-

330 1835 438 1883 dent,
461 1850 540 1876 non
561 1838 678 1876 modo
698 1838 782 1876 aliis
814 1839 853 1876 in
880 1839 996 1876 rebus
1015 1837 1127 1889 pejus
1148 1837 1225 1889 agi,
1252 1837 1322 1876 sed
1341 1837 1433 1875 solis
1455 1837 1569 1875 etiam
1591 1837 1650 1875 his
1669 1838 1799 1876 firmas

327 1909 551 1948 permanere
571 1899 825 1938 calamitates.
882 1900 1011 1951 Atque
1040 1899 1114 1937 hoc
1144 1899 1200 1937 ita
1228 1899 1324 1944 fieri,
1345 1899 1497 1938 ostendi
1517 1899 1630 1937 facile
1656 1906 1798 1950 potest.

330 1958 428 2002 Quis
462 1957 561 1998 enim
597 1967 768 2000 vestrum
798 1961 952 2013 ignorat
981 1953 1172 2000 accidisse
1197 1967 1242 1999 ut
1274 1959 1430 1999 Laches
1465 1960 1664 2012 Melanopi
1696 1961 1798 1999 filius

326 2019 501 2058 similiter
514 2021 661 2073 judicio
682 2022 916 2070 vinceretur,
945 2029 990 2060 ut
1014 2022 1130 2060 etiam
1161 2034 1266 2060 nunc
1285 2021 1456 2074 Lycurgi
1474 2021 1600 2067 liberi,
1619 2021 1689 2060 sed
1709 2035 1797 2072 pro-

326 2088 412 2132 pter
437 2083 649 2122 Alexandri
666 2083 796 2122 literas
816 2097 930 2122 omne
951 2084 1122 2123 debitum
1144 2084 1181 2123 ei
1200 2096 1290 2122 esse
1318 2082 1614 2122 condonatum?
1649 2084 1700 2122 Et
1717 2097 1797 2122 rur-

326 2155 393 2180 sus
424 2144 696 2183 Mnesibulum
724 2144 1017 2184 Acharnensem
1045 2158 1158 2197 aeque
1191 2145 1412 2184 convictum
1440 2151 1480 2184 et
1500 2144 1679 2197 judicum
1709 2159 1798 2184 sen-

325 2207 447 2245 tentia
476 2207 716 2254 damnatum,
737 2220 783 2246 ac
811 2208 978 2260 Lycurgi
1012 2208 1166 2255 liberos,
1193 2221 1280 2246 esse
1305 2215 1438 2246 tamen
1467 2208 1587 2259 (quod
1614 2208 1797 2260 equidem

326 2269 500 2318 gaudeo)
525 2277 568 2308 ut
601 2272 822 2309 merebatur
853 2270 1105 2309 absolutum?
1151 2270 1289 2322 Neque
1318 2271 1526 2322 quisquam
1552 2271 1714 2310 istorum
1730 2271 1795 2323 qui

324 2343 430 2369 nunc
467 2331 681 2379 clamitant,
712 2339 920 2384 propterea
949 2333 1056 2384 leges
1089 2333 1220 2379 everti,
1253 2332 1360 2384 queri
1393 2332 1599 2385 potuisset.
1667 2333 1794 2384 quue

324 2391 474 2431 merito.
532 2393 616 2432 Nec
644 2395 748 2432 enim
778 2395 1062 2439 evertebantur,
1083 2407 1169 2432 cum
1201 2407 1337 2433 omnes
1363 2394 1469 2446 leges
1497 2401 1656 2447 propter
1673 2395 1795 2447 aequi-

325 2460 442 2492 tatem
459 2462 499 2492 et
519 2455 684 2493 salutem
704 2456 895 2493 bonorum
914 2465 952 2494 et
971 2455 1075 2507 frugi
1100 2455 1300 2494 hominum
1321 2456 1508 2503 ferantur,
1528 2469 1696 2507 cumque
1721 2470 1793 2495 nec

325 2514 566 2554 calamitates
595 2517 695 2555 effici
715 2517 951 2556 immortales
977 2532 1049 2557 nec
1075 2519 1247 2570 ingratos
1268 2519 1387 2558 videri
1419 2519 1614 2570 expediat.
1671 2520 1791 2571 Atqui

323 2576 354 2613 si
375 2577 456 2615 haec
477 2578 543 2624 ita,
563 2583 618 2616 ut'
634 2580 950 2630 pronunciamus,
983 2594 1024 2620 se
1049 2581 1193 2620 habere
1213 2582 1411 2627 conducit,
1433 2596 1511 2620 non
1538 2582 1655 2620 modo
1681 2583 1790 2634 leges

322 2652 399 2677 non
433 2641 680 2687 evertebatiS,
700 2656 789 2680 cum
822 2642 909 2681 illos
943 2643 1211 2689 absolveretis,
1238 2645 1308 2682 sed
1337 2644 1455 2682 vitam
1483 2643 1599 2681 etiam
1633 2644 1789 2692 civium,

320 2714 480 2751 quorum
496 2703 602 2754 leges
619 2703 845 2742 auctoritate
861 2705 1086 2743 sanciuntur
1100 2704 1384 2751 defendebafis,
1404 2705 1572 2743 Lachete
1591 2705 1640 2744 ad
1653 2719 1788 2757 preces

321 2763 538 2802 Alexandri
568 2765 758 2811 absoluto,
790 2765 1018 2805 Mnesibulo
1049 2773 1206 2818 propter
1239 2766 1329 2805 vitae
1355 2766 1620 2818 frugalitatem
1646 2775 1686 2806 et
1704 2782 1787 2807 mo-

319 2823 481 2863 destiam
502 2833 743 2865 conservato.
783 2827 844 2864 Ne
858 2828 974 2879 igitur
986 2828 1180 2867 ostendite
1193 2828 1323 2866 utilius
1344 2841 1432 2866 esse
1452 2835 1631 2867 externas
1651 2842 1785 2880 parare

318 2886 519 2934 amicitias,
553 2902 669 2940 quam
702 2889 835 2941 populi
866 2890 956 2928 fidei
991 2890 1241 2943 semetipsum
1262 2890 1522 2937 committere,
1543 2903 1668 2942 neque
1688 2905 1786 2943 prae-
