1998 3306
358 231 435 269 534
722 225 1015 266 ADVERSUS
1047 223 1447 265 PHORMIONEM.

352 330 540 383 grapham
573 342 661 375 cum
688 329 762 370 hoc
793 331 947 370 factam.
1008 329 1129 376 Dicit,
1160 328 1422 381 syngrapham
1435 327 1573 379 jubere
1600 338 1698 366 nave
1727 340 1814 379 per-

351 393 473 431 ducta
502 391 686 431 incolumi
706 405 749 431 se
774 393 916 431 debere
937 391 1153 444 pecuniam,
1173 391 1288 429 etiam
1323 390 1360 427 in
1389 401 1526 427 navem
1546 389 1743 440 imponere
1773 395 1813 426 te

351 466 500 492 merces
527 454 661 502 jubet:
689 454 795 504 quod
823 454 862 491 ni
893 453 1046 500 feceris,
1068 452 1270 504 quinquies
1289 451 1392 489 mille
1424 450 1628 489 drachmas
1650 449 1813 488 solvere.

349 515 409 553 Tu
432 528 523 554 vero
550 515 654 554 illam
684 516 918 568 syngraphae
937 521 1087 566 partem
1118 526 1197 551 non
1228 512 1489 564 amplecteris,
1512 511 1582 550 sed
1612 524 1660 549 ea
1685 510 1814 549 statim

349 576 493 615 violata
520 585 560 616 et
578 578 692 616 rebus
712 579 760 616 ab
780 578 889 615 initio
908 589 987 614 non
1012 575 1215 627 impositis,
1237 587 1356 612 unum
1387 573 1619 625 syngraphae
1653 572 1814 609 verbum

347 637 556 689 cavillaris,
577 638 696 689 idque
726 651 815 676 cum
844 650 930 676 eam
961 638 1045 688 ipse
1075 635 1291 674 sustuleris.
1350 635 1426 679 Qui
1460 647 1549 672 cum
1583 632 1746 684 Bospori
1775 638 1813 670 te

347 711 425 736 non
446 711 592 751 merces
619 698 861 750 imposuisse,
885 697 955 736 sed
976 710 1111 735 aurum
1138 695 1375 735 naviculario
1402 695 1558 734 dedisse
1577 694 1699 740 dicas,
1719 691 1813 744 quid

343 772 456 810 porro
488 759 537 798 de
567 760 655 798 navi
688 758 894 810 disputas?
943 759 1082 810 Neque
1122 758 1226 796 enim
1267 757 1375 795 fuisti
1409 756 1571 808 periculi
1604 754 1813 807 particeps,

346 832 434 857 cum
456 819 551 857 nihil
570 820 813 870 imposueris.

404 880 466 916 12.
506 879 565 916 Ac
599 881 780 928 primum,
826 879 1104 924 Athenienses,
1151 890 1310 916 causam
1350 878 1454 916 hanc
1491 877 1662 929 arripuit,
1701 877 1813 928 quasi

346 952 494 979 merces
524 940 563 977 in
592 953 730 978 navem
759 940 1034 991 imposuisset:
1064 940 1155 990 quia
1182 952 1274 977 vero
1299 940 1338 977 id
1368 939 1614 977 mendacium
1640 938 1812 976 multifa-

343 1003 437 1040 riam
468 1014 585 1053 posse
613 1002 773 1052 coargui
802 1000 1055 1052 praevidebat,
1089 1008 1172 1038 tum
1199 1001 1446 1051 inscriptione
1475 1000 1704 1051 portitorum
1734 1000 1813 1038 Bo-

345 1064 464 1115 spori,
484 1067 566 1101 tum
581 1062 629 1100 ab
649 1062 694 1101 iis
711 1063 777 1112 qui
793 1063 930 1100 eodem
945 1069 1115 1114 tempore
1135 1061 1174 1099 in
1194 1068 1368 1099 mercatu
1384 1062 1710 1107 fuerant,mutata
1724 1074 1812 1099 sen-

344 1124 464 1162 tentia
495 1136 586 1161 cum
607 1123 794 1174 Lampide
815 1124 1012 1174 conspirat
1042 1123 1154 1173 eique
1174 1136 1216 1160 se
1243 1135 1377 1161 aurum
1403 1122 1620 1160 reddidisse
1640 1121 1747 1170 dicit,
1765 1136 1813 1162 eo

343 1185 463 1223 veluti
478 1175 618 1224 viatico
637 1185 759 1223 fretus
779 1185 886 1236 quod
912 1185 986 1223 ita
1014 1185 1122 1223 fieri
1151 1185 1418 1236 syngraph
1433 1197 1457 1223 a
1480 1185 1708 1235 juberet,
1729 1185 1812 1224 fore

345 1254 475 1286 autem
495 1261 573 1286 non
593 1254 736 1299 putans
755 1254 800 1285 ut
826 1247 936 1285 nobis
957 1253 1190 1298 argumenta
1209 1253 1462 1298 suppeterent
1481 1247 1530 1285 ad
1549 1259 1609 1292 ea,
1630 1260 1718 1297 quae
1739 1247 1813 1285 soli

343 1309 416 1360 ipsi
448 1309 548 1348 inter
577 1322 618 1348 se
647 1310 828 1361 egissent,
855 1308 1118 1360 coarguenda.
1173 1309 1232 1347 Ac
1254 1308 1423 1359 Lampis‚
1444 1321 1533 1359 quae
1562 1307 1660 1346 dixit
1687 1307 1813 1359 prius-

285 1378 294 1383 *
345 1382 465 1421 quam
484 1371 532 1408 ab
554 1370 626 1409 isto
646 1363 973 1422 corrumperetur,
996 1370 1165 1408 alienata
1179 1377 1309 1408 mente
1339 1382 1381 1408 se
1401 1369 1569 1414 dixisse;
1603 1375 1812 1420 postquam

347 1437 481 1469 autem
504 1444 773 1470 meumaurum
793 1432 961 1483 partitus
982 1438 1055 1479 est,
1077 1438 1159 1469 tum
1191 1431 1297 1482 apud
1326 1444 1367 1470 se
1400 1431 1522 1470 fuisse
1552 1430 1624 1478 ait,
1645 1436 1686 1469 et
1718 1430 1812 1470 satis

343 1492 566 1531 meminisse
586 1492 729 1532 omnia.

399 1555 460 1591 13.
491 1553 609 1596 Quod
635 1554 666 1592 si
696 1567 758 1592 me
787 1567 921 1601 unum,
956 1554 1130 1602 Judices,
1175 1554 1338 1605 Lampis
1382 1552 1698 1605 contempsisset,
1730 1565 1809 1591 non

340 1614 520 1653 mirarer:
549 1628 652 1653 nunc
683 1615 757 1654 hoc
791 1616 913 1654 multo
945 1617 1136 1655 atrociora
1165 1615 1386 1666 designavit
1413 1616 1453 1653 in
1481 1627 1628 1655 omnes.
1686 1614 1810 1652 Facto

339 1675 440 1714 enim
460 1688 483 1713 a
501 1675 689 1713 Parisade
723 1677 887 1728 Bospori
913 1678 1124 1728 praeconio,
1147 1677 1178 1716 si
1197 1677 1285 1728 quis
1306 1676 1425 1714 vellet
1445 1675 1621 1715 Athenas
1639 1675 1678 1713 in
1707 1675 1808 1714 Atti-

340 1749 430 1774 cum
451 1743 662 1773 mercatum
682 1735 820 1773 vehere
852 1736 1102 1783 frumentum,
1123 1744 1167 1774 ut
1192 1735 1372 1774 immunis
1405 1735 1642 1773 frumentum
1667 1736 1808 1774 evehe-

338 1805 413 1842 ret,
436 1797 590 1848 Lampis
622 1802 705 1834 tum
734 1796 898 1847 Bospori
925 1809 1062 1846 agens,
1083 1795 1352 1847 exportatione
1378 1795 1563 1834 frumenti
1597 1802 1637 1834 et
1669 1796 1808 1836 immu-

339 1858 460 1896 nitate
491 1859 595 1896 urbis
626 1858 782 1895 nomine
812 1864 988 1908 accepta,
1010 1870 1154 1895 navem
1182 1870 1363 1908 magnam
1393 1858 1589 1897 frumento
1607 1866 1807 1898 oneratam

339 1920 564 1958 Acanthum
589 1920 771 1972 portavit,
791 1918 919 1969 ibique
945 1919 1132 1965 vendidit,
1158 1926 1292 1957 nostra
1309 1920 1478 1971 pecunia
1495 1933 1583 1958 cum
1604 1920 1679 1959 isto
1697 1934 1805 1959 com-

339 1981 549 2019 municata.
606 1980 657 2018 Et
674 1980 759 2018 haec
779 1979 884 2025 fecit,
905 1980 927 2017 J
934 1980 1081 2027 udices,
1096 1993 1186 2018 cum
1206 1980 1370 2019 Athenis
1390 1980 1550 2028 habitet,
1571 1987 1612 2019 et
1628 1981 1692 2020 hic
1709 1995 1806 2021 uxo-

338 2055 420 2080 rem
439 2048 479 2080 et
497 2042 636 2079 liberos
656 2040 811 2088 habeat,
825 2047 865 2078 et
883 2041 991 2092 leges
1004 2049 1219 2079 extremum
1239 2041 1292 2080 illi
1313 2042 1545 2093 supplicium
1566 2043 1804 2090 minitentur,

336 2104 403 2155 qui
434 2103 596 2141 Athenis
628 2103 810 2141 habitans
843 2103 920 2141 alio
948 2104 1129 2155 quopiam
1162 2104 1399 2142 frumentum
1431 2105 1591 2151 vexerit,
1621 2118 1739 2156 quam
1765 2107 1804 2145 in

337 2165 511 2203 Atticum
530 2170 755 2202 mercatum.
814 2163 936 2214 quue
963 2177 1009 2201 eo
1039 2170 1225 2215 tempore,
1245 2178 1323 2215 quo
1349 2164 1414 2216 qui
1443 2165 1483 2202 in
1507 2166 1604 2204 urbe
1621 2165 1804 2206 habitatis

336 2225 479 2264 farinas
510 2225 549 2262 in
584 2224 696 2262 Odeo
727 2223 932 2262 demensas
966 2224 1241 2275 accipiebatis:
1271 2226 1338 2276 qui
1368 2226 1406 2263 in
1436 2226 1598 2274 Piraeeo,
1627 2227 1803 2278 quamvis

337 2286 513 2337 singulos
540 2297 662 2337 panes
694 2284 810 2323 obolo
840 2285 1081 2331 distributos,
1101 2292 1140 2323 et
1167 2286 1207 2324 in
1234 2286 1354 2336 longa
1373 2287 1525 2337 porticu
1545 2287 1687 2326 farinas
1705 2288 1804 2327 binis

337 2348 476 2386 modiis
496 2347 702 2385 demensas
719 2346 953 2397 acciperent,
976 2353 1107 2385 tamen
1128 2347 1473 2387 conculcabantur.
1515 2349 1616 2392 Quae
1634 2362 1696 2388 me
1713 2362 1804 2389 vere

339 2409 467 2448 dicere
485 2408 542 2447 uti
561 2413 729 2455 constet,
749 2420 847 2459 cape
868 2414 908 2446 et
924 2408 1188 2448 testimonium
1207 2414 1246 2447 et
1264 2408 1406 2460 legem.

773 2554 1175 2592 TESTIMONIUM.
1253 2554 1371 2594 LEX.

396 2648 458 2685 14.
488 2647 670 2686 Phormio
698 2647 827 2699 igitur,
854 2648 929 2686 isto
950 2654 1064 2686 utens
1085 2649 1190 2687 socio
1219 2655 1257 2688 et
1277 2656 1391 2697 teste,
1411 2662 1482 2688 nos
1510 2649 1677 2701 pecunia
1696 2649 1799 2688 frau-

336 2707 488 2747 dandos
504 2715 653 2756 censet,
673 2709 739 2759 qui
756 2715 944 2760 perpetuo
963 2710 1197 2748 frumentum
1216 2710 1256 2748 in
1275 2717 1445 2749 vestrum
1464 2717 1679 2749 mercatum
1695 2711 1799 2749 vexi-

337 2782 437 2816 mus,
468 2777 520 2818 et,
550 2783 638 2808 cum
668 2776 748 2808 tres
774 2770 855 2821 jam
885 2770 1135 2809 difficultates
1161 2773 1294 2809 urbem
1326 2772 1550 2823 presserint,
1570 2771 1712 2822 quibus
1730 2783 1800 2810 vos

335 2843 402 2868 eos
431 2832 496 2881 qui
527 2831 660 2883 populi
685 2831 900 2871 commodis
933 2833 1183 2871 consulerent
1213 2833 1438 2884 probaretis,
1458 2833 1496 2870 in
1525 2833 1634 2871 nulla
1662 2832 1798 2883 harum

336 2891 444 2930 vobis
484 2892 692 2933 defuimus.
749 2893 851 2932 Nam
887 2906 974 2932 cum
1008 2893 1233 2933 Alexander
1261 2893 1414 2932 Thebas
1446 2893 1660 2941 invaderet,
1690 2891 1797 2933 vobis
