1948 3306
332 161 409 198 810
744 161 999 204 EXORDIA
1032 165 1383 206 CONCIONUM.

329 263 369 301 in
389 263 555 302 medium
576 278 805 318 progressus
825 269 966 308 docere
987 277 1027 308 et
1052 272 1286 323 persuadere
1305 272 1441 324 possit,
1461 271 1547 323 quis
1570 277 1793 324 apparatus,

329 332 369 364 et
386 334 570 377 quantuS,
597 335 636 366 et
656 329 761 368 unde
781 338 1044 382 comparatus,
1066 333 1234 386 Reipub.
1261 334 1311 373 sit
1329 334 1569 387 profuturus,
1589 333 1713 372 omnis
1731 331 1796 370 hic

328 396 455 425 metus
489 389 709 439 repelletur.
768 393 891 443 quue
918 407 1004 444 ego,
1025 395 1141 433 modo
1171 396 1316 434 viribus
1347 409 1422 434 non
1451 395 1650 442 destituar,
1667 395 1797 433 facere

331 451 517 499 conabor,
538 464 665 503 pauca
680 454 867 505 praefatus
884 455 989 507 apud
1007 470 1075 495 vos
1094 458 1186 508 quid
1207 458 1256 496 de
1272 458 1376 510 regio
1396 457 1556 509 negotio
1575 456 1752 496 sentiam.

1018 562 1109 601 VII.

386 637 547 688 Utrique
571 638 662 675 mihi
691 650 855 689 peccare
873 639 1069 687 videntur,
1088 640 1361 690 Athenienses,
1383 648 1460 680 tam
1479 641 1544 692 qui
1564 638 1799 685 Arcadibus,
1833 658 1838 668 =

327 711 445 749 quam
467 700 532 750 qui
556 699 858 738 Lacedaemoniis
881 709 972 739 sunt
991 703 1234 753 patrocinati.
1273 704 1476 756 Tanquam
1496 702 1597 742 enim
1618 702 1665 740 ab
1682 700 1799 739 alter—

327 761 422 798 utris
452 762 574 807 missi,
598 774 676 799 non
707 762 809 800 cives
835 764 952 801 vestri
973 763 1063 811 sint,
1090 765 1194 816 apud
1223 779 1322 817 quos
1343 766 1397 804 illi
1427 764 1578 816 utrique
1603 763 1799 815 legatione

324 821 555 872 funguntur,
577 824 633 861 sic
660 823 825 861 invicem
846 832 1036 863 accusant
1055 832 1093 863 et
1122 826 1384 866 criminantur.
1442 827 1558 870 Quod
1578 826 1798 877 legatorum

325 883 483 933 quidem
521 884 692 922 officium
721 884 862 923 fuerit:
893 887 1014 937 aequis
1042 894 1172 925 autem
1204 888 1342 926 animis
1371 888 1419 926 de
1451 889 1566 926 rebus
1597 886 1740 933 dicere,
1761 891 1801 924 et

323 952 495 983 vestram
526 946 733 984 utilitatem
766 947 848 985 sine
880 948 1127 987 aemulatione
1156 949 1407 988 considerare
1438 949 1605 988 decebat
1634 960 1713 995 eos,
1733 947 1800 998 qui

326 1007 399 1045 sibi
431 1021 479 1045 ex
509 1008 583 1046 hoc
615 1008 702 1047 loco
729 1008 849 1048 dandi
868 1011 1021 1049 consilii
1047 1010 1318 1050 auctoritatem
1340 1018 1513 1050 sumunt.
1570 1010 1702 1056 Nunc,
1724 1009 1800 1049 nisi

325 1070 409 1108 noti
423 1063 560 1108 ¹essent
579 1076 618 1108 et
639 1071 768 1109 Attice
788 1071 1051 1123 loquerentur,
1072 1072 1254 1125 equidem
1276 1074 1356 1113 sore
1386 1074 1528 1112 multos
1553 1073 1702 1125 opinor,
1732 1072 1799 1124 qui

324 1132 423 1170 alios
441 1132 594 1175 illorum
611 1133 805 1182 Arcades,
821 1134 919 1173 alios
937 1136 1114 1174 Lacones
1133 1149 1218 1174 esse
1239 1143 1432 1188 putarent.
1475 1137 1561 1188 Ego
1581 1149 1672 1174 vero
1691 1134 1798 1174 haud

325 1208 413 1233 sum
431 1196 603 1242 nescius,
622 1196 788 1235 suadere
809 1198 955 1249 optima
973 1211 1090 1249 quam
1106 1198 1261 1237 difficile
1283 1199 1347 1238 sit.
1405 1198 1507 1237 Nam
1528 1211 1618 1238 cum
1637 1211 1705 1236 vos
1720 1210 1800 1235 una

323 1259 365 1296 in
395 1259 573 1298 fraudem
595 1259 713 1298 illecti
734 1260 831 1307 sitis,
852 1267 891 1298 et
921 1260 985 1298 alii
1005 1261 1115 1300 aliter
1137 1261 1324 1309 sentiatis,
1346 1261 1378 1300 si
1401 1261 1487 1313 quis
1509 1260 1676 1299 mediam
1706 1273 1794 1298 ora-

324 1320 430 1359 tione
452 1334 521 1359 sua
539 1321 640 1359 viam
659 1328 789 1364 tenere
810 1322 1031 1369 instituerit,
1047 1336 1213 1375 eamque
1231 1337 1300 1361 vos
1320 1335 1560 1375 cognoscere
1581 1321 1796 1369 nolueritis,

323 1381 391 1421 fiet
411 1389 454 1421 ut
473 1390 513 1421 et
531 1390 685 1434 gratum
705 1383 823 1421 faciat
846 1384 1006 1429 neutris,
1028 1390 1068 1422 et
1088 1385 1126 1422 in
1149 1386 1294 1424 crimen
1322 1385 1452 1424 veniat
1471 1383 1577 1436 apud
1596 1390 1796 1434 utrosque.

326 1442 439 1482 Malo
464 1450 610 1491 tamen,
631 1444 663 1482 si
682 1444 782 1482 forte
802 1444 841 1482 id
869 1458 943 1482 usu
964 1445 1055 1482 mihi
1076 1447 1233 1492 venerit,
1256 1446 1410 1498 ineptus
1431 1445 1566 1491 videri,
1587 1441 1719 1497 quam,
1737 1443 1798 1482 his

323 1519 412 1556 quae
431 1519 452 1544 e
473 1505 696 1557 Republica
716 1520 801 1545 esse
820 1512 914 1558 puto
941 1507 1211 1555 dissimulatis,
1242 1508 1484 1559 committere
1513 1513 1557 1545 ut
1584 1521 1608 1545 a
1636 1507 1797 1559 quibus-

325 1568 417 1607 dam
445 1568 706 1621 decipiamini.
771 1570 831 1608 Ac
868 1576 1012 1608 caetera
1044 1570 1217 1622 quidem,
1250 1570 1283 1609 si
1313 1577 1444 1609 vestra
1472 1568 1651 1609 voluntas
1684 1568 1797 1614 feret,

322 1639 462 1685 postea
498 1633 650 1672 dicam:
689 1646 792 1671 nunc
825 1645 917 1671 vero
954 1632 1048 1685 quid
1074 1633 1318 1685 potissimum
1351 1632 1534 1685 expedire
1566 1632 1795 1679 existimem,

320 1707 490 1734 exorsus
509 1697 556 1734 ab
575 1695 636 1734 his
655 1708 742 1746 quae
762 1694 835 1747 ipsi
856 1694 1102 1744 confitentur,
1128 1696 1270 1736 docere
1289 1695 1482 1748 incipiam.

1005 1803 1118 1840 VIII.

380 1882 480 1920 Cum
501 1895 579 1921 non
601 1882 639 1920 in
657 1881 794 1921 eadem
813 1882 1010 1921 sententia
1025 1883 1097 1921 sim
1116 1882 1155 1919 in
1177 1895 1254 1933 qua
1275 1887 1368 1919 sunt
1385 1893 1518 1919 eorum
1537 1878 1710 1931 plerique
1730 1878 1796 1930 qui

319 1944 444 1982 verba
475 1944 665 1989 fecerunt,
684 1943 829 1982 surrexi
859 1944 909 1982 ad
939 1943 1166 1989 dicendum,
1187 1943 1457 1981 Athenienses.
1515 1940 1568 1979 Et
1596 1947 1727 1979 tamen
1748 1953 1796 1978 ne

319 2004 396 2043 *hos
417 2005 576 2057 quidem
596 2006 789 2057 arguerim
809 2005 1117 2057 eximprobitate
1138 2005 1294 2057 optimis
1317 2004 1512 2043 contraria
1530 2003 1695 2042 dixisse:
1726 2001 1794 2041 sed

322 2065 419 2104 illud
440 2067 479 2104 in
505 2080 627 2105 causa
646 2081 734 2106 esse
753 2067 918 2115 videtur,
938 2067 1043 2118 quod
1068 2067 1255 2119 plerique,
1278 2067 1460 2117 neglecto
1480 2079 1608 2105 rerum
1631 2065 1795 2118 judicio,

322 2129 442 2167 verba
460 2142 548 2179 quae
580 2129 721 2167 dicturi
751 2137 843 2167 sunt
875 2136 1050 2181 spectare
1084 2129 1223 2167 solent.
1281 2129 1457 2173 Quorum
1476 2127 1590 2179 copia
1618 2126 1796 2166 instructi

323 2190 501 2229 alacriter
520 2191 570 2229 ad
589 2190 905 2230 concionandum
925 2191 1100 2243 prosilire
1121 2191 1271 2235 solent;
1303 2190 1342 2228 in
1362 2204 1441 2241 quo
1469 2202 1549 2228 non
1579 2196 1685 2228 recte
1705 2202 1795 2228 sen·

320 2251 435 2296 tiunt,
456 2266 583 2304 neque
611 2266 700 2291 cum
724 2254 861 2292 animis
891 2253 971 2292 suis
1001 2253 1190 2305 cogitant,
1211 2265 1300 2292 cum
1321 2252 1454 2290 multae
1471 2265 1530 2290 res
1545 2252 1666 2303 longo
1694 2258 1792 2291 tem·-

317 2327 416 2367 ‚pore
436 2315 483 2353 ab
504 2315 681 2353 omnibus
702 2323 824 2367 gestae
845 2316 933 2363 sint,
953 2322 1007 2366 et,
1040 2323 1197 2368 propter
1228 2322 1404 2368 tempora
1424 2314 1603 2366 quaedam
1631 2315 1730 2353 inter
1751 2328 1795 2354 se

323 2377 541 2423 contrariae,
562 2377 593 2415 si
622 2377 707 2428 quis
746 2378 936 2429 prioribus
965 2378 1167 2429 praeteritis
1187 2377 1420 2429 posteriores
1443 2377 1562 2424 dicat,
1591 2390 1680 2416 eum
1700 2376 1795 2416 nihil

322 2437 430 2476 aliud
451 2445 643 2485 acturum,
664 2439 738 2477 nisi
772 2446 826 2485 ut,
846 2453 922 2491 quo
955 2434 1063 2478 factu
1084 2440 1179 2478 nihil
1209 2447 1269 2479 est
1293 2439 1460 2488 facilius,
1479 2453 1522 2478 se
1547 2439 1630 2492 ipse
1648 2440 1795 2492 impru-

322 2499 421 2538 dens
439 2499 565 2538 fallat.
625 2500 702 2544 Qui
731 2501 848 2551 igitur
869 2515 914 2540 eo
935 2502 1064 2540 animo
1091 2502 1139 2540 ad
1168 2502 1342 2540 dandum
1369 2502 1569 2541 consilium
1593 2509 1794 2551 venerunt,

323 2561 415 2599 mihi
443 2562 624 2600 videntur
652 2575 698 2600 ea
730 2576 818 2601 esse
850 2564 1068 2602 orationum
1096 2577 1254 2602 suarum
1285 2563 1402 2602 laude
1433 2565 1624 2612 contenti,
1649 2564 1681 2603 si
1712 2565 1793 2604 elo-

325 2630 490 2675 quentes
512 2624 739 2663 videantur:
770 2639 844 2676 ego
864 2639 953 2664 vero
974 2639 1061 2664 eum
1083 2626 1226 2664 decere
1245 2626 1438 2674 existimo,
1462 2627 1529 2678 qui
1549 2626 1599 2664 de
1623 2626 1792 2679 publicis

322 2685 486 2737 negotiis
507 2686 600 2725 dare
632 2687 836 2725 consilium
869 2687 1047 2734 instituit,
1067 2688 1163 2726 illud
1194 2689 1322 2740 potius
1342 2694 1532 2740 spectare,
1551 2695 1595 2727 ut
1628 2702 1674 2728 ea
1703 2703 1792 2742 quae

322 2746 480 2786 decreta
502 2748 824 2803 suerint-prosint,
840 2763 957 2800 quam
977 2756 1019 2788 ut
1039 2750 1179 2788 subitae
1199 2750 1390 2789 orationes
1409 2749 1606 2801 placeant.
1664 2752 1793 2791 Decet

321 2809 422 2846 enim
458 2810 507 2848 ad
542 2810 774 2862 eloquentiae
803 2812 959 2850 laudem
990 2812 1093 2850 utilis
1119 2811 1282 2863 alicujus
1304 2812 1356 2849 rei
1376 2811 1569 2851 actionem
1589 2814 1789 2861 accedere,

321 2884 370 2908 ne
391 2872 429 2908 in
450 2874 658 2923 praesentia
678 2881 844 2922 tantum,
864 2875 934 2913 sed
966 2887 1130 2926 semper,
1153 2887 1200 2913 ea
1224 2887 1310 2925 quae
1332 2873 1439 2913 dicta
1471 2874 1612 2914 fuerint
1630 2889 1672 2915 se
1692 2889 1790 2928 prae-

320 2932 426 2972 clare
445 2934 627 2974 habeant.
