1948 3306
336 194 412 230 658
634 189 690 228 IN
723 189 996 229 EVERGUM
1020 190 1084 228 ET
1115 189 1496 228 MNESIBULUM.

335 292 619 338 continebatur,
639 298 676 330 te
696 291 847 330 tradere
869 290 1070 330 mulierem
1090 291 1272 330 voluisse.
1337 291 1427 329 Jam
1441 301 1598 328 causam
1623 296 1794 335 acturus,

333 367 546 404 usquamne
578 353 773 392 mulierem
804 353 1050 392 introduxisti
1078 353 1118 392 in
1143 351 1396 405 praetorium?
1443 352 1563 402 Atqui
1595 351 1799 404 oportebat

335 430 436 463 eum,
458 417 488 454 si
507 429 598 454 vera
616 424 761 459 essent,
783 430 868 467 quae
887 429 973 453 eum
989 415 1178 454 obtulisse
1199 416 1348 462 dicunt,
1376 415 1414 452 in
1436 415 1636 452 sortitione
1656 412 1798 465 judici-

337 492 458 526 orum,
480 479 651 518 adducta
679 479 850 524 muliere,
871 478 1116 528 adhibitoque
1139 492 1330 529 praecone,
1346 479 1485 530 jubere
1507 491 1566 515 me
1588 478 1619 515 si
1641 475 1799 528 quaesti-

337 553 451 579 onem
468 541 608 579 habere
628 541 677 579 de
699 554 744 579 ea
762 540 912 585 vellem,
933 548 972 578 et
990 540 1152 579 Judices
1174 541 1434 591 ingredientes
1455 545 1574 577 testes
1593 539 1736 584 facere,
1756 550 1799 575 se

337 616 422 642 eam
443 604 540 642 velle
561 603 735 641 tradere:
766 616 871 640 nunc
907 603 998 641 fuco
1028 602 1153 641 verbis
1185 603 1302 648 facto,
1323 603 1427 641 falsis
1455 601 1684 640 testimoniis
1710 613 1824 651 pro-r

338 665 482 710 ductis,
502 679 550 703 ne
572 678 676 703 nunc
695 664 849 715 quidem
873 664 990 702 audet
1007 664 1162 703 tradere
1181 665 1396 711 mulierem,
1413 675 1680 716 saepenumero
1698 674 1722 699 a
1739 673 1800 699 me

340 727 572 777 provocatus
594 734 632 764 et
657 726 890 777 postulatus,
915 733 954 764 ut
983 727 1092 766 vobis
1124 735 1244 766 testes
1276 727 1342 779 qui
1372 727 1581 766 interfuere
1610 725 1802 764 dixerunt.

341 788 481 826 Recita
502 788 592 826 mihi
615 788 743 827 denuo
766 789 997 827 testimonia.

893 934 1248 972 TESTIMONIA.

395 1030 433 1066 7-.
465 1028 664 1067 Enarrabo
685 1036 813 1068 autem
833 1029 956 1076 vobis,
977 1028 1152 1074 Judiees,
1173 1028 1278 1066 unde
1298 1026 1390 1065 mihi
1417 1027 1683 1067 controversia
1714 1041 1802 1067 cum

340 1089 591 1141 Theophemo
613 1091 661 1129 sit
679 1098 774 1137 orta,
797 1098 839 1129 ut
857 1091 986 1130 sciatis
1004 1104 1082 1128 non
1102 1103 1163 1128 me
1183 1090 1308 1128 solum
1329 1089 1458 1141 iniquo
1473 1103 1542 1141 per
1557 1102 1645 1128 eum
1658 1089 1806 1142 judicio

341 1151 659 1200 circumventum,
689 1154 862 1206 deceptis
890 1154 1103 1206 judicibus,
1136 1153 1205 1191 sed
1234 1159 1274 1191 et
1304 1158 1480 1191 senatum
1506 1153 1807 1204 quingentorum

341 1214 477 1252 eadem
510 1216 703 1254 sententia
730 1229 817 1254 esse
846 1216 1174 1260 condemnatum3
1206 1220 1322 1266 atque
1347 1214 1615 1253 auctoritatem
1634 1221 1806 1266 ereptam

336 1276 493 1327 judiciis
514 1278 651 1315 vestris
672 1285 710 1315 et
731 1277 896 1316 decretis
917 1284 956 1315 et
981 1277 1147 1328 legibus,
1168 1290 1212 1315 ac
1232 1276 1519 1328 magistratibus
1536 1276 1673 1315 vestris
1690 1276 1805 1314 fidem

342 1351 429 1376 esse
450 1339 673 1390 abrogatam
696 1346 735 1377 et
754 1339 874 1377 literis
897 1340 935 1376 in
953 1333 1051 1391 pilas
1070 1339 1210 1377 relatis.
1269 1339 1358 1383 Quo
1379 1345 1509 1377 autem
1526 1344 1657 1390 pacto,
1677 1338 1717 1376 id
1732 1351 1807 1390 ego
1832 1392 1835 1394 -

343 1414 414 1440 vos
436 1401 658 1452 singulatim
680 1403 868 1440 edocebo.
901 1402 998 1440 Mihi
1017 1415 1103 1440 cum
1121 1401 1372 1453 Theophemo
1387 1401 1479 1439 dum
1498 1401 1574 1438 vixi
1593 1401 1696 1452 prius
1707 1401 1802 1439 nihil

341 1466 511 1515 unquam
530 1465 751 1503 commercii
770 1465 856 1510 fuit,
878 1465 987 1503 nulla
1013 1465 1300 1508 commessatio,
1317 1464 1446 1502 nullus
1468 1476 1588 1509 amor,
1610 1470 1676 1502 aut
1702 1477 1808 1502 com-

340 1527 501 1578 potatio,
522 1534 580 1573 ut,
600 1527 660 1564 vel
681 1527 818 1578 injuria
837 1528 968 1578 aliqua
986 1527 1154 1566 irritatus
1170 1526 1232 1565 vel
1245 1527 1444 1578 voluptate
1457 1525 1593 1577 'aliqua
1607 1525 1809 1577 impulsus,

340 1589 423 1640 ejus
443 1588 547 1627 aedes
569 1588 787 1627 invaderem
806 1602 815 1627 ι
847 1590 918 1627 sed
947 1589 1112 1627 decretis
1134 1590 1284 1635 vestris,
1312 1589 1470 1640 populo,
1492 1594 1629 1626 senatu
1654 1594 1694 1626 et
1722 1587 1809 1638 lege

342 1651 631 1697 mandantibus,
653 1651 762 1702 exegi
786 1652 834 1689 ab
855 1664 901 1689 eo
920 1651 1073 1689 navalia
1091 1651 1360 1697 instrumenta,
1382 1663 1470 1702 quae
1490 1649 1714 1702 reipublicae
1742 1650 1811 1688 de-

342 1713 472 1750 bebat.
531 1713 792 1755 Quamobrem
827 1720 955 1751 autern
976 1713 1015 1751 id
1034 1713 1179 1751 factum
1200 1712 1261 1759 sit,
1283 1725 1357 1764 ego
1376 1712 1486 1750 vobis
1506 1712 1684 1750 narrabo.
1731 1711 1808 1756 Ac-

343 1773 452 1820 cidit,
468 1781 511 1812 ut
530 1774 703 1811 triremes
737 1773 830 1812 hinc
859 1774 1068 1820 solverent,
1089 1773 1308 1825 auxiliaque
1337 1774 1510 1812 celeriter
1539 1773 1807 1818 mitterentur3

343 1842 583 1874 armamenta
602 1842 731 1873 autem
754 1834 791 1872 in
821 1835 949 1873 navali
976 1835 1161 1873 deessent
1180 1836 1355 1881 navibus,
1375 1847 1498 1885 eaque
1518 1847 1606 1872 cum
1624 1834 1812 1874 haberent

340 1896 367 1934 ii
389 1896 454 1947 qui
475 1896 674 1934 debebant
700 1909 777 1934 non
797 1896 1030 1934 redderent:
1062 1896 1111 1934 ad
1131 1896 1216 1934 haec
1244 1902 1317 1935 nec
1348 1897 1388 1934 in
1416 1896 1564 1935 Piraeeo
1584 1902 1667 1934 erat
1697 1896 1811 1948 copia

341 1958 562 2005 linteorum,
585 1965 737 2011 stuppae
770 1966 809 1996 et
833 1959 1056 2006 rudentum,
1087 1959 1228 2010 quibus
1252 1960 1365 1997 rebus
1396 1958 1506 1997 navis
1533 1959 1747 2005 instruitur,
1766 1966 1811 1997 ut

344 2022 418 2059 emi
452 2027 625 2072 possent.
684 2021 962 2059 Chaeredemus
991 2022 1108 2072 igitur
1137 2022 1214 2060 hoc
1253 2021 1637 2060 senatusconsultum
1665 2021 1811 2069 scribit,

343 2090 387 2121 ut
413 2089 653 2122 armamenta
679 2083 833 2121 navium
860 2084 1103 2135 exigerentur
1120 2091 1158 2123 et
1177 2090 1281 2123 sarta
1295 2090 1398 2122 tecta
1413 2083 1666 2122 redderentur
1684 2083 1811 2135 reipu-

343 2144 470 2184 blicae.
529 2145 667 2184 Recita
686 2144 777 2183 mihi
797 2145 1010 2185 decretum.

920 2306 1240 2345 DECRETUM.

346 2402 434 2440 Hoc
460 2402 660 2441 decretum
680 2403 932 2455 magistratus
955 2403 1085 2455 jussit,
1114 2409 1153 2442 et
1178 2416 1245 2442 eos
1275 2403 1341 2455 qui
1370 2416 1465 2443 vasa
1493 2403 1716 2455 reipublicae
1742 2403 1810 2442 de-

343 2464 482 2502 berent
514 2463 708 2502 navalium
739 2464 984 2503 curatoribus
1014 2465 1201 2503 tradidit:
1231 2465 1427 2504 navalium
1460 2473 1673 2511 curatoreS‚
1701 2465 1809 2504 trire-

343 2526 464 2564 mium
484 2525 691 2577 praefectis,
712 2525 755 2563 iis
782 2527 848 2577 qui
876 2533 958 2564 tum
978 2527 1117 2565 abituri
1138 2532 1261 2573 erant,
1280 2534 1319 2565 et
1350 2527 1594 2565 curatoribus
1613 2526 1810 2565 classium.

346 2588 426 2626 Lex
446 2601 538 2626 vero
566 2587 764 2626 Periandri
785 2590 951 2639 cogebat
971 2595 1010 2626 et
1023 2588 1184 2640 jubebat
1209 2602 1281 2627 nos
1302 2601 1367 2627 eos
1388 2589 1454 2641 qui
1480 2595 1722 2628 armamenta
1740 2588 1810 2626 de-

342 2650 479 2689 berent
510 2650 694 2702 recipere,
713 2663 791 2701 qua
821 2650 909 2702 lege
933 2649 1079 2690 classes
1108 2651 1324 2702 designatae
1351 2658 1473 2690 erant.
1532 2651 1600 2689 Ad
1617 2651 1714 2698 haec,
1734 2651 1810 2690 alio

344 2713 548 2764 plebiscito
580 2714 816 2764 cogebamur
840 2727 911 2765 pro
940 2727 1012 2752 sua
1039 2714 1202 2764 quisque
1227 2715 1406 2765 portione
1425 2726 1449 2752 a
1475 2712 1637 2764 singulis
1657 2726 1704 2752 ea
1722 2727 1810 2765 quae

343 2773 532 2813 deberent
563 2774 729 2826 exigere.
787 2774 940 2813 Accidit
968 2781 1098 2813 autem
1120 2781 1160 2812 ut
1192 2788 1264 2826 ego
1294 2781 1334 2813 et
1351 2774 1585 2814 trierarchus
1614 2781 1654 2813 et
1673 2775 1810 2814 classis

344 2844 500 2875 curator
527 2850 681 2881 essem;
723 2842 763 2876 et
792 2837 1059 2876 Demochares
1086 2837 1326 2875 Paeaniensis
1359 2837 1398 2875 in
1437 2850 1524 2876 mea
1557 2837 1684 2876 classe
1720 2850 1809 2876 cum

344 2898 609 2950 Theophemo,
630 2900 742 2963 cpjus
773 2899 811 2938 in
845 2899 1068 2939 trierarchia
1086 2899 1240 2950 collega
1258 2899 1399 2947 fuerat,
1420 2906 1659 2938 armamenta
1683 2899 1810 2951 reipu-

344 2959 458 2999 blicae
477 2960 652 3000 deberet.
681 2962 789 3006 Quos
806 2969 993 3014 utrosque
1012 2975 1100 3002 cum
1120 2961 1159 3000 in
1179 2961 1260 3013 pila
1277 2960 1487 3014 inscriptos
1506 2968 1551 3001 ut
1568 2961 1718 3013 reipub.
1739 2962 1808 3005 oh-

1940 3070 1948 3078 „¹
1944 3054 1948 3059 .
1939 2975 1948 3048 325?—
1946 2966 1948 2970 .
1940 2775 1948 2961 -...—-—-..2».-.-
1941 2709 1948 2771 ,ῆι-«-
