1948 3306
335 167 411 202 724
784 167 1009 206 CONTRA
1044 167 1336 206 CONONEM.

337 268 448 318 quasi
476 278 565 307 vero
597 270 782 308 continuo
811 271 993 310 credituri
1024 273 1174 319 essetis,
1196 279 1235 310 et
1266 271 1466 310 veritatem
1488 270 1592 308 haud
1616 269 1794 310 conside·

336 329 468 377 taturi,
489 331 654 382 primum
679 345 805 382 neque
835 333 1101 384 Lysistratum,
1123 347 1248 385 neque
1279 332 1456 380 Paseam‚
1477 345 1603 384 neque
1633 333 1793 371 Nicera-

336 398 431 436 tum,
457 406 584 444 neque
618 394 846 441 Diodorum,
867 395 933 446 qui
952 396 1081 447 palam
1103 396 1294 435 testificati
1321 402 1413 434 sunt
1433 408 1474 434 se
1503 395 1648 434 vidisse
1680 408 1741 434 me
1773 407 1797 432 a

338 454 500 494 Conone
520 458 724 503 verberari,
746 466 786 496 et
801 459 971 496 vestibus
991 460 1115 506 exsui,
1136 467 1174 498 et
1194 460 1344 498 caeteris
1364 472 1461 511 quas
1480 471 1683 511 perpessus
1712 471 1798 497 sum

336 517 580 556 contumeliis
613 520 730 568 affici,
756 519 931 558 homines
959 520 1113 571 ignotos
1139 522 1281 573 quique
1309 521 1467 559 fortuito
1495 519 1549 558 rei
1580 520 1799 558 intervene-

337 584 438 625 runt,
469 593 638 631 unquam
666 580 785 620 fuisse
812 582 1084 621 commissuros
1105 591 1150 622 ut
1176 584 1275 623 falsa
1304 584 1616 630 testificarentur,
1633 581 1707 621 nisi
1738 594 1809 620 me=

336 640 391 678 ita
410 641 638 680 mulctatum
663 642 870 682 vidissent:
901 644 1043 683 deinde
1075 647 1138 683 cui
1164 646 1208 685 fit
1226 646 1431 684 verisimile
1454 658 1531 693 me,
1551 644 1625 683 nisi
1652 645 1701 682 ab
1726 643 1801 682 isto

336 701 498 742 fuissem
532 704 605 742 'noc
635 705 751 744 modo
783 705 914 757 laesus,
934 707 1088 746 omissis
1115 708 1160 746 iis
1181 722 1204 746 a
1223 709 1364 760 quibus
1386 708 1460 761 ipsi
1479 721 1540 746 me
1558 707 1803 746 verberatum

338 779 420 804 esse
441 767 687 814 confitentur,
707 775 842 808 contra
870 783 958 808 eum
986 771 1050 822 qui
1080 784 1152 809 nec
1177 771 1371 821 attigisset
1394 771 1526 810 venire
1553 769 1719 822 primum
1743 769 1803 806 in-

339 827 542 867 stituisse?
586 829 665 867 Cur
685 830 814 868 enim?
855 844 979 883 quave
1000 832 1048 870 de
1071 832 1217 871 causa?
1255 833 1348 872 Non
1382 832 1437 872 ita
1467 838 1541 883 est,
1561 831 1631 870 sed
1657 843 1760 878 eum,
1780 843 1804 868 a

340 900 419 941 quo
448 890 615 942 primum
634 893 859 932 verberatus
889 907 974 932 sum
998 895 1254 947 maximisque
1286 893 1528 933 contumeliis
1557 893 1733 940 affectus,
1766 898 1807 931 et

340 964 498 1001 accuso,
518 960 558 992 et
590 954 671 1003 odi,
703 962 743 993 et
769 968 993 1007 persequor.
1050 957 1109 996 Ac
1134 971 1223 1009 quae
1253 970 1328 1009 ego
1348 956 1451 1004 dico,
1480 955 1537 993 uti
1559 968 1600 993 re
1617 954 1701 1006 ipsa
1717 967 1808 992 vera

341 1021 435 1054 sunt
460 1017 601 1064 omnia,
630 1017 684 1056 ita
713 1018 830 1056 etiarn
855 1032 942 1057 esse
975 1032 1067 1058 vera
1089 1020 1290 1058 videntur:
1320 1020 1393 1058 iste
1426 1025 1568 1064 autem,
1589 1016 1662 1055 nisi
1689 1022 1806 1055 testes

340 1075 436 1115 istos
457 1078 718 1129 produxisset,
737 1080 843 1132 quod
876 1081 1025 1120 diceret
1050 1094 1130 1120 non
1150 1082 1323 1128 haberet,
1345 1081 1414 1120 sed
1435 1094 1456 1119 e
1475 1079 1639 1131 vestigio
1664 1078 1807 1117 tacitus

342 1139 526 1179 damnari*
538 1142 743 1193 potuisset.
784 1144 885 1182 Cum
907 1151 1037 1183 autern
1057 1145 1140 1197 ejus
1167 1144 1419 1184 combibones
1445 1142 1522 1182 sint
1541 1148 1581 1180 et
1598 1141 1809 1179 multorum

341 1201 478 1240 talium
499 1204 712 1244 facinorum
734 1206 840 1253 socii,
861 1207 966 1245 haud
993 1207 1041 1245 ab
1068 1220 1108 1245 re
1127 1207 1271 1245 falsum
1290 1207 1328 1245 in
1349 1207 1433 1258 ejus
1454 1204 1617 1257 gratiam
1635 1202 1810 1241 testimo-

343 1263 449 1302 nium
469 1265 663 1306 dixerunt.
722 1268 839 1313 Quod
867 1269 899 1307 si
929 1282 990 1308 res
1017 1282 1062 1308 eo
1088 1269 1256 1314 redierit,
1285 1275 1341 1312 ut,
1360 1269 1392 1306 si
1421 1267 1486 1316 qui
1506 1264 1625 1304 semel
1642 1264 1812 1303 frontem

344 1326 612 1377 perfricuerint
629 1335 668 1365 e't
689 1338 822 1379 aperte
841 1330 942 1370 falsa
972 1332 1169 1371 testificari
1190 1327 1274 1368 ausi
1293 1326 1448 1372 fuerint,
1469 1325 1577 1364 nulla
1600 1326 1730 1365 futura
1760 1327 1813 1366 sit

343 1387 517 1426 veritatis
537 1389 695 1435 utilitas,
715 1389 877 1440 indigna
893 1401 954 1426 res
973 1388 1058 1426 erit

404 1450 466 1488 12.
496 1450 549 1488 At
567 1449 722 1488 hercule
750 1463 830 1489 non
849 1456 942 1488 sunt
961 1449 1087 1488 tales?
1128 1451 1210 1489 Imo
1230 1459 1375 1489 norunt
1392 1459 1575 1499 vestrum,
1594 1459 1640 1491 ut
1662 1452 1811 1503 opinor,

346 1511 459 1549 multi
478 1518 517 1549 et
532 1511 747 1550 Diotimum
769 1518 809 1550 ct
826 1511 1111 1550 Archebiadem
1132 1520 1171 1551 et
1192 1510 1468 1551 Chaeretimum
1486 1514 1670 1552 incanum
1687 1514 1811 1560 illum,

346 1572 412 1624 qui
440 1586 529 1612 cum
548 1573 713 1612 interdiu
733 1573 899 1612 frontem
920 1580 1143 1625 corrugent,
1170 1581 1210 1613 et
1238 1575 1437 1614 Laconum
1464 1575 1673 1614 imitatores
1693 1575 1815 1614 videri

348 1635 479 1682 velint,
499 1642 539 1674 et
557 1636 734 1675 lacernas
753 1636 932 1682 induant,
949 1643 988 1676 et
1008 1637 1156 1690 simplis
1177 1637 1293 1677 soleis
1312 1644 1486 1687 utantur,
1503 1644 1709 1690 postquam
1723 1651 1815 1676 con-

349 1698 499 1751 gregati
519 1706 611 1738 sunt
639 1707 679 1738 et
707 1700 806 1738 inter
836 1713 923 1739 sese
948 1700 1088 1748 coiere,
1108 1700 1259 1739 nullum
1285 1700 1439 1739 sceleris
1468 1707 1508 1739 et
1533 1699 1669 1752 flagitii
1689 1713 1814 1751 genus

349 1763 666 1812 praetermittunt.
724 1763 899 1807 Quorum
927 1762 1014 1801 haec
1043 1763 1250 1815 splendida
1269 1770 1309 1802 et
1333 1763 1540 1814 magnifica
1559 1763 1678 1801 verba
1698 1768 1813 1801 sunt:

356 1825 419 1862 An
435 1838 515 1862 non
535 1825 621 1863 aliis
640 1825 703 1863 alii
721 1832 856 1863 mutua
874 1825 1099 1864 testimonia
1117 1824 1319 1864 dicemus?
1339 1825 1403 1864 An
1422 1838 1501 1863 non
1519 1824 1605 1864 haec
1625 1823 1816 1863 sodalium

353 1892 392 1924 et
402 1886 617 1925 amicorum
636 1887 765 1926 officia
785 1886 902 1926 sunt?
924 1887 1029 1931 Quid
1044 1901 1136 1926 vero
1157 1901 1274 1939 grave
1290 1894 1426 1927 contra
1442 1895 1481 1925 te
1500 1885 1665 1925 afferet?
1684 1887 1818 1939 Vapu-

351 1947 432 1986 lare
450 1949 608 2000 quidam
628 1963 716 1987 eum
736 1962 777 1988 se
798 1949 942 1988 vidisse
961 1949 1122 1988 dicent?
1165 1963 1237 1988 nos
1263 1962 1356 1988 vero
1382 1956 1418 1988 te
1438 1961 1594 2001 prorsus
1620 1961 1700 1988 non
1729 1949 1819 1988 atti-

353 2011 457 2063 gisse
476 2024 564 2049 eum
584 2011 888 2050 testificabimur.
940 2011 1160 2063 Spoliatum
1182 2025 1268 2050 esse
1287 2010 1489 2050 vestibus?
1517 2010 1558 2048 id
1575 2010 1664 2049 illos
1682 2010 1821 2050 fecisse

354 2073 498 2125 priores
518 2087 588 2111 nos
609 2074 898 2112 affirmabimus.
955 2074 1176 2112 Consutum
1195 2086 1280 2112 esse
1299 2072 1480 2112 labrum?
1509 2085 1581 2111 nos
1602 2079 1720 2124 caput
1746 2086 1815 2111 no-

353 2132 412 2174 bis
449 2143 517 2174 aut
554 2135 659 2173 aliud
698 2135 896 2188 quippiam
927 2148 1014 2174 esse
1046 2135 1324 2175 comminutum
1359 2133 1694 2186 dicemus.-—Ego
1726 2148 1818 2173 vero

356 2198 529 2237 medicos
564 2204 684 2236 testes
716 2199 894 2237 exhibeo.
953 2198 999 2236 Id
1019 2199 1125 2250 quod
1144 2198 1212 2245 illi,
1231 2197 1406 2244 Judices,
1427 2210 1507 2236 non
1524 2196 1684 2236 habent.
1742 2198 1820 2235 Ex-

356 2261 479 2312 ceptis
498 2259 598 2298 enim
615 2260 658 2299 iis
677 2274 765 2312 quae
784 2260 857 2312 ipsi
877 2260 976 2298 inter
996 2273 1039 2299 se
1058 2260 1279 2308 conferunt,
1299 2259 1445 2298 nullius
1463 2257 1576 2297 testis
1595 2265 1730 2297 contra
1747 2273 1820 2298 nos

356 2322 507 2374 copiam
543 2329 635 2360 sunt
665 2322 861 2360 habituri2
891 2329 1037 2374 quanta
1054 2336 1147 2362 vero
1175 2336 1310 2362 eorum
1330 2322 1382 2361 sit
1402 2328 1442 2360 et
1467 2320 1593 2372 qualis
1625 2321 1675 2360 ad
1704 2334 1821 2360 omne

356 2384 510 2424 facinus
541 2384 715 2431 audacia,
735 2384 917 2436 equidem
948 2384 1000 2423 ita
1031 2398 1092 2423 me
1125 2384 1179 2423 dii
1210 2390 1354 2430 ament,
1388 2383 1516 2423 dicere
1541 2396 1704 2435 nequeo.
1768 2382 1823 2421 Ut

358 2455 489 2487 autem
504 2447 646 2494 sciatis,
662 2447 795 2498 qualia
812 2447 987 2486 facinora
1005 2447 1151 2498 passim
1172 2447 1394 2500 designent,
1407 2446 1527 2486 recita
1543 2445 1630 2484 haec
1649 2445 1822 2484 testimo-

360 2510 437 2556 nia,
451 2517 499 2549 -tu
516 2522 607 2548 vero
628 2509 722 2548 siste
742 2522 897 2560 aquam.

925 2654 1289 2695 TESTIMONIA.

360 2752 462 2792 Cum
481 2752 599 2804 igitur
618 2752 785 2804 parietes
812 2752 1035 2805 perfodiant
1058 2758 1098 2791 et
1122 2752 1162 2789 in
1182 2751 1316 2790 obvios
1336 2756 1572 2803 grassentur,
1592 2761 1686 2788 num
1711 2748 1824 2788 dubi-

358 2822 473 2861 taturi
492 2822 601 2861 vobis
620 2821 802 2862 videntur
822 2829 997 2861 mutuum
1012 2821 1052 2860 in
1071 2820 1259 2861 tabellula
1273 2820 1508 2872 perscribere
1528 2817 1824 2859 testimonium?

359 2897 450 2922 num
483 2897 507 2923 a
531 2891 640 2923 tanto
668 2890 705 2922 et
733 2884 801 2923 tali
832 2884 922 2923 odio
942 2890 982 2924 et
999 2882 1244 2935 improbitate
1276 2889 1316 2922 et
1346 2881 1585 2934 impudentia
1614 2888 1656 2920 et
1686 2885 1825 2920 contu·

1899 3284 1938 3306 sb.

1941 1099 1948 1397 ...-..--..2——-.ffi-.—..‚-—.
1942 1074 1948 1089 .=
1945 1043 1948 1063 ..
1942 1029 1948 1034 2
1946 999 1948 1013 ,r
1947 978 1948 981 „
