1915 3356
697 171 995 210 EPISTOLAE.
1507 173 1586 210 849

132 288 218 327 quoe
249 274 549 314 Lacedaemoniis
581 275 769 322 accidere,
789 275 928 326 quibus
960 287 1032 326 ego
1065 275 1158 313 nihil
1191 276 1381 323 consului,
1407 275 1470 313 vel
1499 287 1587 325 quae

135 337 276 383 Persis,
294 337 343 376 ad
362 351 459 389 quos
489 351 561 389 ego
580 350 778 388 nunquam
797 336 966 388 perveni,
986 336 1049 374 isti
1068 344 1195 376 vestro
1226 338 1339 376 statui
1355 337 1460 376 dicat
1478 342 1588 375 ante-

64 417 66 419 >
131 398 299 438 serenda.
355 399 502 438 Omitto
523 399 777 451 Cappadoces
797 405 837 436 et
856 398 975 449 Syros
996 405 1036 436 et
1055 398 1200 437 Indicae
1219 399 1387 449 regionis
1410 398 1588 437 homines

130 461 170 498 in
188 460 331 501 ultimis
351 462 462 500 terris
481 461 724 501 habitantes:
754 460 892 511 quibus
913 460 1091 499 omnibus
1123 461 1303 499 usuvenit
1332 468 1374 498 ut
1401 460 1525 499 multa
1550 466 1590 499 et

130 524 271 562 acerba
282 531 321 563 et
335 524 465 576 gravia
478 524 724 563 sustinerent.
756 524 812 560 At
825 521 994 561 Hercule
1006 522 1155 562 felicius
1178 523 1240 574 agi
1254 522 1454 561 vobiscum
1472 533 1590 573 quam

132 600 223 626 cum
246 588 354 627 hisce
387 588 566 627 omnibus
586 588 810 626 fatebuntur
829 599 979 634 omnes,
1003 586 1175 626 deterius
1207 592 1335 625 autem
1359 597 1474 636 quam
1500 597 1589 622 cum

129 649 322 689 Thessalis
341 657 380 689 et
403 649 619 689 Arcadibus
639 657 678 688 et
697 648 865 700 Argivis,
884 656 923 687 et
941 649 1175 701 quibusdam
1190 648 1273 687 aliis
1289 646 1427 699 quibus
1447 645 1590 684 accidit

129 718 173 749 ut
201 710 368 764 Philippi
395 712 618 751 societatem
646 710 847 750 colerent?
890 711 941 750 At
973 712 1119 750 minore
1150 723 1267 762 quam
1298 708 1337 746 hi
1369 708 1445 760 ipsi
1474 708 1591 746 etiam

130 771 378 813 incommodo
406 772 628 821 recessistis,
652 786 730 812 non
764 786 810 812 eo
843 779 996 811 tantum
1022 773 1238 826 quodnon
1272 769 1589 820 serviistis—quo

127 833 221 884 quid
247 836 373 888 majus
392 835 474 875 fieri
504 842 620 888 queat
630 835 713 882 '3—-,
735 835 805 874 sed
835 835 885 874 ob
914 835 1014 874 illud
1037 835 1152 875 etiam
1180 833 1287 886 quod
1305 832 1389 872 istis
1409 830 1590 870 omnibus

124 894 258 936 clades
284 910 308 936 a
327 897 508 950 Philippo
539 897 659 951 illatae
687 896 839 936 Graecis
858 904 900 936 et
918 897 1122 950 oppressio
1142 895 1334 935 libertatis
1353 894 1589 946 imputatur;

125 956 231 996 unde
250 959 386 998 merito
404 959 444 997 in
463 959 554 999 odio
573 965 689 998 sunt:
719 971 786 998 vos
806 964 936 998 autem
956 972 1027 1010 pro
1047 958 1171 997 salute
1192 957 1422 995 Graecorum
1445 961 1485 993 et
1505 966 1592 992 cor-

125 1030 222 1069 pora
253 1026 292 1058 et
322 1034 416 1073 opes
446 1027 486 1060 et
511 1022 648 1061 urbem
664 1027 706 1060 et
730 1033 844 1073 agros
874 1021 914 1058 in
943 1020 1151 1060 discrimen
1181 1018 1391 1058 adduxisse
1410 1021 1591 1059 constat;

125 1079 230 1118 unde
259 1087 564 1121 consentaneum
595 1088 657 1121 est
693 1088 733 1121 et
763 1095 832 1121 vos
870 1081 1007 1121 florere
1041 1081 1164 1133 gloria
1200 1086 1240 1119 et
1273 1078 1378 1132 apud
1412 1077 1592 1117 homines

125 1153 258 1193 aequos
277 1149 316 1182 et
335 1149 466 1195 gratos
493 1144 656 1196 gratiam
674 1143 793 1183 inisse
811 1143 1083 1183 immortalem.
1139 1142 1229 1181 Fuit
1246 1142 1363 1194 igitur
1389 1140 1454 1180 hic
1482 1152 1591 1178 meo-

121 1215 206 1240 rum
224 1204 474 1244 consiliorum
494 1212 670 1253 eventus,
688 1212 735 1245 ut
751 1211 881 1245 vestra
894 1206 987 1244 urbs
1008 1219 1056 1244 ex
1072 1205 1133 1244 his
1151 1218 1239 1256 quae
1253 1204 1480 1243 restiterunt
1500 1214 1590 1253 pro-

120 1265 306 1316 sperrima
339 1266 496 1306 fortuna
528 1273 673 1314 utatur,
713 1267 788 1307 illis
823 1280 910 1319 quae
949 1266 1173 1319 Philippum
1203 1266 1436 1318 adjuverunt
1469 1263 1592 1315 gloria

118 1332 291 1378 praestet.
347 1326 518 1367 Proinde
537 1329 587 1367 ob
606 1327 692 1367 haec
712 1327 765 1366 dii
783 1327 892 1367 vobis
910 1329 1016 1367 bona
1040 1327 1109 1366 illa
1128 1327 1286 1367 oracula
1304 1325 1491 1373 reddunt,
1518 1324 1592 1363 ini-

118 1400 239 1438 quum
258 1395 389 1429 autem
407 1389 658 1430 maledictum
677 1389 718 1428 in
736 1389 1007 1430 conviciatoris
1033 1395 1153 1442 caput
1172 1395 1414 1440 retorquent.
1471 1385 1592 1429 Quod

116 1449 172 1487 ita
187 1450 437 1504 intelligetur,
455 1453 488 1491 si
506 1452 592 1504 quis
612 1452 698 1504 ejus
714 1451 948 1504 quotidianae
962 1451 1052 1490 vitae
1066 1450 1394 1491 consuetudinem
1413 1454 1590 1501 spectare

47 1510 52 1511 ⁷
119 1511 344 1552 instituerit.
401 1513 505 1553 Nam
539 1527 627 1566 quae
658 1512 716 1566 illi
744 1513 979 1567 impoecefis,
1002 1525 1049 1551 ea
1074 1512 1162 1564 ipse
1189 1511 1238 1550 de
1257 1510 1452 1549 industria
1469 1509 1590 1548 facit:

119 1575 186 1626 qui
203 1582 383 1628 parentes
402 1576 506 1625 odio,
526 1576 763 1616 Pausaniam
780 1574 1024 1627 paediconem
1043 1587 1188 1622 amore,
1208 1579 1489 1625 prosequatur:
1525 1571 1592 1622 qui

118 1637 332 1679 insolenter
351 1652 393 1679 se
411 1645 456 1678 ut
473 1640 598 1678 virum
617 1639 755 1691 jactet,
776 1651 865 1677 cum
893 1637 1095 1676 muliebria
1111 1636 1303 1689 patiatur:
1332 1641 1442 1688 patre
1473 1647 1590 1685 supe-

117 1698 208 1746 rior,
231 1701 472 1754 turpitudine
510 1700 690 1740 inferior:
731 1699 797 1752 qui
824 1712 957 1739 earum
989 1712 1117 1739 rerum
1148 1705 1307 1751 propter
1341 1709 1440 1748 quas
1478 1696 1590 1734 illurn

116 1772 252 1802 omnes
279 1769 521 1811 aversantur,
552 1764 740 1802 obscoena
774 1762 1140 1801 commemoratione
1173 1773 1286 1799 suum
1314 1759 1398 1811 ipse
1417 1758 1590 1797 animum

116 1823 300 1874 oblectet,
317 1825 443 1877 iisque
467 1824 667 1865 narrandis
696 1831 904 1872 recreetur,
924 1837 1012 1875 quae
1031 1835 1218 1862 nauseam
1239 1820 1485 1860 audientibus
1505 1832 1589 1858 mo-

116 1894 262 1926 veant:
288 1900 416 1939 neque
447 1893 592 1935 tamen,
611 1893 655 1926 ut
685 1886 801 1926 homo
830 1886 993 1937 simplex
1023 1892 1140 1937 atque
1161 1885 1370 1936 ingenuus,
1401 1882 1589 1921 desistere

115 1954 257 2000 potest.
314 1949 418 1988 Haec
447 1961 521 2001 ego
550 1962 630 1989 non
653 1948 910 2001 scripsissem,
939 1946 1012 1986 nisi
1044 1958 1290 1986 commovere
1309 1950 1478 1984 vestram
1509 1955 1589 1994 qua

115 2011 399 2063 comprehensa
414 2011 541 2050 latent
559 2010 642 2063 ejus
660 2010 810 2062 flagitia
827 2009 1053 2048 memoriam
1073 2008 1298 2048 voluissem,
1332 2050 1336 2053 ,
1356 2006 1475 2054 Nam,
1495 2018 1586 2058 quae

117 2072 224 2112 dictu
248 2086 387 2125 parum
404 2072 625 2112 verecunda
653 2079 757 2119 sunt,
777 2085 823 2110 ea
850 2085 922 2110 nec
951 2071 1045 2110 satis
1074 2071 1238 2110 honeste
1263 2069 1377 2110 scribi
1395 2074 1586 2120 possunt;

115 2140 233 2185 atque
253 2133 315 2172 vel
332 2133 418 2171 haec
437 2134 545 2172 vobis
572 2133 735 2172 arbitror
762 2133 900 2172 auditu
926 2132 1045 2172 fuisse
1075 2132 1266 2171 molesta:
1295 2132 1356 2170 his
1384 2131 1488 2169 enim
1514 2130 1586 2169 ad-

115 2195 285 2235 monitus
304 2194 572 2247 unusquisque
600 2201 770 2234 vestrum
789 2195 911 2233 multa
927 2195 1011 2247 ejus
1031 2202 1072 2233 et
1090 2194 1239 2233 atrocia
1258 2200 1299 2232 et
1318 2193 1422 2232 foeda
1436 2191 1585 2244 flagitia

115 2254 303 2297 meminit.
358 2256 421 2296 Fit
438 2257 570 2309 igitur,
596 2264 640 2296 ut
659 2269 735 2297 nec
764 2270 837 2310 ego
855 2256 1064 2310 quicquam
1094 2263 1207 2309 turpe
1227 2255 1406 2305 dixerim,
1427 2260 1468 2293 et
1493 2254 1582 2301 iste,

116 2319 270 2372 quoties
306 2318 345 2357 in
375 2317 574 2371 publicum
591 2319 789 2372 prodierit,
813 2332 970 2361 suarum
997 2319 1217 2360 foeditatum
1247 2318 1425 2359 omnibus
1458 2316 1582 2357 moni—

115 2390 289 2423 mentum
309 2383 504 2423 exhibeat.
562 2382 711 2423 Valete.

804 2982 873 3019 So
