1915 3356
466 184 541 224 DE
571 184 722 227 MALE
751 184 927 224 GESTA
961 183 1297 228 LEGATIONE.
1564 185 1615 221 43

150 290 315 337 aiebam,
335 294 375 328 te
398 302 447 329 ex
474 290 540 328 illo
564 297 698 329 natum
725 289 796 328 tibi
828 286 1039 330 vindicare,
1068 299 1145 324 non
1174 293 1236 324 est
1263 297 1431 336 aequum.
1479 283 1547 321 Sin
1573 290 1617 320 ut

150 350 254 390 bello
271 357 441 402 captam,
455 351 544 402 jure
572 358 609 390 te
637 350 779 390 habere
798 362 950 394 censes,
980 347 1171 398 siquidem
1196 347 1301 386 bello
1328 346 1515 384 adversus
1543 357 1614 382 nos

149 419 263 463 gesto
281 413 319 451 vi
338 413 507 465 cepisses
523 414 669 458 urbem,
689 412 772 450 sine
793 408 1058 449 controversia
1075 415 1228 446 teneres
1248 421 1348 452 eam,
1369 407 1510 458 quippe
1525 405 1613 456 jure

107 475 115 482 ’
147 473 239 512 belli
268 481 444 525 partam:
476 474 546 512 sed
565 474 598 512 si
623 471 904 524 Amphipolitis
930 471 1063 508 urbem
1094 468 1388 506 Atheniensium
1417 467 1607 519 eripuisti,

149 549 228 575 non
253 550 301 574 ea
319 550 408 587 quae
427 536 580 574 illorum
600 535 769 581 fuerunt,
788 534 924 580 habes,
946 532 1013 571 sed
1033 531 1228 582 regionem
1249 530 1558 568 Atheniensium.

207 599 269 636 15.
300 598 373 636 His
393 604 435 636 et
463 597 545 635 aliis
566 596 805 635 orationibus
825 594 982 640 habitis,
1003 592 1210 644 legationis
1229 591 1331 629 vices
1355 591 1436 641 jam
1464 591 1610 628 Demo-

147 658 295 698 sthenis
329 664 466 697 erant:
510 663 628 707 atque
660 670 797 695 omnes
827 655 967 694 intenti
1002 659 1070 693 ora
1105 653 1307 698 tenebant,
1346 657 1390 689 ut
1426 651 1611 689 invictam

146 719 374 759 excellentis
407 719 641 770 eloquentiae
673 719 750 757 vim
784 717 968 756 audituri.
1015 716 1118 754 Nam
1151 722 1190 753 et
1222 714 1296 765 ipsi
1329 712 1612 764 Philippo—ut

143 790 234 833 post
253 781 387 819 audire
405 781 582 828 licuit—-,
602 787 642 819 et
661 780 795 818 amicis
813 779 898 831 ejus
918 778 1127 818 enunciata
1146 777 1272 815 fuerat
1287 774 1611 828 pollicitationum

142 843 228 895 ejus
253 842 492 894 magnitudo.
539 842 603 881 Sic
631 849 762 880 autem
795 840 948 880 affectis
978 831 1155 878 omnibus
1189 838 1240 877 ad
1270 837 1610 882 auscultationem,

143 910 261 943 sonat
278 904 407 943 bellua
424 905 501 943 ista
519 904 721 943 exordium
750 903 1050 946 tenebricosum,
1069 908 1109 939 et
1124 912 1205 952 prae
1233 907 1340 938 metu
1361 899 1550 944 exanime,
1571 903 1612 936 et

142 979 231 1005 cum
249 965 287 1004 in
307 980 435 1005 rerum
449 967 812 1006 commemoratione
825 965 985 1017 paulum
1000 962 1270 1016 processisset,
1285 961 1413 999 subito
1432 960 1610 1006 obticuit,

142 1028 257 1081 inops
276 1029 455 1068 consilii:
485 1028 644 1067 tandem
662 1028 809 1067 excidit
827 1028 1013 1066 oratione.
1051 1024 1256 1076 Philippus
1283 1030 1412 1062 autem
1432 1036 1522 1061 cum
1551 1022 1608 1060 vi-

142 1091 282 1137 disset,
302 1097 349 1130 ut
365 1090 531 1130 affectus
547 1097 667 1137 esset,
687 1103 774 1128 eum
790 1096 831 1128 et
847 1091 951 1128 bono
964 1087 1101 1129 animo
1123 1100 1211 1126 esse
1235 1085 1366 1136 jussit,
1386 1091 1426 1123 et
1444 1098 1521 1122 non
1540 1097 1608 1122 ex·

141 1152 326 1200 istimare,
353 1159 398 1191 ut
416 1152 456 1190 in
486 1152 661 1199 theatris,
683 1152 738 1190 sic
764 1151 835 1190 sibi
856 1157 1059 1203 propterea
1088 1149 1180 1187 mali
1212 1147 1357 1199 aliquid
1387 1147 1579 1185 accidisse
1595 1160 1607 1190 ;

142 1215 214 1253 sed
226 1227 295 1265 per
313 1215 436 1253 otium
451 1228 498 1253 ac
517 1214 703 1266 paulatim
724 1213 849 1252 redire
864 1213 904 1252 in
931 1212 1169 1257 memoriam,
1189 1218 1230 1249 et
1245 1223 1315 1262 pro
1336 1222 1407 1247 suo
1428 1208 1606 1247 instituto

138 1277 259 1315 verba
275 1275 418 1314 facere.
454 1277 509 1314 At
527 1276 602 1314 iste
622 1283 666 1313 ut
683 1275 804 1313 semel
824 1275 952 1313 fuerat
970 1273 1242 1317 conturbatus,
1265 1279 1303 1310 et
1325 1284 1348 1310 a
1367 1271 1518 1322 scriptis
1536 1270 1606 1309 ab·

137 1344 298 1385 errarat,
330 1338 381 1376 ad
401 1350 487 1377 sese
512 1337 639 1376 redire
660 1349 740 1376 non
758 1336 897 1390 potuit,
917 1335 986 1375 sed
1011 1342 1053 1374 et
1084 1347 1216 1374 rursus
1243 1333 1372 1372 dicere
1403 1344 1606 1384 aggresso,

139 1399 242 1438 idem
263 1398 420 1438 accidit.

197 1462 259 1499 16.
290 1461 344 1499 Ut
361 1467 491 1499 autem
510 1460 706 1499 silentium
727 1468 824 1508 erat,
845 1459 1028 1499 secedere
1047 1473 1118 1498 nos
1138 1470 1269 1510 praeco
1283 1458 1412 1507 jussit.
1446 1457 1604 1496 Deinde

136 1535 227 1562 cum
251 1535 323 1561 nos
354 1522 476 1573 legati
506 1523 578 1561 soli
607 1535 793 1578 essemus,
816 1523 943 1561 bonus
974 1521 1049 1560 iste
1078 1520 1367 1559 Demosthenes
1396 1519 1505 1557 vultu
1534 1519 1603 1557 ad-

135 1585 296 1623 modum
325 1584 474 1631 tetrico,
503 1584 720 1636 perdidisse
745 1597 807 1622 me
834 1584 970 1622 urbem
999 1590 1039 1621 et
1064 1582 1190 1621 socios
1221 1581 1361 1619 aiebat.
1417 1580 1604 1619 Perculso

136 1653 266 1686 autem
292 1659 371 1685 non
389 1660 451 1684 me
470 1653 637 1694 tantum,
666 1646 736 1684 sed
764 1652 804 1684 et
822 1645 961 1684 ceteris
987 1645 1128 1695 legatis
1157 1644 1352 1689 omnibus,
1372 1655 1416 1681 ac
1443 1656 1603 1682 causam

138 1708 445 1754 sciscitantibus,
478 1721 547 1745 cur
589 1708 629 1745 id
663 1707 840 1755 dixisset,
881 1720 944 1745 me
983 1708 1161 1758 rogabat,
1195 1719 1245 1743 an
1279 1704 1422 1743 oblitus
1461 1717 1601 1748 essem,

135 1776 181 1808 ut
211 1782 254 1808 se
281 1782 344 1808 res
372 1769 538 1807 Athenis
566 1767 769 1815 haberent,
803 1775 843 1807 et
874 1777 918 1807 ut
948 1768 1116 1820 populus
1143 1774 1248 1806 esset
1279 1766 1530 1817 defatigatus,
1563 1774 1602 1805 et

133 1838 376 1883 quantopere
395 1843 533 1881 pacem
557 1836 772 1881 expeteret,
795 1843 875 1869 non
903 1830 1179 1869 meminissem.
1228 1829 1295 1866 An
1314 1841 1406 1866 vero
1437 1828 1600 1874 animos,

131 1892 273 1945 inquit,
291 1892 362 1931 tibi
382 1892 534 1930 faciunt
553 1904 578 1929 1.
608 1892 796 1938 triremes,
822 1892 990 1930 decretae
1010 1891 1087 1930 illae
1117 1890 1289 1942 quidem,
1311 1890 1380 1928 sed
1399 1904 1601 1942 nunquam

132 1953 410 2007 complendae?
439 1953 504 1991 Sic
521 1952 622 1991 enim
642 1952 799 1992 irritasti
818 1953 1056 2005 Philippum,
1076 1959 1116 1991 et
1133 1966 1179 1990 ea
1197 1951 1324 1990 fecisti
1345 1953 1474 1997 verba,
1495 1952 1601 1990 unde

131 2032 212 2058 non
226 2017 372 2056 bellum
385 2016 426 2054 in
439 2028 578 2067 pacem
594 2023 779 2063 mutetur,
799 2016 869 2055 sed
887 2029 965 2067 pax
979 2016 1019 2054 in
1032 2015 1180 2054 bellum
1198 2014 1504 2052 infestissimum.
1537 2015 1602 2052 In-

132 2079 300 2133 cipiente
319 2084 449 2117 autem
467 2090 530 2115 me
549 2077 636 2115 haec
662 2078 845 2124 refutare,
866 2078 1121 2116 accersebant
1139 2089 1210 2114 nos
1232 2075 1394 2114 ministri
1415 2075 1598 2128 Philippi.

135 2143 190 2181 Ut
214 2141 404 2187 venimus,
423 2146 463 2179 et
480 2139 611 2177 denuo
632 2140 896 2186 consedimus,
916 2139 1121 2190 Philippus
1141 2138 1192 2176 ad
1213 2138 1369 2189 singula
1386 2151 1474 2188 quae
1495 2139 1601 2177 dicta

131 2205 301 2250 fuerant,
320 2201 553 2253 respondere
573 2201 716 2252 aliquid
735 2202 912 2252 parabat,
932 2214 1059 2252 neque
1079 2213 1170 2240 vero
1189 2200 1328 2238 mirum
1345 2201 1429 2247 fuit,
1450 2213 1537 2238 eum
1559 2201 1598 2239 in

131 2278 222 2304 mea
257 2263 431 2303 oratione
457 2262 669 2301 diutissime
700 2262 823 2301 fuisse
848 2261 1338 2308 immoratum,-fortassis
1370 2261 1472 2299 enim
1503 2261 1599 2299 nihil

131 2325 239 2380 quod
257 2325 337 2364 dici
354 2331 520 2376 poterat,
540 2331 586 2363 ut
599 2325 774 2371 arbitror,
794 2324 1184 2376 praetermiseram—,
1199 2331 1239 2362 et
1253 2336 1356 2374 saepe
1370 2324 1598 2362 nominatim

132 2403 196 2429 me
214 2386 477 2439 compellavit,
497 2393 635 2425 contra
654 2386 961 2426 Demosthenem
980 2393 1126 2433 autem,
1146 2386 1213 2436 qui
1232 2392 1311 2423 tam
1335 2385 1496 2423 ridicule
1517 2385 1598 2424 dis-

130 2457 316 2496 cesserat,
336 2462 388 2488 ne
406 2449 488 2487 ulla
507 2448 663 2500 quidem
692 2449 743 2487 de
762 2461 803 2487 re
824 2449 1006 2487 disseruit
1024 2448 1184 2487 scilicet.
1236 2449 1336 2489 Quae
1363 2459 1512 2485 summa
1535 2447 1598 2486 isti

129 2526 227 2554 crux
245 2520 286 2551 et
303 2511 485 2550 molestia
503 2510 589 2549 fuit.
637 2510 694 2549 Ut
714 2518 844 2550 autem
865 2510 1033 2561 Philippi
1061 2509 1184 2548 oratio
1212 2509 1370 2547 taudem
1391 2509 1429 2546 in
1449 2509 1525 2546 fine
1545 2509 1596 2546 ad

129 2574 413 2614 humanitatem
434 2584 624 2611 conversa
651 2578 725 2618 est,
745 2580 784 2611 et
810 2572 884 2610 iste
912 2571 1162 2617 calumniam,
1190 2583 1268 2621 qua
1284 2583 1345 2608 me
1366 2569 1469 2620 prius
1491 2570 1597 2621 apud

129 2636 303 2688 collegas
322 2641 514 2680 onerarat,
535 2633 648 2686 quasi
667 2634 758 2672 belli
786 2642 828 2672 et
845 2633 997 2672 dissidii
1015 2640 1150 2671 auctor
1169 2633 1323 2670 futurus
1343 2644 1483 2676 essem,
1501 2632 1596 2669 ami-

131 2704 248 2744 serat,
266 2696 319 2735 ibi
337 2709 427 2735 vero
447 2696 540 2735 satis
560 2696 787 2747 apparebat,
806 2708 894 2734 eum
914 2708 986 2733 nec
1007 2694 1124 2733 animi
1138 2694 1223 2746 jam
1242 2707 1326 2732 esse
1346 2700 1566 2744 compotem
1583 2706 1594 2737 ς

130 2760 231 2799 adeo
249 2765 295 2796 ut
312 2758 364 2796 ad
375 2757 586 2809 hospitium
602 2757 712 2796 nobis
729 2757 912 2802 invitatis,
928 2756 1171 2808 ineptissime
1193 2769 1233 2794 se
1249 2762 1413 2807 gereret.

190 2823 252 2860 17.
283 2820 384 2858 Cum
403 2827 532 2858 autem
552 2833 575 2858 a
592 2819 786 2871 legatione
800 2819 882 2870 jam
905 2832 977 2858 nos
998 2819 1048 2858 ad
1075 2819 1240 2858 reditum
1261 2830 1497 2868 pararemus,
1528 2830 1592 2854 su-

131 2885 212 2923 bito
230 2882 270 2921 in
295 2881 442 2927 itinere,
462 2888 600 2932 praeter
624 2881 843 2933 opinionem
870 2887 1058 2926 nostram,
1080 2879 1301 2931 humaniter
1321 2891 1408 2917 cum
1429 2878 1593 2929 singulis

130 2944 437 2996 colloquebatur.
466 2942 573 2986 Quid
587 2943 702 2995 igitur
716 2949 824 2982 esset
838 2943 1027 2995 CercopS,
1045 2948 1112 2981 aut
1125 2941 1382 2985 Vertumnus,
1405 2948 1471 2979 aut
1488 2940 1591 2978 Cha-
