1915 3356
584 202 640 240 IN
671 199 1123 240 CTESIPHONTEM‚
1562 206 1605 242 71

127 305 273 357 optima
289 305 511 357 reipublicae
541 304 704 343 consilia
736 305 829 342 dare
855 304 1012 341 liceret:
1044 303 1182 341 deinde
1213 312 1257 341 ut
1279 304 1360 355 jam
1389 303 1510 342 cuivis
1539 304 1590 341 ci-

128 368 244 415 vium,
272 380 341 420 pro
361 381 433 407 sua
459 369 645 418 cujusque
675 373 805 414 aetate,
827 366 988 404 seorsim
1008 372 1047 403 et
1066 378 1133 417 per
1153 366 1254 403 vices
1278 366 1440 417 singulis
1461 366 1510 404 de
1535 378 1593 404 re-

128 429 199 467 bus
220 429 424 468 sententiae
445 429 623 467 dicendae
637 434 810 479 potestas
831 427 893 465 sit.
926 426 990 465 Sic
1006 426 1110 464 enim
1129 426 1221 463 mihi
1241 427 1392 465 videtur
1408 434 1448 465 et
1461 428 1596 466 civitas

129 493 272 544 optime
295 494 375 545 regi
394 507 524 545 posse,
543 501 582 531 et
601 492 868 530 contentiones
887 492 1061 530 forenses
1081 490 1288 529 rarissimae
1308 491 1463 529 futurae.
1496 492 1598 530 Cum

131 562 262 592 autem
283 568 343 602 ea,
370 568 458 606 quae
477 554 568 592 olim
586 567 781 592 consensu
801 554 974 592 omnium
1002 559 1114 591 erant
1132 552 1469 603 praestantissima‚
1496 566 1599 590 nunc

131 617 318 667 abrogata
337 615 428 663 sint,
458 629 546 654 cum
566 615 741 653 nonnulli
765 615 978 654 sententias
1004 615 1158 665 legibus
1182 614 1397 651 contrarias
1424 627 1502 651 non
1527 615 1600 652 du-

132 678 256 716 bitent
276 678 525 729 perscribere,
560 690 704 728 easque
727 677 791 715 alii
811 677 941 728 populi
962 675 1156 726 suffragiis
1177 674 1415 725 permittant,
1443 687 1522 712 non
1536 675 1600 725 ju-

134 738 304 777 stissima
317 739 467 777 ratione
485 739 739 790 proedrorum
760 751 901 776 munus
919 737 1054 776 sortito
1070 736 1216 787 adepti,
1233 736 1303 774 sed
1316 735 1422 774 facta
1435 736 1600 773 coitione

133 800 354 844 consecuti3
385 801 418 838 si
437 801 521 851 quis
541 807 672 838 autem
693 814 741 838 ex
761 800 918 850 reliquis
937 799 1182 837 senatoribus
1199 810 1338 835 munus
1358 797 1454 834 illud
1472 810 1605 835 revera

135 861 294 900 sortitus
311 862 362 900 sit
381 869 419 900 et
436 861 622 913 suffragia
635 868 765 900 vestra
778 861 848 899 rite
861 860 1182 912 pronuntiaverit,
1200 859 1289 897 huic
1304 859 1381 903 isti,
1398 859 1463 909 qui
1483 871 1605 910 remp.

137 936 215 961 non
247 924 329 975 jam
358 937 604 962 communem
644 924 715 962 sed
747 923 926 975 privatim
965 936 1075 961 suam
1105 921 1342 967 existimant,
1372 921 1607 959 delationem

136 986 302 1024 nominis
321 986 561 1032 minitentur,
588 987 748 1025 redacta
775 986 814 1023 in
843 985 1063 1024 servitutem
1091 985 1205 1036 plebe
1232 991 1272 1021 et
1303 983 1608 1022 dominationem

138 1047 211 1085 sibi
242 1048 509 1093 vendicantes,
543 1061 631 1086 cum
657 1048 804 1100 judicia
831 1061 917 1098 quae
947 1047 1098 1098 legibus
1131 1047 1346 1085 constituta
1373 1052 1465 1084 sunt
1495 1046 1608 1083 abro-

139 1109 279 1159 garim,
297 1123 462 1161 quaeque
483 1124 530 1148 ex
548 1110 764 1161 plebiscitis
784 1110 883 1148 fiunt
900 1109 1076 1147 iracundi
1095 1109 1372 1160 pronuntient:
1404 1107 1493 1146 silet
1510 1121 1610 1159 prae-

140 1172 295 1210 conium
315 1172 415 1210 illud
435 1172 604 1211 omnium
625 1185 714 1223 quae
733 1172 771 1209 in
802 1172 897 1210 urbe
917 1178 1010 1209 sunt
1029 1178 1069 1209 et
1092 1171 1394 1223 pulcherrimum
1416 1177 1457 1208 et
1481 1169 1611 1207 mode·

140 1232 369 1278 stissimum,
407 1234 512 1284 quis
546 1233 969 1284 quinquagenario
1006 1235 1159 1284 major
1196 1234 1482 1271 concionem
1533 1232 1609 1269 ha-

141 1296 254 1333 bere
309 1295 428 1341 vult,
481 1295 662 1333 deinde
706 1309 789 1346 per
838 1295 971 1333 vices
1019 1295 1101 1345 qui
1139 1294 1223 1332 alii
1263 1294 1609 1337 Athenienses,

142 1357 213 1396 sed
232 1362 429 1395 oratorum
450 1356 735 1396 immodestiam
749 1357 831 1409 jam
853 1369 980 1407 neque
998 1357 1105 1407 leges
1135 1369 1262 1407 neque
1282 1363 1466 1408 prytanes
1486 1367 1613 1406 neque

141 1419 295 1470 proedri
310 1432 438 1470 neque
457 1419 668 1470 praesidens
687 1420 824 1465 tribus,
845 1418 996 1456 decima
1016 1431 1103 1470 pars
1122 1417 1305 1464 civitatis,
1327 1423 1494 1469 possunt
1507 1429 1613 1454 coer-

143 1493 243 1519 cere.

197 1544 235 1580 3.
265 1541 366 1579 Cum
386 1542 502 1592 igitur
521 1540 608 1579 haec
628 1540 683 1584 ita
701 1554 742 1579 se
762 1540 951 1585 habeant,
969 1554 1014 1579 ac
1029 1540 1123 1578 talia
1142 1540 1236 1592 reip.
1257 1541 1498 1577 obvenerunt
1517 1546 1615 1576 tem-

143 1616 252 1655 pora,
271 1603 402 1654 qualia
421 1616 491 1641 vos
506 1616 594 1641 esse
610 1602 684 1654 ipsi
703 1603 929 1655 intelligitis,
945 1616 1024 1641 una
1043 1603 1173 1640 adhuc
1195 1615 1283 1653 pars
1303 1601 1451 1652 imperii
1471 1601 1619 1652 reliqua

145 1673 219 1712 est,
240 1666 272 1703 si
291 1666 384 1716 quid
405 1665 521 1703 modo
542 1678 617 1715 ego
637 1665 827 1716 intelligo,
842 1665 1078 1717 judiciorum
1098 1665 1146 1702 de
1169 1663 1337 1702 decretis
1358 1670 1495 1701 contra
1510 1663 1618 1714 leges

144 1727 258 1765 factis
278 1727 490 1764 vindicatio.
528 1727 647 1769 Quod
667 1727 696 1765 si
714 1727 801 1765 h'aec
821 1740 977 1778 quoque
997 1726 1141 1764 tolletis
1160 1726 1222 1763 vel
1241 1726 1286 1763 iis
1307 1726 1372 1777 qui
1392 1726 1530 1763 tollere
1550 1738 1617 1763 co-

145 1796 288 1828 nantur
302 1789 549 1841 permittetis,
562 1789 734 1839 praedieo
747 1789 856 1826 vobis
870 1789 951 1826 fore
965 1796 1008 1826 ut
1020 1788 1207 1840 paulatim
1221 1788 1414 1826 universae
1426 1788 1521 1838 reip.
1540 1793 1619 1825 sta-

147 1858 229 1889 tum
255 1851 371 1890 certis
395 1850 615 1888 hominibus
635 1849 902 1900 imprudentes
923 1850 1164 1888 concedatis.
1211 1849 1337 1887 Probe
1358 1849 1458 1887 enim
1480 1850 1617 1893 nostis,

150 1912 424 1957 Athenienses,
438 1911 512 1949 tria
531 1924 618 1949 esse
638 1911 742 1962 apud
756 1924 890 1949 omnes
904 1911 1079 1949 homines
1098 1912 1192 1962 reip.
1219 1911 1537 1949 administrandae
1554 1924 1622 1962 ge-

147 1987 266 2014 nera:
281 1974 421 2020 Unius,
440 1973 676 2019 Paucorum,
691 1979 732 2010 et
750 1972 889 2024 Populi
905 1973 1177 2024 principatum.
1206 1972 1264 2010 Ac
1283 1985 1446 2023 regnum
1461 1973 1620 2023 quidem

149 2048 443 2089 paucorumque
471 2034 695 2072 dominatus
726 2046 859 2072 eorum
880 2034 946 2084 qui
966 2042 1142 2085 praesunt
1166 2033 1488 2072 administrantur
1520 2034 1620 2072 arbi-

149 2099 244 2141 tri03
260 2097 392 2135 liberae
407 2108 498 2134 vero
511 2096 688 2134 civitates
705 2095 815 2133 statis
831 2095 981 2146 legibus
998 2096 1258 2144 obtemperant.
1288 2095 1491 2133 Neminem
1505 2095 1623 2146 igitur

149 2167 319 2198 vestrum
333 2159 409 2197 hoc
428 2158 563 2204 lateat,
577 2158 645 2196 sed
667 2158 782 2209 plane
803 2157 901 2195 sciat
916 2157 1196 2208 unusquisque,
1219 2170 1275 2202 se,
1297 2170 1343 2194 eo
1356 2157 1442 2208 ipso
1464 2157 1525 2195 die
1544 2171 1622 2208 quo

150 2222 276 2260 forum
303 2219 490 2271 judiciale
510 2219 726 2271 ingreditur
745 2219 937 2258 actionem
969 2219 1016 2257 de
1036 2218 1205 2256 decretis
1226 2226 1362 2256 contra
1380 2218 1488 2269 leges
1511 2218 1624 2256 factis

154 2283 459 2334 disceptaturus,
491 2280 541 2319 de
570 2295 642 2320 sua
660 2281 777 2319 etiarn
809 2280 928 2332 ipsius
950 2280 1107 2318 dicendi
1138 2280 1315 2318 libertate
1343 2280 1513 2318 laturum
1540 2293 1624 2318 esse

154 2345 401 2384 sententiam.
444 2344 596 2382 Idcirco
624 2351 665 2382 et
694 2343 912 2395 Legislator
935 2344 1100 2394 primum
1132 2343 1210 2381 boc
1230 2343 1362 2394 posuit
1392 2343 1432 2381 in
1446 2343 1625 2395 judicum

148 2406 417 2460 jurejurando,
460 2406 694 2444 sententi
713 2419 783 2443 am
823 2406 870 2443 fe
885 2418 985 2443 ram
1024 2418 1137 2444 secu
1152 2405 1247 2442 ndu
1263 2418 1299 2442 m
1338 2406 1490 2456 leges,
1529 2405 1625 2442 illud

155 2469 335 2507 nimirum
364 2481 434 2519 pro
465 2474 668 2519 comperto
696 2467 845 2513 habuit,
878 2467 1117 2505 conservatis
1147 2467 1242 2518 reip.
1277 2467 1443 2518 legibus,
1476 2466 1626 2504 salvum

156 2530 272 2570 simul
292 2543 378 2568 esse
399 2529 600 2580 imperium
621 2529 821 2580 populare.
856 2529 956 2571 Quae
975 2527 1133 2579 quidem
1152 2541 1221 2566 vos
1243 2528 1428 2565 memoria
1448 2535 1627 2566 tenentes

157 2598 311 2643 oportet
335 2604 401 2630 eos
432 2591 499 2642 qui
529 2590 688 2629 decreta
715 2591 892 2629 scribunt
917 2590 1070 2641 legibus
1104 2590 1296 2629 contraria
1328 2590 1469 2634 odisse,
1502 2603 1629 2640 neque

157 2655 282 2692 ullum
302 2654 526 2707 hujusmodi
546 2654 694 2693 crimen
713 2654 812 2700 leve,
834 2653 900 2691 sed
925 2653 1194 2704 gravissimum
1217 2666 1303 2690 esse
1326 2652 1629 2702 unumquodque

159 2714 349 2760 arbitrari,
369 2715 538 2766 denique
571 2714 646 2754 hoc
666 2715 734 2767 jus
767 2715 960 2754 neminem
987 2714 1206 2752 mortalium
1226 2714 1334 2752 vobis
1355 2713 1436 2764 pati
1465 2713 1628 2764 eripere,

163 2777 361 2828 repudiatis
378 2783 418 2816 et
435 2777 709 2829 imperatorum
728 2777 969 2830 patrociniis,
989 2776 1055 2827 qui
1068 2776 1221 2828 jamdiu
1238 2776 1453 2814 oratoribus
1469 2775 1629 2826 quibus-

162 2839 252 2878 dam
273 2838 471 2890 adjutores
490 2838 627 2878 adsciti
648 2853 771 2891 remp.
792 2839 1044 2884 labefactant,
1067 2845 1105 2876 et
1123 2838 1320 2889 hospitum
1351 2837 1632 2888 deprecationi-

162 2902 250 2947 bus,
261 2900 406 2952 quibus
423 2900 540 2951 aliqui
559 2903 782 2940 subornatis
796 2914 817 2939 e
833 2901 991 2952 judiciis
1011 2900 1217 2952 effugiunt,
1240 2914 1328 2939 cum
1358 2900 1509 2951 legibus
1534 2913 1627 2938 con·

164 2963 318 3002 trariam
342 2967 555 3013 sequantur
573 2964 797 3014 reipublicae
826 2963 1010 3014 gerendae
1032 2963 1220 3001 rationem
1240 2975 1247 2999 :
1281 2962 1348 3000 sed
1375 2961 1630 3012 quemadmo-
