1915 3356
557 182 805 222 EXORDIA
836 182 1187 222 CONCIONUM.
1524 178 1597 214 831

143 283 332 335 praebent,
353 284 545 324 simillima
573 293 665 324 sunt
691 287 786 325 cibis
817 299 914 338 quos
947 287 1088 326 medici
1121 285 1278 337 aegrotis
1306 285 1423 323 dant:
1462 281 1527 333 qui
1559 288 1601 318 ut

144 357 217 383 nec
241 345 340 384 vires
361 353 505 398 augent
523 361 595 386 nee
615 348 729 386 emori
752 348 895 395 sinunt,
916 349 971 387 sic
1004 355 1043 386 et
1067 347 1153 385 haec
1183 360 1257 385 nec
1284 347 1490 397 desperare
1521 355 1602 381 ma-

139 406 283 458 jusque
303 407 498 459 quippiam
517 408 717 447 instituere
737 409 881 455 sinunt,
902 422 972 448 nec
993 409 1086 447 satis
1107 408 1193 460 ipsa
1210 421 1297 446 esse
1317 413 1495 459 possunt.

825 511 910 552 LII.

199 589 250 628 Et
268 603 436 642 aequum,
464 591 742 637 Athenienses,
762 597 802 629 et
832 591 1040 630 honestum
1070 598 1110 630 et
1137 589 1366 642 praeclarum
1395 594 1467 636 est,
1497 591 1602 641 quod

144 664 213 690 vos
231 652 360 691 facere
384 653 528 699 soletis,
555 653 639 705 ejus
671 653 783 692 nobis
814 654 930 692 etiam
960 665 1047 692 esse
1080 652 1265 698 studium,
1284 651 1424 689 dlvinae
1455 663 1515 689 res
1548 655 1602 690 uti

143 713 206 765 pie
225 727 272 753 ac
291 713 469 765 religiose
497 721 690 754 curentur.
747 716 805 754 Ac
824 722 957 754 nostra
976 715 1131 766 quidem
1152 713 1299 752 curatio
1326 712 1434 750 vobis
1463 726 1603 765 oppor-

144 782 236 814 tune
256 775 554 822 cecidit‚—nam
579 784 618 817 et
645 778 733 816 Jovi
754 777 949 816 Servatori
980 776 1280 815 sacrificavimus
1300 781 1339 812 et
1359 773 1546 813 Minervae
1566 781 1606 812 et

145 835 343 885 Victoriae,
362 851 483 889 eaque
503 852 612 878 sacra
631 846 670 877 et
688 839 824 890 pulcra
843 845 882 878 et
900 838 1085 877 salutaria
1103 838 1210 876 vobis
1244 836 1478 874 exstiterunt
1496 850 1504 874 :
1542 849 1605 874 sa-

142 899 399 939 crificavimus
417 900 509 939 item
530 901 708 940 Suadelae
741 908 781 940 et
810 901 929 939 Matri
955 901 1114 939 deorum
1135 907 1174 938 et
1200 897 1387 950 Apollini,
1407 898 1546 948 quibus
1567 907 1606 937 et

144 961 238 1012 ipsis
270 962 543 1002 litavimus—-z
573 964 731 1003 fuerunt
760 970 888 1002 autem
917 963 1027 1002 vobis
1059 962 1174 1002 etiam
1202 960 1358 1013 reliquis
1386 961 1480 1000 divis
1500 961 1604 999 facta

146 1036 259 1062 sacra
277 1030 316 1063 et
333 1031 420 1063 tuta
438 1031 477 1064 et
498 1032 605 1064 certa
630 1034 670 1065 et
691 1026 880 1078 praeclara
905 1032 946 1064 et
974 1024 1170 1064 salutaria.
1228 1023 1403 1076 Accipite
1434 1023 1548 1075 igitur
1580 1036 1605 1061 a

145 1084 217 1124 diis
238 1098 286 1124 ea
302 1086 409 1126 bona
428 1100 516 1138 quae
535 1087 764 1139 largiuntur.
954 1091 958 1098 ‘

819 1193 923 1230 LIII.

200 1269 289 1308 Fuit
306 1270 518 1321 quoddam,
537 1276 582 1309 ut
610 1269 788 1323 conjicio,
809 1276 962 1321 tempus
994 1269 1101 1320 apud
1131 1281 1214 1315 vos,
1235 1268 1510 1315 Athenienses,
1530 1280 1606 1318 quo

144 1331 314 1382 populus
345 1331 540 1383 adigebat,
574 1344 846 1383 quemcunque
882 1331 1042 1369 vidisset
1075 1330 1273 1368 hominem
1309 1330 1530 1368 modestum
1568 1337 1607 1367 et

144 1393 304 1441 bonum,
320 1393 385 1432 ‘ad
419 1393 714 1445 Rempublicam
748 1393 1094 1432 administrandam
1129 1405 1175 1430 ac
1205 1391 1449 1443 fungendum
1486 1392 1609 1442 magi-

146 1461 282 1503 stratu,
301 1468 380 1494 non
398 1469 532 1494 eorum
552 1456 618 1508 qui
637 1456 677 1494 id
695 1456 823 1495 facere
851 1455 997 1494 vellent
1019 1455 1327 1507 penuria—nam
1357 1467 1446 1492 cum
1466 1453 1503 1491 in
1524 1453 1607 1492 aliis

144 1517 260 1556 rebus
279 1517 458 1556 omnibus
478 1525 650 1557 nostram
669 1519 803 1557 urbem
823 1518 1059 1556 fortunatam
1072 1517 1259 1569 judicem,
1280 1516 1432 1554 unicam
1452 1516 1555 1554 hanc
1575 1517 1610 1554 ei

144 1578 368 1617 felicitatem
396 1592 548 1631 semper
568 1579 741 1619 defuisse
759 1586 869 1632 puto,
890 1586 933 1618 ut
950 1579 997 1618 iis
1027 1579 1254 1618 deficeretur
1275 1578 1342 1630 qui
1362 1578 1516 1629 Repub.
1537 1577 1611 1615 frui

145 1641 356 1689 vellent—‚
389 1642 460 1680 sed
483 1649 566 1681 erat
591 1641 631 1681 id
663 1643 864 1681 inventum
900 1641 1032 1694 populi
1060 1640 1303 1693 praeclarum,
1336 1639 1611 1684 AthenIenses‚

146 1702 315 1755 utileque
335 1703 590 1756 Reipublicae.
647 1704 749 1743 Nam
778 1712 817 1743 et
846 1703 886 1742 hi
917 1703 1035 1742 veluti
1058 1703 1215 1755 jugales
1245 1716 1266 1740 e
1294 1702 1407 1741 bonis
1432 1708 1472 1740 et
1495 1701 1610 1753 justis

146 1765 236 1804 viris
255 1766 430 1818 adjuncti
449 1767 598 1805 caeteris
618 1780 686 1805 eos
705 1766 1004 1805 verecundiores
1024 1765 1265 1809 efficiebant;
1295 1773 1333 1803 et
1352 1764 1421 1802 viri
1441 1778 1463 1802 e
1482 1772 1609 1803 vestro

146 1841 304 1867 numero
323 1829 416 1867 boni
434 1828 592 1880 quidem
611 1829 666 1868 illi
689 1832 871 1880 justeque
903 1829 1133 1879 magistratu
1161 1827 1384 1879 fungentes,
1405 1826 1476 1865 sed
1494 1826 1610 1864 iidem

145 1905 218 1930 nec
237 1891 482 1944 impudenter
501 1893 675 1944 ingerere
694 1906 780 1931 sese
799 1905 872 1930 nec
896 1892 1041 1930 ambire
1058 1890 1242 1942 suffragia
1257 1890 1398 1937 edocti,
1419 1890 1467 1927 ab
1487 1890 1609 1928 hono-

146 1953 249 1992 ribus
281 1967 360 1993 non
385 1955 689 2007 repellebantur.
746 1954 864 1993 Nunc
896 1967 1053 2006 prorsus
1083 1953 1222 1992 eodem
1248 1952 1365 1991 modo
1384 1965 1464 2004 quo
1483 1965 1611 1991 sacer-

147 2015 258 2055 dotes
287 2017 440 2064 creatis,
460 2016 735 2065 Athenienses,
763 2016 819 2055 sic
852 2016 1102 2068 magistratus
1134 2015 1264 2054 etiam.
1321 2015 1373 2053 Et
1407 2014 1611 2061 miramini,

146 2077 264 2116 istum
278 2078 388 2117 vobis
406 2091 493 2118 esse
510 2080 668 2118 beatum
682 2078 879 2131 istumque
893 2077 1135 2118 continenter
1149 2076 1259 2116 vobis
1275 2076 1464 2129 surripere
1479 2076 1612 2120 multa,

147 2140 320 2193 aliosque
337 2148 510 2181 vestrum
529 2142 778 2181 obambulare
803 2141 1030 2180 felicitatem
1049 2153 1183 2180 eorum
1202 2140 1474 2192 praedicantes.
1509 2139 1612 2178 Nam

146 2202 186 2241 in
206 2216 254 2242 eo
284 2204 469 2256 peculiari
500 2204 594 2243 estis
620 2204 775 2256 ingenio
794 2210 850 2252 ut,
869 2217 957 2255 quae
975 2210 1115 2242 vestrae
1134 2202 1402 2256 praerogativae
1421 2208 1526 2249 sunt,
1546 2214 1613 2240 eas

146 2265 311 2306 libenter
340 2267 546 2319 abjiciatis,
566 2266 692 2319 deque
723 2267 799 2306 illis
828 2267 961 2306 feratis
993 2267 1113 2319 leges,
1144 2273 1189 2304 ut
1220 2266 1252 2305 si
1285 2266 1372 2316 quis
1402 2265 1611 2318 praefectus

145 2328 253 2368 urbis
279 2329 398 2368 fuerit
414 2329 489 2377 bis,
509 2336 548 2369 et
565 2343 653 2381 quoe
673 2336 764 2368 sunt
781 2330 864 2381 ejus
886 2329 1037 2382 generis
1057 2329 1155 2368 alia:
1187 2336 1228 2368 at
1246 2329 1405 2367 eosdem
1433 2341 1522 2366 cum
1541 2328 1612 2365 im-

145 2390 254 2443 perio
273 2404 357 2431 esse
385 2394 578 2444 perpetuo
599 2391 747 2431 sinatis.
804 2392 860 2430 Ac
886 2391 990 2443 quod
1023 2391 1074 2430 ad
1107 2404 1175 2430 eos
1205 2391 1364 2443 quidem
1388 2389 1527 2428 attinet
1547 2390 1610 2441 qui

146 2460 350 2494 versantur
366 2454 408 2493 in
426 2456 541 2493 rebus
560 2454 740 2507 gerendis
759 2454 1055 2493 excusationem
1073 2453 1250 2492 fortassis
1269 2452 1413 2491 habet:
1444 2458 1485 2490 at
1514 2451 1611 2489 tole-

145 2529 231 2556 rare
249 2522 412 2556 caeteros
429 2517 508 2568 quI,
528 2530 619 2556 cum
636 2517 765 2556 locum
786 2515 995 2555 immunem
1012 2521 1221 2568 occupent,
1240 2515 1314 2567 ipsi
1331 2526 1488 2567 prorsus
1508 2513 1613 2551 nulla

147 2591 188 2617 re
202 2585 456 2632 occupantur,
470 2579 510 2618 id
529 2587 714 2619 extremae
731 2579 905 2618 stultitiae
926 2586 996 2618 est.
1048 2578 1152 2622 Quin
1170 2585 1210 2617 et
1226 2590 1248 2616 e
1266 2577 1374 2616 vobis
1396 2576 1499 2628 ipsis,
1520 2576 1612 2614 estis

149 2647 280 2680 autem
297 2641 403 2681 haud
421 2643 551 2694 pauci,
571 2640 690 2694 aliqui
709 2648 802 2681 sunt
822 2641 1057 2680 adducendi.
1115 2639 1218 2679 Nam
1239 2640 1270 2678 si
1288 2646 1474 2690 tanquam
1495 2644 1614 2676 state-

148 2718 230 2744 ram
259 2706 534 2759 appenderitis,
553 2705 864 2759 praeponderabit
891 2705 972 2757 ipse
1006 2705 1071 2756 qui
1095 2705 1167 2743 erit
1186 2704 1329 2755 dignus
1358 2703 1395 2740 in
1415 2709 1612 2754 posterum

148 2767 393 2819 magistratu.

824 2870 932 2908 LIV.

205 2950 256 2990 Et
276 2950 487 2990 ‚honestum
507 2957 546 2990 et
567 2951 751 2990 decorum
771 2963 855 2990 esse
889 2948 982 2988 mihi
1001 2949 1167 2994 videtur,
1190 2946 1461 2993 Athenienses,
1479 2953 1522 2984 ut
1547 2945 1611 2996 qui
