1915 3356
761 211 1054 252 EPISTOLAE.
1568 206 1638 242 131

173 333 256 367 eos,
280 321 371 372 quid
394 322 431 360 in
458 322 714 362 Chaeronensi
733 336 867 375 pugna
890 322 975 360 urbi
996 320 1289 358 Atheniensium
1310 316 1509 369 profuerit,
1535 314 1640 366 quod

172 382 281 421 Mars
301 395 411 422 suam
429 398 589 424 causam
608 399 697 424 cum
717 386 904 436 Neptuno
923 383 963 420 in
985 383 1195 433 Areopago
1216 378 1442 431 disceptarit
1461 377 1476 414 2
1507 376 1642 414 Enim-

172 457 264 483 vero
278 445 375 484 illud
397 448 723 487 considerandum
743 453 816 494 est,
838 459 888 484 an
908 445 957 484 ad
978 444 1109 496 praelio
1125 441 1403 482 decertandum
1426 452 1513 478 cum
1530 438 1642 475 Anti—

171 512 296 557 patro‚
305 514 374 545 aut
387 509 525 558 quovis
539 509 615 547 alio
630 508 895 546 Macedonum
908 519 1014 557 rege,
1023 506 1149 557 justas
1165 505 1263 542 vires
1274 504 1502 541 habeamus.
1525 498 1642 541 Quod

149 600 155 603 χ
173 567 205 607 si
224 568 308 616 erit,
329 569 402 608 diis
424 570 741 621 approbantibuS,
763 568 926 620 sumptis
947 567 1077 614 armis,
1098 566 1260 604 Graecos
1278 566 1317 602 in
1335 564 1553 602 libertatem
1579 573 1641 597 as-

164 634 362 669 seramus.
399 631 468 669 Sin
488 632 563 669 hoc
588 631 745 682 quidem
772 630 1072 681 neglexerimus,
1089 626 1415 682 assentationibus
1435 629 1563 661 autem
1582 622 1641 659 in-

174 690 297 739 ducti,
317 692 487 743 superati
504 692 705 739 fuerimus,
727 694 792 744 qui
813 693 895 731 fieri
914 692 1067 744 poterit,
1086 697 1130 728 ut
1148 691 1187 727 in
1205 687 1472 727 calamitatem
1491 697 1570 722 non
1585 683 1642 720 in-

173 753 376 798 cidamus;
405 760 668 806 praeterquam
693 755 799 806 quod
818 753 1044 806 nosmetipsi
1073 752 1111 789 in
1132 751 1238 789 mala
1256 748 1474 801 conjecisse
1495 745 1641 782 videbi-

172 826 272 862 mur,
291 828 381 867 quae
400 816 484 854 sola
498 829 558 854 res
577 816 618 854 in
638 817 802 855 miseriis
823 816 971 854 nullam
987 813 1296 853 consolationem
1314 807 1455 848 habet?
1486 807 1562 844 Est
1574 818 1642 842 au-

171 881 250 915 tem
268 884 308 914 et
333 878 554 929 reipublicae
574 885 614 916 et
643 879 708 917 viri
729 878 915 930 sapientis
935 877 1120 922 officium,
1149 875 1199 913 de
1220 880 1325 913 statu
1344 882 1472 910 rerum
1492 880 1562 919 pro
1581 880 1644 904 ra-

171 937 277 975 tione
295 938 433 976 horum
452 946 670 990 temporum
690 940 904 975 deliberare
921 953 929 974 t
962 938 1164 973 audaciam
1185 950 1288 981 vero,
1309 935 1359 972 ad
1379 946 1439 971 res
1460 942 1556 980 quas
1578 940 1645 978 ge-

171 997 314 1036 rendas
335 1000 537 1050 suscipias,
557 1012 605 1036 ex
624 999 743 1036 veteri
755 997 931 1049 potentia
950 997 1168 1047 concipere,
1185 1009 1262 1046 qua
1276 996 1368 1033 olim
1388 1004 1531 1042 magna
1544 1002 1645 1041 prae-

172 1059 278 1097 ditus
294 1059 426 1105 fueris,
449 1060 489 1097 id
503 1060 664 1111 perinde
680 1073 769 1098 esse
783 1059 946 1103 videtur,
961 1071 1007 1096 ac
1029 1057 1061 1095 si
1082 1058 1167 1108 quis
1184 1069 1287 1107 saepe
1300 1055 1491 1107 Olympiae
1506 1053 1642 1093 victor,

172 1127 264 1172 post
282 1121 349 1159 ubi
366 1121 628 1168 consenuerit,
649 1121 778 1160 adhuc
790 1133 935 1159 nomen
948 1126 1065 1159 'suum
1082 1119 1321 1171 profiteatur,
1339 1124 1378 1155 et
1389 1114 1536 1154 scribas
1553 1126 1643 1150 evo-

173 1188 251 1230 cet,
267 1194 410 1234 eosque
423 1183 586 1230 roboris,
602 1196 680 1222 non
696 1183 890 1235 quodjam
906 1183 1037 1228 habet,
1055 1182 1124 1220 sed
1141 1181 1244 1233 quod
1260 1180 1349 1218 olim
1367 1177 1518 1222 habuit,
1539 1188 1644 1213 com-

172 1244 422 1283 monefaciat.
457 1245 530 1283 Est
549 1246 665 1283 etiam
686 1245 934 1283 consideratu
952 1244 1126 1294 dignum,
1144 1241 1362 1294 cujusmodi
1378 1253 1423 1278 ea
1445 1239 1536 1284 sint,
1558 1249 1645 1287 quae

175 1305 225 1342 ab
240 1304 295 1342 eis
315 1305 393 1344 dici
414 1305 544 1353 audio,
566 1318 684 1357 quam
703 1318 806 1344 nova
826 1312 865 1343 et
884 1305 1096 1343 mirabilia:
1127 1305 1218 1342 dum
1234 1316 1304 1342 nos
1325 1300 1540 1341 concordes
1561 1310 1647 1335 esse

166 1365 325 1417 jubent,
343 1373 528 1417 tanquam
557 1367 597 1405 id
630 1380 814 1419 magnum
845 1369 962 1405 rebus
991 1365 1175 1417 'gerendis
1198 1365 1337 1402 afferat
1362 1364 1647 1414 adjumentum.

174 1427 300 1470 Quasi
315 1441 405 1466 vero
419 1441 490 1467 vos
509 1429 711 1480 ignoretis,
732 1429 771 1467 id
792 1429 949 1479 quidem
970 1429 1091 1466 cuivis
1112 1428 1197 1465 urbi
1218 1428 1297 1465 sive
1316 1425 1462 1464 bellum
1484 1420 1646 1472 gerenti,

175 1489 258 1528 sive
272 1502 407 1541 pacem
419 1490 565 1541 agenti,
582 1503 669 1528 esse
682 1490 884 1542 optimum,
899 1490 995 1528 illud
1008 1496 1138 1528 autem
1153 1489 1265 1527 nobis
1278 1484 1534 1539 spectandum
1549 1495 1650 1527 esse,

173 1563 254 1590 non
273 1564 323 1590 an
346 1551 492 1590 bellum
518 1553 754 1604 suscepturis
766 1553 986 1590 »concordia
1017 1553 1065 1590 sit
1085 1550 1402 1590 ineunda—nam
1432 1543 1646 1584 concordes

174 1625 262 1652 esse
280 1625 374 1660 nos,
388 1613 470 1652 sive
489 1614 635 1652 bellum
657 1621 853 1665 gerentes,
873 1615 952 1653 sive
964 1614 1224 1665 quiescentes,
1246 1611 1426 1650 omnibus
1448 1607 1497 1645 de
1517 1606 1646 1645 causis

176 1682 398 1728 oportet—‚
414 1676 486 1714 sed
502 1689 551 1714 an
559 1676 690 1728 justas
710 1677 810 1715 vires
830 1677 1059 1723 habeamus,
1076 1676 1108 1714 si
1127 1683 1166 1713 et
1180 1675 1325 1713 bellum
1347 1683 1482 1723 gerere
1497 1677 1535 1707 et
1554 1681 1646 1707 con-

175 1737 316 1777 cordes
334 1751 419 1777 esse
437 1739 692 1783 voluerimus,
708 1746 752 1777 ut
770 1738 914 1777 scimus
935 1752 1083 1777 omnes.
1115 1737 1256 1781 Quoad
1277 1742 1406 1774 autem
1422 1747 1502 1772 non
1515 1738 1647 1770 osten-

176 1798 317 1846 derint,
335 1813 409 1838 nec
430 1814 529 1852 quos
546 1801 695 1840 bellum
716 1801 863 1852 gesturi
883 1801 1082 1839 exercitus
1102 1799 1271 1837 habituri
1287 1798 1420 1843 simus,
1438 1808 1510 1834 nec
1531 1804 1648 1844 quam

176 1859 353 1911 pecuniae
378 1862 542 1912 copiam,
565 1863 633 1898 sed
656 1862 872 1901 Minervam
893 1863 985 1901 belli
1006 1862 1144 1901 vadem
1167 1861 1278 1900 nobis
1301 1860 1493 1906 dederint,
1519 1855 1647 1894 statim

177 1932 244 1960 eos
259 1920 353 1958 nihil
369 1922 418 1958 ab
434 1921 580 1958 insanis
599 1921 752 1958 differre
772 1923 1090 1958 existimabimus.
1125 1923 1306 1960 Acilium
1321 1921 1491 1968 quidem,
1510 1926 1553 1956 ut
1568 1931 1649 1955 me·

177 1982 348 2028 rebatur,
367 1981 484 2018 horno
496 1980 676 2018 nimirum
697 1979 836 2018 mentis
857 1993 984 2017 errore
1005 1980 1184 2025 affectus,
1199 1981 1285 2030 jure
1306 1979 1538 2030 repudiastis
1556 1992 1564 2015 :
1587 1978 1650 2016 isti

177 2050 311 2082 autem
336 2042 509 2080 contenti
529 2055 616 2080 esse
639 2041 798 2088 debent,
821 2042 853 2079 si
871 2041 963 2079 nihil
995 2042 1085 2079 mali
1104 2041 1315 2092 patiantur,
1339 2041 1431 2078 dum
1463 2040 1650 2078 absurdas

179 2104 405 2156 excogitant
438 2103 648 2150 orationes,
681 2110 721 2142 et
751 2117 799 2142 ne
820 2103 1001 2155 reliquias
1022 2102 1177 2153 quidem
1200 2102 1301 2140 ullas
1322 2102 1428 2140 vobis
1450 2114 1651 2152 superesse

179 2169 328 2214 sinunt,
347 2166 416 2204 sed
435 2166 505 2204 has
524 2166 639 2204 etiam
667 2166 713 2204 iis
732 2166 920 2211 invident,
940 2165 1007 2217 qui
1028 2166 1138 2217 fungi
1157 2165 1285 2203 officio
1307 2164 1491 2216 cupiunt;
1523 2164 1649 2202 donec

181 2229 459 2267 Thebanorum
479 2228 656 2280 exemplo
675 2228 874 2280 republica
889 2227 1173 2274 administrata,
1193 2228 1393 2278 regionem
1411 2233 1583 2264 nostram
1611 2226 1651 2264 in

181 2291 312 2330 ovium
330 2302 478 2342 pascua
494 2290 681 2336 converti,
702 2292 838 2328 urbem
859 2289 979 2328 everti
1005 2289 1216 2341 coegerint.
1252 2289 1336 2327 Nec
1358 2288 1459 2326 enim
1478 2301 1524 2326 eo
1545 2289 1651 2339 quod

182 2365 242 2392 res
261 2351 363 2391 male
383 2365 425 2391 se
445 2351 605 2399 habent,
628 2352 912 2403 providendum
930 2364 1007 2390 non
1023 2358 1095 2397 est,
1111 2365 1160 2391 ne
1176 2352 1389 2390 deteriores
1409 2351 1526 2388 etiam
1542 2350 1649 2389 fiant.

343 2497 438 2536 XII.
486 2497 727 2537 SENATUI
759 2496 1095 2539 POPULOQUE
1125 2494 1479 2533 ATHENIENSI.

229 2595 314 2646 Ego
329 2594 381 2633 ad
395 2593 673 2646 rempublicam
690 2594 852 2641 accessi,
867 2605 990 2632 annos
1006 2601 1084 2630 tres
1100 2598 1141 2629 et
1156 2591 1313 2642 triginta
1327 2597 1455 2635 natus,
1471 2602 1557 2626 cum
1574 2602 1652 2627 mc-

185 2655 344 2695 hercule
362 2669 441 2695 non
463 2656 596 2696 tertias
617 2657 778 2695 actitare
806 2664 937 2708 partes
959 2654 1197 2698 didicissem,
1219 2660 1261 2690 ut
1282 2651 1574 2690 Demosthenes
1597 2651 1654 2688 di-

187 2717 317 2763 cebat,
343 2718 413 2756 sed
440 2718 536 2757 illud
566 2719 826 2771 comperietis,
846 2731 907 2756 me
927 2724 965 2755 et
995 2716 1190 2755 scribendi
1209 2715 1431 2761 liberaliter,
1452 2721 1490 2751 et
1510 2713 1655 2750 medio-

185 2778 262 2818 cris
279 2778 482 2828 doctrinae,
501 2787 541 2820 et
555 2780 747 2833 ejusmodi
763 2781 983 2819 orationum
998 2779 1188 2817 rationem
1200 2776 1396 2822 habuisse,
1411 2788 1508 2826 quas
1521 2774 1655 2812 haberi

188 2839 353 2880 Athenis
378 2840 546 2881 deceret.
590 2843 718 2895 Atque
740 2856 807 2882 eas
832 2856 912 2881 non
939 2841 989 2880 ad
1012 2839 1247 2880 calumniam
1276 2837 1502 2883 contulisse,
1531 2849 1656 2888 neque

189 2902 259 2941 ulli
277 2901 430 2950 civium,
445 2911 606 2956 accepta
622 2906 802 2957 pecunia,
822 2904 1036 2957 periculum
1052 2915 1224 2949 creasse,
1239 2914 1365 2952 neque
1386 2901 1502 2938 etium
1520 2905 1655 2937 contu-

189 2963 326 3004 melias
345 2963 582 3012 vendidisse,
604 2967 675 3006 sed
695 2980 849 3019 prorsus
871 2965 1113 3006 contumeliis
1136 2978 1214 3004 non
1235 2962 1417 3003 affectum
1437 2962 1570 3007 fuisse,
1592 2974 1656 2998 ne-
