1965 3356
528 189 820 229 ADVERSUS
852 188 1165 228 POLYCLEM.
1500 191 1577 228 697

110 294 305 345 impensas
325 292 417 331 mihi
436 293 667 335 restituere?
697 293 795 330 Haec
811 305 871 330 me
891 292 1060 339 dicente,
1075 291 1229 330 fabulas
1248 304 1309 329 me
1326 303 1483 330 narrare
1502 290 1578 329 aie-

108 357 200 394 bat:
230 355 309 394 dux
329 362 459 394 autem
478 355 608 394 navim
629 354 894 394 conscendere
915 367 977 393 me
990 354 1169 406 jubebat,
1197 360 1236 392 et
1253 367 1387 392 secum
1416 354 1580 394 solvere.

109 418 169 457 Ac
187 423 232 457 ut
249 431 339 457 eum
358 417 441 456 haec
459 417 711 469 respondisse
732 424 899 464 constet,
919 417 1007 468 lege
1027 415 1119 455 mihi
1138 415 1417 454 testimonium.

647 561 1061 601 TESTIMONIUM.

169 662 231 699 11.
261 660 401 699 Dicam
419 658 530 699 vobis
550 659 665 698 etiam
686 658 841 710 signum
860 657 1037 702 evidens,
1063 661 1106 694 ut
1126 655 1254 694 sciatis
1275 654 1473 707 insignem
1492 657 1586 694 mihi

110 723 253 762 factam
283 735 372 761 esse
403 721 594 774 injuriam.
653 720 756 759 Nam
778 720 948 772 Hagniae
969 726 1009 757 et
1028 718 1196 757 Praxicli
1216 719 1289 756 sub
1309 717 1586 771 idem-tempus

111 784 193 824 dati
208 796 456 823 successores
471 791 576 830 sunt,
599 782 865 821 Mnesilochus
877 781 1122 820 Perithoedes
1137 783 1175 818 et
1191 780 1460 819 Phrasicrides
1481 781 1587 820 Ana-

110 846 325 899 phlystius3
357 845 603 885 Phrasicride
623 852 753 884 autem
774 845 824 884 ad
846 857 985 883 navem
1011 856 1089 881 non
1108 843 1298 894 profecto,
1319 841 1587 882 Mnesilochus

111 907 285 947 Thasum
303 908 409 947 venit
433 915 472 947 et
491 909 540 947 ab
560 908 720 959 Hagnia
740 908 932 946 triremem
953 906 1143 958 suscepit,
1164 912 1204 944 et
1231 904 1429 956 impensas
1449 905 1588 957 reliqui

110 971 295 1023 temporis
315 971 432 1010 solvit
448 970 628 1022 Hagniae,
648 983 746 1022 quas
766 984 835 1022 pro
856 970 911 1009 eis
930 976 1090 1021 rogatus
1109 968 1270 1016 fecerat,
1291 974 1330 1006 et
1349 975 1590 1006 armamenta

111 1031 302 1071 conduxit
317 1034 366 1072 ab
386 1032 559 1085 Hagnia,
580 1038 620 1071 et
638 1032 721 1084 ipse
742 1031 886 1071 triremi
905 1032 1082 1084 praefuit:
1113 1030 1268 1076 deinde,
1300 1030 1366 1082 qui
1388 1046 1410 1071 a
1431 1029 1588 1069 Phrasi-

111 1096 220 1135 eride
238 1095 343 1135 missi
361 1103 484 1143 erant,
498 1095 525 1133 ii
544 1103 583 1135 et
600 1095 864 1148 impensarum
882 1102 1034 1148 partem
1055 1095 1310 1134 reddiderunt
1325 1094 1590 1142 Mnesilocho,

111 1163 153 1197 et
169 1157 355 1209 deinceps
375 1164 556 1209 sumptus
579 1170 676 1208 quos
694 1157 803 1196 navis
824 1156 1048 1209 requirebat
1066 1169 1144 1195 una
1164 1156 1446 1196 sustinuerunt.
1506 1157 1590 1196 Ho-

113 1232 198 1259 rum
217 1218 310 1260 mihi
329 1219 416 1272 lege
434 1218 715 1258 testimonium.

653 1366 1060 1406 TESTIMONIUM.

172 1475 236 1512 12.
251 1471 442 1512 Fortassis
461 1472 578 1526 igitur
597 1486 756 1512 causam
774 1473 979 1528 requiritis,
993 1473 1017 1512 J
1022 1473 1169 1520 udices,
1185 1487 1254 1513 cur
1275 1474 1355 1513 dux
1373 1481 1457 1514 tum
1475 1475 1593 1515 istum

114 1535 315 1588 suscipere
335 1549 474 1575 navem
494 1549 574 1574 non
603 1530 791 1588 coegerit,
812 1536 879 1588 qui
900 1550 1105 1575 successor
1123 1536 1174 1575 ad
1194 1550 1282 1575 eam
1301 1537 1484 1584 venisset,
1504 1551 1595 1577 cum

114 1600 224 1652 leges
244 1599 284 1637 id
304 1605 383 1637 tam
402 1611 533 1638 severe
552 1598 806 1651 praecipiant?
848 1599 978 1651 Hujus
998 1612 1091 1650 ergo
1123 1599 1178 1637 rei
1207 1612 1367 1638 causam
1387 1600 1594 1652 perspicue

114 1675 187 1702 vos
207 1661 395 1701 edocebo.
452 1660 743 1708 Timomachus,
763 1661 787 1700 J
793 1661 940 1709 udices,
961 1660 1105 1699 triremi
1125 1660 1247 1699 voluit
1266 1661 1316 1700 ad
1337 1662 1468 1700 omnia
1493 1663 1595 1701 bene

115 1724 308 1763 instructa
339 1723 410 1762 uti.
468 1723 624 1762 Sciebat
643 1730 774 1762 autem
807 1723 939 1770 istum,
970 1723 1113 1761 triremi
1141 1730 1317 1775 accepta,
1350 1724 1451 1763 male
1482 1737 1595 1763 suum

115 1800 260 1826 munus
289 1785 506 1830 obiturum:
537 1798 664 1837 neque
696 1785 758 1824 vel
791 1786 987 1837 impensas
1013 1785 1223 1834 facturum,
1242 1787 1304 1825 vel
1337 1786 1523 1826 militibus
1550 1801 1596 1827 ac

115 1848 326 1901 remigibus
359 1847 456 1886 meis
485 1860 671 1886 usurum:
701 1860 828 1900 neque
859 1848 960 1886 enim
991 1848 1197 1899 quisquam
1227 1849 1334 1900 apud
1366 1863 1456 1888 eum
1484 1864 1595 1889 man-

117 1912 245 1951 sisset.
302 1911 501 1950 Praeterea
520 1910 553 1948 si
572 1924 662 1949 eum
688 1924 767 1949 non
788 1909 880 1949 data
899 1911 1067 1962 pecunia
1088 1911 1272 1963 navigare
1292 1911 1487 1964 jussisset,
1515 1927 1596 1953 non

115 1974 186 2027 ita,
205 1980 250 2013 ut
267 1986 345 2021 me,
363 1973 596 2020 soluturum,
616 1972 686 2011 sed
705 1973 912 2012 molestum
932 1973 1003 2012 sibi
1023 1973 1211 2012 futurum.
1269 1974 1338 2012 Ad
1359 1974 1445 2014 haec
1465 1982 1596 2014 mutu-

115 2043 203 2076 atus
223 2037 273 2075 ab
292 2049 339 2075 eo
359 2041 442 2075 erat
459 2034 620 2087 triginta
645 2034 781 2084 minas,
807 2048 854 2075 ea
878 2034 1102 2075 conditione
1128 2048 1180 2075 ne
1207 2049 1298 2075 eum
1324 2050 1463 2077 navem
1492 2040 1597 2079 acci-

116 2112 208 2152 pere
229 2104 398 2150 cogeret.

176 2163 238 2200 13.
269 2161 359 2206 Qua
389 2166 519 2199 autem
539 2159 589 2198 de
609 2172 732 2199 causa
748 2160 849 2198 mihi
873 2161 1037 2200 maxime
1066 2161 1188 2200 iratus
1218 2161 1337 2199 fuerit
1363 2173 1502 2213 meque
1537 2164 1595 2202 in-

117 2229 292 2265 sectatus
313 2223 377 2271 sit,
397 2235 471 2260 nec
490 2235 663 2273 unquam
695 2222 788 2261 mihi
817 2224 876 2261 vel
910 2236 990 2261 una
1018 2223 1068 2262 de
1096 2235 1140 2261 re
1173 2222 1330 2261 dicendi
1361 2230 1596 2275 potestatem

115 2286 266 2331 fecerit,
287 2285 492 2337 perspicue
516 2284 624 2323 vobis
651 2284 870 2337 explicabo,
890 2291 936 2323 ut
957 2285 1090 2324 sciatis
1120 2298 1182 2324 me
1201 2299 1281 2324 non
1310 2286 1452 2326 fecisse
1473 2287 1596 2339 pluris

116 2349 182 2388 illo
199 2354 376 2399 tempore
402 2346 462 2384 vel
491 2346 615 2385 otium
643 2359 784 2393 meum,
805 2346 865 2384 vel
890 2346 992 2385 illius
1016 2346 1245 2398 potentiam,
1266 2360 1384 2399 quam
1404 2349 1595 2401 populum

117 2409 398 2451 Atheniensem
419 2414 458 2447 et
471 2408 581 2460 leges
596 2421 606 2447 z
636 2408 708 2447 sed
726 2422 840 2461 aequo
855 2409 992 2448 tulisse
1011 2409 1140 2448 animo
1160 2416 1199 2448 et
1211 2409 1403 2449 factorum
1417 2410 1596 2464 injuriam

115 2481 155 2514 et
168 2471 444 2514 contumeliam
464 2472 686 2518 verborum,
707 2484 795 2523 quae
814 2471 906 2510 mihi
925 2472 1049 2511 multo
1069 2479 1181 2511 erant
1198 2472 1377 2525 graviora
1395 2474 1594 2526 impensis.

116 2537 172 2576 Ut
189 2535 292 2575 enim
310 2533 431 2573 Thasi
449 2531 586 2573 classis
603 2534 839 2582 morabatur,
855 2547 880 2573 a
894 2533 1088 2573 Methona
1107 2536 1201 2574 urbe
1223 2535 1472 2575 Macedoniae
1487 2537 1595 2575 navi-

115 2598 207 2637 cula
223 2596 330 2636 venit
351 2596 541 2642 Thasum,
572 2609 662 2647 quae
691 2594 889 2635 hominem
908 2595 1074 2635 vehebat
1105 2603 1145 2635 et
1173 2596 1303 2636 literas
1324 2610 1347 2636 a
1367 2597 1595 2638 Callistrato

117 2660 170 2699 ad
186 2658 495 2705 Timomachum‚
515 2658 658 2710 quibus
678 2659 849 2711 petebat,
874 2666 917 2697 ut
943 2673 1017 2712 ego
1045 2666 1185 2712 postea
1212 2660 1364 2706 rescivi,
1384 2661 1457 2700 sibi
1485 2662 1594 2701 trire-

116 2735 218 2761 mem
246 2720 578 2774 expeditissimam
608 2719 721 2767 mitti,
750 2734 827 2773 quo
855 2721 905 2760 ad
936 2734 1025 2761 eum
1057 2722 1218 2762 veniret.
1277 2723 1471 2762 Postridie
1504 2737 1595 2762 cum

118 2782 243 2834 prima
257 2782 346 2822 luce
365 2782 537 2820 minister
556 2781 691 2821 aderat
708 2783 774 2834 qui
801 2796 861 2822 me
884 2791 1027 2824 nautas
1046 2785 1085 2824 in
1105 2798 1245 2824 navem
1267 2798 1408 2824 vocare
1425 2787 1593 2837 juberet.

121 2846 225 2893 Qua,
251 2858 340 2884 cum
359 2845 477 2897 plena
496 2852 610 2893 esset,
634 2858 851 2886 conscensa
871 2847 1073 2901 Callippus
1094 2847 1271 2886 Philonis
1293 2849 1336 2887 F.
1359 2849 1593 2889 AExonensis

119 2907 368 2960 gubernatori
391 2908 539 2948 indicat
560 2922 695 2948 versus
717 2909 997 2949 Macedoniam
1028 2924 1116 2950 esse
1143 2911 1422 2962 navigandum.
1480 2913 1596 2952 Post-

118 2983 235 3023 quam
255 2975 384 3010 autem
413 2971 463 3010 ad
488 2971 676 3025 oppidum
695 2971 895 3024 quoddam
913 2972 950 3011 in
977 2973 1158 3026 opposita
1190 2974 1429 3025 continente,
1453 2974 1595 3014 Thasi-

866 3037 890 3073 4
910 3048 937 3073 υ

1960 595 1963 621 ΑΝ
1959 415 1965 585 -ν.-4,-.-..
1954 151 1965 406 ..ἣ-,ᾖκ-ε-Αμᾼπ
1952 117 1954 142 ”⁴
1952 95 1958 105 *⁷
