1915 3356
521 205 745 244 CONTRA
775 204 1140 242 TIMARCHUM.
1540 205 1566 240 5

100 306 184 345 stioe
199 304 386 343 rationem
405 305 585 345 habuerit
606 306 698 344 Solo
712 306 895 356 antiquus
917 305 992 350 ille,
1021 312 1062 342 et
1081 306 1224 350 Draco,
1247 306 1443 355 ceterique
1462 304 1565 341 illius

99 366 226 404 aetatis
247 366 534 418 legumlatores.
582 367 753 406 Primum
781 366 884 404 enim
912 366 1020 416 leges
1048 366 1095 403 de
1119 367 1324 404 liberorum
1346 372 1564 404 nostrorum

99 426 309 478 disciplina
337 428 523 474 tulerunt,
538 428 743 480 ,planeque
771 427 1101 470 demonstrarunt,
1134 439 1220 476 quae
1247 441 1343 477 puer
1376 427 1567 476 ingenuus

99 488 233 526 studia
255 489 365 539 sequi
394 490 551 539 debeat,
573 495 693 539 utque
725 489 775 525 sit
794 488 1048 526 educandus:
1079 487 1255 525 secundo
1279 488 1365 526 loeo
1393 489 1441 525 de
1473 488 1568 525 ado-

97 549 358 588 lescentibus:
389 563 435 588 ac
462 549 647 599 deinceps
678 549 726 586 de
748 549 905 599 reliquis
926 548 1133 591 aetatibus3
1165 561 1290 598 neque
1306 561 1396 585 vero
1418 548 1467 585 ad
1487 548 1570 598 ple-

97 610 207 649 beios
229 611 420 649 duntaxat
438 610 630 655 homines,
653 611 721 648 sed
736 610 851 648 etiam
870 610 918 647 ad
939 617 1109 648 oratores
1128 610 1213 646 haec
1230 609 1418 660 pertinere
1437 609 1568 646 volue-

98 679 202 709 runt.
232 672 282 709 Et
293 672 363 709 has
376 671 484 722 leges
498 671 536 708 in
549 670 680 709 literas
695 671 837 710 relatas
858 671 964 721 apud
975 684 1042 709 vos
1056 671 1338 722 deposuerunt,
1361 683 1569 720 earumque

99 733 290 771 custodiae
310 746 378 771 vos
400 733 674 783 praefecerunt.

155 796 192 832 3.
223 795 349 836 Quem
368 793 486 844 igitur
505 793 635 844 legum
662 793 836 831 ordinem
856 800 916 831 est
935 800 1092 836 secutus
1114 792 1324 843 legislator,
1346 792 1512 830 eundem
1533 799 1572 829 et

97 854 184 906 ipse
203 855 455 906 praescribam
475 855 639 893 orationi
657 868 767 893 meae.
812 854 984 892 Primum
1015 855 1114 892 enim
1146 868 1212 892 eas
1235 855 1343 905 leges
1378 867 1572 904 exponam

98 916 224 961 vobis,
245 929 333 966 quae
354 916 404 954 de
420 929 626 967 puerorum
646 923 863 954 vestrorum
881 930 890 954 2
921 916 1063 954 deinde
1079 929 1143 953 eas
1163 929 1250 966 quae
1273 916 1322 953 de
1344 915 1573 953 adolescen-

99 982 205 1014 tum:
235 984 430 1028 postremo
445 991 511 1016 eas
531 992 617 1029 quae
636 978 686 1016 de
706 978 939 1029 reliquarum
956 985 1117 1015 aetatum
1133 977 1338 1028 disciplina
1361 984 1450 1014 sunt
1469 977 1574 1023 latae,

103 1051 175 1075 nec
192 1039 427 1089 privatorum
454 1038 646 1077 duntaxat
676 1040 888 1084 hominum,
910 1038 979 1076 sed
1008 1040 1124 1077 etiam
1149 1046 1358 1077 oratorum.
1389 1039 1454 1076 Sic
1473 1038 1575 1075 enim

102 1099 319 1137 orationem
334 1113 460 1138 meam
479 1101 638 1139 arbitror
653 1101 816 1138 maxime
833 1101 1074 1151 perspicuam
1092 1102 1185 1139 fore.
1217 1101 1339 1138 Simul
1361 1100 1478 1138 etiam
1498 1099 1575 1137 dis-

103 1173 245 1207 seram,
264 1161 542 1208 Athenienses,
558 1162 653 1213 quid
669 1162 825 1200 edicant
838 1163 947 1213 leges
961 1162 1009 1199 de
1026 1162 1196 1212 gerenda
1210 1161 1424 1214 republica,
1442 1169 1480 1199 et
1495 1175 1576 1198 rur-

101 1235 170 1260 sus
193 1230 284 1274 post
301 1223 378 1261 hoc
401 1223 597 1261 Timarchi
616 1237 743 1261 mores
764 1237 852 1261 cum
867 1224 912 1261 iis
933 1225 1144 1262 conferam.
1197 1224 1295 1261 Eum
1318 1224 1418 1261 enim
1448 1224 1577 1273 egisse

101 1283 217 1322 vitam
243 1284 395 1336 legibus
423 1285 601 1323 omnibus
639 1286 874 1323 contrariam
907 1286 1118 1336 reperietis.
1163 1286 1381 1336 Legislator
1412 1286 1578 1335 primum

101 1345 184 1383 ludi
199 1346 408 1397 magistris,
426 1360 590 1397 quorum
610 1347 700 1384 fidei
719 1347 859 1385 liberos
879 1353 1033 1384 nostros
1049 1347 1269 1384 necessario
1284 1347 1578 1391 committimus,

102 1420 347 1458 quorumque
367 1408 491 1446 victus
512 1408 552 1445 in
572 1408 830 1459 temperantia
849 1409 946 1445 situs
967 1414 1040 1453 est,
1060 1408 1192 1458 inopia
1208 1421 1298 1445 vero
1318 1408 1355 1445 in
1377 1408 1578 1446 contrariis

103 1469 234 1513 rebus,
254 1474 383 1505 tamen
404 1468 567 1506 diffidit:
599 1482 644 1506 ae
666 1469 781 1519 plane
801 1469 951 1512 definit,
975 1482 1054 1518 qua
1070 1468 1166 1505 hora
1183 1482 1345 1519 puerum
1366 1469 1580 1519 ingenuum

102 1528 144 1566 in
171 1529 307 1566 ludum
335 1529 387 1568 ire
407 1530 558 1575 deceat,
580 1530 735 1576 deinde,
763 1542 852 1569 cum
881 1535 978 1580 quot
1006 1529 1134 1581 pueris
1165 1530 1330 1580 ingredi,
1357 1538 1395 1567 et
1422 1530 1580 1580 quando

104 1590 233 1630 abire:
264 1604 310 1629 ac
329 1598 588 1643 praeceptores
608 1592 738 1638 ludos,
765 1591 928 1629 lanistas
950 1591 1098 1642 aperire
1120 1592 1324 1642 palaestras
1351 1599 1459 1629 vetat
1488 1599 1579 1629 ante

104 1652 198 1691 solis
227 1660 366 1699 ortum,
386 1660 426 1691 et
445 1653 629 1692 claudere
644 1655 754 1701 jubet
783 1660 873 1691 ante
903 1666 1100 1697 occasum,
1123 1660 1166 1691 ut
1187 1653 1252 1703 qui
1273 1653 1519 1691 solitudinem
1542 1660 1582 1691 et

103 1715 282 1752 tenebras
303 1714 467 1752 maxime
495 1722 698 1765 suspectas
725 1714 871 1752 habeat
891 1727 899 1751 :
927 1714 1046 1752 edicit
1064 1714 1170 1760 item,
1197 1713 1512 1752 adolescentulos
1534 1727 1582 1752 ea

103 1775 194 1814 loca
210 1776 515 1827 frequentantes,
532 1777 669 1827 quales
690 1790 775 1815 esse
796 1783 987 1828 oporteat,
1007 1783 1047 1814 et
1066 1790 1143 1827 qua
1163 1783 1292 1822 aetate,
1313 1783 1351 1814 et
1370 1778 1435 1827 qui
1456 1777 1580 1828 inagi-

107 1843 253 1875 stratus
267 1851 398 1875 eorum
413 1838 557 1876 habere
577 1851 711 1876 curam
731 1838 895 1876 debeat:
917 1845 958 1876 et
977 1838 1026 1876 de
1045 1839 1348 1889 paedagogorum
1366 1839 1582 1890 diligentia,

109 1907 151 1937 et
170 1900 219 1938 de
238 1900 341 1938 festo
360 1902 567 1938 Musarum
587 1901 623 1938 in
645 1900 762 1947 ludis,
783 1907 822 1938 et
841 1900 889 1937 de
909 1900 1010 1938 festo
1031 1900 1214 1938 Mercurii
1230 1901 1268 1937 in
1286 1901 1489 1950 palaestris,
1512 1901 1579 1939 de·

106 1962 223 2012 nique
244 1962 292 1999 de
307 1963 583 2013 congressibus
603 1975 806 2012 puerorum
827 1968 863 1999 et
883 1968 1052 1999 coetuum
1074 1962 1305 1999 solennium.
1335 1963 1458 2000 Jubet
1477 1963 1580 2000 enim

109 2022 279 2069 aedilem,
295 2023 361 2073 qui
381 2023 461 2060 suis
481 2024 697 2074 sumptibus
717 2023 856 2061 vestris
877 2022 1019 2060 servire
1040 2024 1256 2061 commodis
1279 2024 1448 2069 studeat,
1469 2024 1507 2061 id
1524 2025 1582 2061 fa-

109 2096 211 2128 cere,
238 2083 305 2121 ubi
324 2083 668 2134 quadragesimum
689 2084 816 2121 aetatis
838 2096 981 2120 annum
1004 2085 1225 2129 excesserit,
1248 2092 1291 2122 ut
1316 2086 1346 2122 is
1373 2086 1581 2124 modestis·

111 2146 209 2184 sima
220 2146 304 2198 jam
319 2152 433 2184 aetate
448 2146 591 2185 liberos
606 2153 754 2185 vestros
771 2147 946 2184 accedat.
980 2146 1066 2184 Has
1081 2147 1196 2197 igitur
1207 2147 1315 2198 leges
1330 2148 1458 2185 scriba
1471 2150 1583 2186 vobis

110 2207 302 2254 recitabit,
321 2214 365 2246 ut
390 2208 536 2254 sciatis,
558 2208 799 2246 existimasse
819 2208 1097 2258 legislatorem,
1117 2222 1280 2259 puerum
1308 2215 1413 2247 recte
1437 2209 1583 2248 educa-

110 2275 207 2314 tum,
238 2269 336 2327 virili
356 2277 471 2308 aetate
496 2270 632 2308 utilem
659 2270 743 2308 fore
763 2269 936 2307 civitati:
967 2270 997 2307 si
1030 2277 1161 2308 autern
1189 2270 1355 2308 hominis
1382 2271 1582 2322 ingenium

111 2331 258 2368 malum
289 2331 504 2383 disciplinae
532 2332 684 2370 initium
713 2331 885 2383 coeperit,
908 2332 1008 2369 male
1027 2332 1226 2370 institutos
1246 2347 1402 2384 pueros,
1423 2334 1462 2372 in
1481 2334 1585 2372 viros

112 2405 298 2432 evasuros
318 2393 524 2432 Timarcho
544 2394 703 2441 similes,
725 2393 940 2432 censuisse.
984 2393 1124 2432 Recita
1139 2394 1247 2446 leges
1263 2395 1347 2433 has.

752 2543 938 2589 LEGES.

158 2656 329 2686 Puerorum
348 2656 487 2703 nJ-agistri
503 2657 594 2686 ludos
614 2661 682 2687 ante
699 2656 773 2687 solis
790 2663 888 2688 ortum
907 2669 944 2688 ne
962 2659 1138 2697 aperiunto,
1158 2663 1190 2687 et
1214 2662 1284 2687 ante
1302 2667 1443 2687 occasum
1474 2657 1584 2686 iterum

115 2707 292 2738 claudunto.
322 2708 432 2748 Neque
457 2708 501 2738 sas
525 2713 595 2739 esto
621 2708 659 2738 iis
682 2709 736 2748 qui
760 2710 907 2750 puerilem
929 2715 1049 2739 aetatcm
1073 2715 1274 2739 excesserunt
1301 2720 1337 2739 eo
1355 2708 1488 2748 ingredi,
1513 2709 1586 2738 dum

115 2759 204 2800 pueri
220 2764 290 2788 sunt
303 2759 398 2796 intus,
410 2766 524 2799 praeter
540 2760 633 2790 fllium
649 2762 788 2801 magistri
805 2766 857 2792 aut
873 2762 994 2791 fratrem
1007 2767 1058 2791 aut
1073 2771 1235 2800 generum:
1261 2761 1308 2790 his
1326 2760 1463 2798 exceptis
1476 2759 1499 2788 si
1517 2760 1587 2798 quis

115 2811 208 2840 fuerit
225 2810 396 2849 ingressus,
412 2811 514 2850 capite
528 2811 701 2842 mulctatur.
734 2813 774 2842 Et
789 2813 1029 2852 gyruuasiarchae
1043 2813 1276 2841 mercurialibus
1291 2812 1373 2840 nullo
1389 2811 1478 2840 modo
1491 2821 1588 2849 quen-

116 2871 207 2901 quam
223 2861 361 2891 adultum
374 2861 493 2901 ingredi
504 2873 572 2893 cum
587 2864 690 2903 pueris
703 2863 845 2895 sinunto:
872 2864 918 2893 sin
936 2864 1110 2903 permiserit
1123 2874 1220 2902 neque
1235 2863 1392 2902 gymnasio
1408 2863 1590 2897 excluserit,

116 2915 257 2942 teneatur
280 2912 511 2951 gymnasiarcha
527 2913 595 2952 lege
612 2915 651 2944 de
676 2914 853 2953 corruptela
873 2913 1074 2953 ingenuorum
1098 2923 1274 2953 puerorum.
1326 2912 1458 2951 Choragi
1487 2920 1587 2943 autem

117 2962 171 3002 qui
186 2973 203 2992 a
219 2962 333 3002 populo
349 2963 579 2994 constituuntur
594 2975 702 2995 annum
719 2965 820 2995 aeiatis
837 2964 1106 3003 quadragesimum
1129 2964 1303 2994 excessisse
1319 2964 1443 2994 debent.
