1948 3306
310 200 389 238 604
701 195 993 234 ADVERSUS
1024 192 1383 233 PHAENIPPUM.

311 302 430 348 liaris,
452 309 492 339 et
519 313 625 339 nunc
648 301 814 352 denique
835 313 897 339 me
917 300 992 338 tria
1010 298 1157 337 talenta
1183 297 1347 349 reipubl.
1379 308 1580 336 numerare
1613 302 1780 349 oportet,

313 363 504 402 talentum
528 375 599 414 pro
626 361 913 414 portione—fui
947 360 1048 398 enim
1066 366 1106 398 et
1123 359 1217 411 ipse,
1237 359 1340 411 quod
1360 359 1507 397 utinam
1524 364 1626 397 esset
1655 357 1780 404 aliter,

313 425 458 463 fodinae
481 425 689 477 publicatae
718 425 1012 476 particeps—ut
1036 422 1075 460 in
1106 435 1234 460 meum
1259 422 1387 460 locum
1411 420 1645 460 substituere
1664 432 1782 459 coner

313 499 417 533 eum,
436 487 501 538 qui
521 500 599 525 non
619 500 725 525 nunc
753 487 870 524 modo
897 493 955 524 est
977 498 1038 523 me
1056 484 1304 536 locupletior,
1325 483 1394 522 sed
1417 483 1524 534 prius
1554 482 1670 521 etiam
1696 481 1782 529 fuit,

315 554 356 586 et
386 548 538 586 nullum
573 548 683 586 vobis
717 561 890 599 unquam
918 559 1057 585 munus
1089 546 1196 592 obiit,
1226 559 1355 598 neque
1383 544 1549 597 reipubl.
1578 543 1785 595 quicquam

314 609 504 648 hactenus
524 610 702 655 contulit,
722 622 886 648 necesse
915 616 985 647 est.
1043 608 1126 647 Vos
1152 609 1266 660 igitur
1295 621 1434 647 omnes
1454 619 1538 653 oro,
1559 605 1736 652 Judiees,
1753 604 1785 644 si
1817 625 1822 636 κ

316 671 526 710 ostendero
544 671 798 722 Phaenippum
818 678 858 709 et
882 670 1042 709 definita
1058 670 1212 721 legibus
1231 671 1323 722 jura
1341 669 1509 708 violasse
1526 674 1568 706 et
1583 665 1787 718 loeupleti-

316 746 423 772 orem
441 733 529 771 esse
547 746 664 784 quam
684 745 757 783 ego
779 745 878 779 sum,
909 739 954 770 ut
984 739 1023 770 et
1055 744 1116 769 me
1139 731 1297 783 juvetis,
1317 738 1357 770 et
1382 731 1501 770 istum
1527 742 1614 768 meo
1640 728 1728 767 loco
1746 727 1787 766 in

316 801 578 833 trecentorum
599 794 765 833 classem
786 793 972 833 referatis.
1031 793 1195 844 Propter
1220 792 1297 831 hoc
1316 792 1417 831 enim
1446 791 1555 843 leges
1579 789 1788 842 quotannis

316 857 620 908 permutationes
647 855 883 903 concedunt,
904 855 1010 907 quod
1029 855 1272 893 conservatio
1292 860 1483 906 perpetua
1511 852 1566 892 rei
1589 850 1788 891 familiaris

318 925 358 956 et
386 919 628 958 incrementa
652 919 787 971 paucis
819 919 968 957 civibus
988 930 1215 969 permanere
1242 918 1383 956 solent.
1439 916 1501 954 Ab
1525 915 1633 954 initio
1657 920 1789 955 autem

317 981 427 1019 vobis
449 981 577 1019 omnia
597 994 684 1032 quae
705 981 743 1018 in
763 979 1050 1032 permutatione
1070 979 1298 1017 acciderunt
1313 977 1638 1018 commemorabo.

376 1046 421 1080 3:
443 1044 591 1082 Mensis
614 1043 812 1089 Quintilis,
844 1042 1019 1088 Judices,
1051 1041 1113 1080 die
1141 1040 1329 1088 secundo,
1350 1040 1471 1079 duces
1491 1037 1678 1078 trecentis
1702 1050 1792 1090 per-

320 1105 556 1143 mutationes
584 1110 883 1157 proposuerunt.
942 1104 987 1141 In
1018 1103 1063 1141 iis
1094 1117 1143 1142 ex
1172 1103 1544 1155 legePhaenippum
1573 1100 1714 1141 citavi:
1743 1112 1791 1139 eo

319 1166 437 1216 igitur
455 1160 575 1206 citato
595 1175 635 1206 et
654 1167 835 1205 adhibitis
856 1166 1090 1218 quibusdam
1117 1165 1369 1205 familiaribus
1392 1172 1432 1204 et
1449 1164 1597 1211 amicis,
1619 1163 1793 1216 Cythera

321 1227 372 1265 ivi
391 1228 430 1265 in
452 1229 534 1280 ejus
555 1229 737 1267 fundum.
795 1229 854 1266 Ac
880 1228 1046 1279 primum
1077 1227 1153 1266 obii
1173 1228 1338 1266 fundum
1365 1229 1465 1279 ejus,
1485 1226 1551 1278 qui
1579 1225 1793 1265 stadiorum

321 1296 405 1328 erat
436 1290 602 1342 amplius
633 1290 894 1342 quadraginta
919 1290 1182 1337 circumcirca,
1202 1296 1242 1328 et
1268 1289 1422 1333 ostendi
1453 1295 1493 1328 et
1513 1294 1679 1328 testatus
1706 1299 1794 1325 sum

321 1364 452 1389 coram
481 1347 711 1403 Phaenippo,
733 1351 862 1390 nullos
893 1352 1016 1390 fundo
1047 1351 1202 1390 libellos
1229 1351 1368 1390 affixos
1402 1364 1514 1390 esse:
1551 1350 1610 1388 sin
1642 1349 1724 1402 ipse
1753 1349 1792 1387 id

322 1413 545 1460 affirmaret,
567 1415 697 1452 statim
717 1428 805 1452 eum
833 1414 963 1452 dicere
987 1415 1172 1465 jubebam
1194 1420 1234 1452 et
1261 1408 1484 1460 ostendere,
1503 1420 1546 1451 ut
1576 1425 1626 1450 ne
1653 1409 1796 1464 ‘postea

313 1474 464 1529 *fundus
492 1490 567 1515 aere
587 1476 714 1515 alieno
734 1477 944 1515 obstrictus
965 1490 1052 1515 esse
1072 1476 1350 1529 perhiberetur.
1409 1475 1564 1513 Deinde
1592 1473 1797 1525 obsignavi

323 1537 530 1585 domicilia,
552 1545 591 1576 et
609 1552 715 1577 meas
734 1540 838 1578 aedes
860 1552 949 1577 eum
965 1539 1114 1591 ingredi
1132 1539 1243 1590 jussi.
1293 1538 1437 1577 Postea
1450 1528 1625 1589 quaesivi,
1645 1537 1712 1575 ubi
1727 1549 1795 1574 ex-

323 1612 480 1636 cussum
502 1600 737 1638 frumentum
768 1608 1037 1640 esset—erant
1063 1601 1165 1639 enim
1197 1601 1264 1648 ibi,
1282 1601 1459 1648 Judices,
1479 1600 1589 1638 divos
1609 1599 1797 1651 divasque

324 1669 457 1708 testor,
478 1661 566 1699 duae
592 1675 707 1709 areae,
725 1662 844 1700 ferme
866 1664 996 1715 jugeri
1029 1663 1283 1715 amplitudine
1315 1663 1598 1714 utraque-„is
1616 1675 1709 1701 vero
1737 1674 1796 1700 re-

325 1723 496 1774 spondit,
516 1724 753 1762 frumentum
772 1725 912 1777 partim
933 1725 1148 1771 venditum,
1168 1726 1306 1776 partim
1337 1724 1443 1764 intus
1465 1738 1552 1764 esse
1571 1725 1796 1777 repositum.

326 1787 521 1835 Tandem,
551 1800 601 1825 ne
631 1787 791 1838 longum
826 1788 980 1833 faciam,
1015 1788 1201 1837 constitui
1232 1787 1418 1826 custodes
1449 1787 1555 1826 intus
1591 1787 1797 1839 quosdam,

326 1857 443 1901 atque
476 1849 746 1888 mediusfidius
777 1849 891 1888 etiam
926 1849 1027 1888 edixi
1060 1858 1103 1889 ut
1135 1857 1284 1888 vetaret
1317 1862 1509 1900 agasones
1544 1849 1744 1888 materiam
1778 1861 1799 1887 e

325 1912 450 1951 fundo
470 1911 781 1951 avehere—nam
802 1919 939 1963 praeter
958 1918 1119 1951 caeteras
1138 1911 1342 1964 Phaenippi
1361 1925 1470 1964 opes,
1481 1912 1505 1950 J
1509 1912 1659 1958 udices,
1680 1910 1797 1949 etiam

326 1975 391 2013 hic
411 1974 576 2027 amplius
597 1982 658 2013 est
676 1976 710 2013 ei
729 1974 894 2021 reditus,
914 1987 982 2012 sex
1010 1974 1108 2013 asini
1137 1988 1206 2026 per
1234 1979 1360 2012 totum
1380 1987 1527 2012 annum
1545 1973 1745 2012 materiam
1765 1971 1800 2010 ei

325 2037 497 2081 vehunt3
527 2037 632 2075 unde
652 2037 722 2075 iste
742 2037 780 2074 in
801 2036 975 2088 singulos
994 2036 1079 2075 dies
1104 2036 1270 2088 amplius
1291 2035 1334 2056 *³⁶
1354 2035 1549 2074 drachmis
1568 2034 1798 2087 percipit—‚

328 2113 417 2147 oum
437 2099 554 2151 igitur
572 2099 628 2138 eis
646 2098 935 2137 interdixissem
956 2112 1007 2138 ne
1026 2099 1227 2138 materiam
1245 2099 1496 2150 attingerent,
1517 2104 1558 2138 et
1580 2097 1799 2148 Phaenippo

329 2163 642 2208 denunciassem‚
664 2169 707 2201 ut
723 2176 769 2200 ex
794 2163 1022 2214 praescripto
1042 2163 1141 2214 legis
1157 2162 1206 2201 ad
1229 2175 1341 2201 sacra
1364 2168 1506 2213 praesto
1531 2167 1647 2207 esset,
1668 2160 1705 2198 in
1733 2173 1797 2199 ur-

328 2226 417 2264 bem
436 2225 545 2263 redii.

383 2282 434 2326 4.'
454 2287 626 2324 Primum
659 2287 773 2338 igitur
804 2300 937 2325 eorum
971 2300 1059 2338 quae
1089 2287 1173 2327 dixi
1201 2288 1423 2327 testimonia
1446 2286 1554 2326 vobis
1585 2286 1797 2325 exhibebo:

332 2349 473 2388 deinde
493 2356 532 2387 et
552 2349 599 2387 de
617 2349 768 2387 caeteris
785 2349 952 2389 audietis
973 2363 1127 2388 omnem
1149 2350 1360 2388 veritatem.
1408 2349 1666 2400 Phaenippum
1683 2348 1799 2395 enim,

331 2411 510 2458 Judices,
531 2424 555 2449 a
574 2410 695 2461 primo
728 2411 792 2449 die
818 2412 949 2450 statim
975 2411 1069 2449 nihil
1088 2412 1182 2463 justi
1201 2412 1394 2463 cogitasse
1414 2411 1624 2463 reperietis.
1682 2410 1822 2450 Obsi-·

332 2475 449 2527 gnavi
468 2473 675 2521 domicilia,
698 2475 890 2525 permissu
912 2474 1036 2526 legis:
1068 2475 1141 2513 iste
1161 2475 1325 2526 aperuit.
1384 2476 1447 2513 Ac
1467 2473 1622 2525 signum
1642 2472 1800 2525 quidem

333 2538 538 2576 sustulisse
557 2537 769 2576 fatebatur:
801 2538 901 2576 fores
931 2544 1061 2576 autem
1089 2552 1131 2576 se
1160 2537 1356 2589 aperuisse
1380 2537 1563 2589 negabat,
1581 2535 1693 2587 quasi
1711 2547 1800 2574 vero

333 2600 450 2639 aliam
482 2601 531 2638 ob
560 2612 731 2646 causam,
763 2613 881 2651 quam
912 2600 962 2638 ad
999 2600 1102 2639 fores
1141 2600 1384 2651 aperiendas,
1415 2599 1528 2652 signa
1565 2598 1799 2638 sustulisset.

335 2662 491 2701 Deinde
511 2661 614 2700 vetui
645 2675 693 2700 ne
720 2662 881 2700 materia
908 2661 1156 2701 eveheretur:
1187 2662 1260 2701 iste
1296 2661 1469 2714 quotidie
1496 2660 1638 2706 evexit,
1669 2673 1716 2699 eo
1736 2661 1800 2699 die

334 2730 511 2776 excepto,
532 2736 609 2775 quo
629 2736 703 2774 ego
728 2724 846 2762 vetui.
905 2723 1027 2763 Nullo
1047 2738 1123 2763 aere
1145 2724 1273 2763 alieno
1300 2724 1446 2763 fundus
1465 2723 1674 2763 obstrictus
1694 2729 1800 2762 erat:

333 2799 441 2825 nune
457 2786 529 2824 iste
548 2785 711 2824 multum
731 2785 817 2824 aeris
844 2786 958 2824 alieni
989 2787 1146 2838 profert.
1204 2787 1249 2825 In
1270 2800 1435 2834 summa,
1454 2786 1549 2826 facit
1566 2786 1673 2838 quod
1690 2785 1798 2833 libet,

335 2860 414 2886 non
446 2847 551 2899 quod
579 2847 690 2899 leges
717 2847 869 2900 jubent.
940 2848 1080 2888 Recita
1111 2849 1343 2897 testimonia,
1371 2848 1535 2901 primum
1572 2848 1622 2888 de
1652 2847 1800 2895 fodina,

336 2909 479 2949 deinde
498 2917 537 2948 et
553 2917 708 2948 caetera.
