1915 3356
636 212 858 253 CONTRA
888 211 1150 250 NEAERAM.
1543 210 1620 248 779

167 330 208 357 se
233 323 278 355 ut
306 323 345 355 et
371 317 549 356 lenonem
579 324 618 356 et
642 317 957 356 calumniatorem
985 314 1276 366 coarguendum
1303 328 1403 361 esse,
1424 313 1621 352 arbitrium

165 391 260 430 erga
278 377 511 429 Epaenetum
532 378 716 430 permittit
736 377 829 429 ipsis
855 374 1103 427 sponsoribus
1128 374 1173 412 iis
1194 375 1495 422 conditionibus,
1517 382 1560 413 ut
1586 382 1624 414 et

166 439 374 492 sponsione
396 441 605 492 Epaenetus
625 448 664 478 et
683 439 830 491 judicio
857 437 939 489 ipse
969 436 1189 488 Stephanus
1211 436 1450 474 liberaretur.
1512 437 1622 481 Quas

166 501 409 541 conditiones
441 516 528 541 cum
559 502 774 553 accepisset
803 501 1026 552 Epaenetus,
1058 499 1340 549 actionemque,
1362 513 1439 549 qua
1459 500 1624 551 Stepha-

167 575 260 600 num
278 565 596 615 persequebatur,
618 564 854 609 sustulisset,
870 563 1090 613 congressis
1104 562 1173 609 eis,
1193 575 1280 600 cum
1302 575 1507 614 sponsores
1525 563 1626 600 arbi-

167 627 214 664 tri
232 628 421 673 sederent‚
445 628 544 678 aequi
574 627 700 666 dicere
721 628 945 679 Stephanus
971 625 1066 664 nihil
1095 633 1260 678 poterat,
1292 627 1360 665 sed
1386 628 1625 678 postulabat,

167 695 211 728 ut
225 691 434 742 Epaenetus
453 690 599 741 aliquid
621 691 670 729 ad
697 691 926 729 elocandam
960 691 1110 727 Neaerae
1135 689 1252 727 filiam
1285 690 1491 735 conferret,
1512 696 1551 727 et
1570 689 1628 726 in-

166 751 293 803 opiam
312 765 433 798 suam,
454 759 493 791 et
511 752 699 791 inflictam·
716 765 739 790 a
761 752 968 790 Phrastore
995 751 1157 801 mulieri¹
1174 751 1436 790 calamitatem
1458 763 1628 790 comme-

166 825 337 861 morans,
358 813 535 864 dotisque
563 815 769 865 jacturam,
790 821 829 852 et
854 813 1019 865 inopiam
1039 813 1122 865 ejus
1145 813 1274 851 denuo
1294 813 1509 851 elocandae.
1567 811 1630 849 Tu

167 887 272 920 vero,
291 876 430 927 inquit,
451 883 488 914 et
506 890 586 914 rem
605 876 776 914 habuisti
795 889 884 914 cum
903 875 1074 923 muliere,
1091 882 1130 913 et
1148 889 1302 927 aequum
1323 882 1383 914 est
1401 875 1432 914 ei
1453 882 1491 913 te
1510 875 1630 912 bene»-

168 935 309 984 facere,
328 938 482 988 aliaque
509 939 657 977 blanda
675 940 795 977 verba
819 938 1015 984 afferebat,
1042 938 1185 989 quibus
1215 937 1355 989 aliquis
1381 937 1421 974 in
1452 937 1556 975 mala
1576 936 1631 975 uti

169 1004 290 1039 'causa
319 1000 514 1051 precando
538 1000 671 1051 possit.
729 1000 889 1047 Arbitri,
908 1006 1071 1051 utroque
1100 1000 1246 1046 audito,
1273 1013 1340 1039 eos
1366 999 1632 1047 reconciliant,

169 1067 207 1098 et
239 1060 429 1113 Epaeneto
448 1063 695 1114 persuadent,
715 1070 757 1100 ut
782 1062 886 1100 mille
913 1062 1116 1102 drachmas
1146 1063 1197 1101 ad
1226 1063 1456 1102 elocandam
1480 1063 1633 1101 Neaerae

169 1121 285 1160 filiam
304 1123 508 1163 conferret.
565 1125 618 1163 Et
635 1131 679 1162 ut
694 1124 780 1162 haec
807 1125 936 1163 omnia
956 1138 1045 1163 vere
1066 1139 1090 1163 a
1107 1139 1170 1163 me
1196 1125 1272 1163 dici
1300 1133 1467 1171 constet,
1494 1125 1632 1162 horum

169 1185 278 1223 vobis
297 1192 433 1233 testes,
452 1199 518 1225 eos
539 1186 645 1238 ipsos
665 1187 731 1237 qui
751 1193 791 1224 et
807 1199 1013 1238 sponsores
1035 1194 1074 1226 et
1093 1187 1223 1226 arbitri
1242 1188 1411 1232 fuerunt,
1428 1187 1632 1225 exhibebo.

793 1281 1011 1320 TESTES.

211 1357 418 1398 Nausiphilus
441 1359 655 1399 Cephalensis,
679 1358 916 1389 Aristomachus
939 1358 1155 1399 Cephalensis,
1178 1365 1342 1396 testantur,
1363 1370 1396 1390 se
1420 1360 1518 1390 fuisse
1542 1370 1635 1399 spon-

169 1419 254 1440 sores
271 1409 412 1449 Epae'ueti
428 1409 550 1446 Andrii‚
566 1421 635 1441 curu
653 1410 827 1450 Stephanus
849 1421 881 1440 se
899 1411 927 1440 in
944 1411 1095 1441 adulterio
1111 1411 1353 1450 deprehendisse
1371 1411 1489 1442 diceret
1507 1412 1636 1450 Epaene-

169 1465 253 1491 tum:
278 1466 319 1496 et,
338 1471 407 1491 cum
432 1462 598 1500 Epaenetns
612 1473 630 1492 a
645 1462 800 1501 Stephano
826 1461 954 1492 abiisset
972 1461 1112 1501 suijuris
1129 1463 1242 1498 factus,
1264 1472 1426 1492 accusasse
1448 1463 1636 1501 Stephanum

171 1512 252 1551 apud
270 1512 425 1548 sexviros,
441 1523 474 1542 se
491 1523 560 1542 esse
574 1513 610 1542 ab
627 1523 663 1542 eo
679 1523 734 1553 per
749 1513 889 1553 injnriam
905 1513 935 1543 in
952 1513 1075 1543 vincula
1091 1516 1264 1554 conjectum
1282 1525 1288 1543 ε
1313 1519 1354 1551 et,
1371 1525 1403 1544 se
1416 1515 1512 1545 factos
1529 1525 1639 1554 seque-

172 1568 251 1593 stres
265 1562 480 1593 reconciliasse
497 1563 678 1603 Epaeuetum
692 1568 723 1594 et
739 1563 939 1603 Stephanum,
962 1565 1136 1604 pactionem
1158 1570 1259 1596 autem
1275 1576 1342 1596 esse
1362 1576 1427 1596 eam
1445 1576 1533 1605 quam
1551 1566 1639 1596 exhi-

172 1617 244 1646 beat
259 1616 478 1656 Apollodorus.

798 1677 1015 1717 PACTIO.

219 1747 281 1779 His
293 1747 520 1779 conditionibus
534 1749 721 1788 Stephanum
735 1754 767 1778 et
783 1749 964 1788 Epaenetum
985 1753 1162 1787 sequestres
1184 1747 1432 1782 reconciliarunt,
1447 1758 1554 1777 eorum
1573 1758 1641 1787 quae

176 1799 216 1828 de
232 1809 356 1829 carcere
370 1800 560 1830 accidissent
574 1799 751 1829 memoriam
769 1800 964 1830 abolendam:
984 1800 1165 1839 Epoenetum
1182 1800 1334 1836 Phanoni,
1349 1800 1489 1839 qnoniam
1506 1810 1541 1829 ea
1557 1810 1640 1839 saepe

176 1861 251 1881 usus
273 1855 367 1886 esset,
389 1850 473 1881 mille
500 1851 659 1881 drachmas
686 1851 723 1881 ad
751 1851 952 1881 elocationem
980 1852 1053 1881 dare
1080 1856 1238 1890 oportere:
1264 1851 1454 1891 Stephanum
1481 1852 1643 1891 EpaenetO,

173 1901 296 1940 quoties
311 1902 371 1931 huc
386 1901 525 1932 venisset
537 1906 569 1932 et
584 1912 652 1932 curn
670 1912 707 1931 ea
723 1901 870 1941 congredi
887 1902 994 1937 vellet,
1011 1903 1185 1932 Phanonem
1201 1901 1348 1932 exhibere
1365 1908 1519 1942 oportere.

235 1980 298 2019 19.
329 1978 428 2017 Eam
454 1978 583 2030 igitur,
612 1979 686 2018 etsi
710 1979 823 2017 nimis
843 1978 1040 2017 evidenter
1060 1978 1260 2030 cognitum
1281 1984 1342 2016 est
1367 1991 1454 2016 esse
1473 1979 1643 2030 peregri-

179 2054 282 2089 nam,
302 2047 342 2080 et
368 2041 474 2093 apud
503 2054 589 2080 eam
617 2041 690 2080 iste
718 2041 936 2080 adulterum
966 2040 1298 2091 comprehendere
1328 2041 1402 2079 fuit
1434 2054 1566 2088 ausus,
1595 2054 1642 2080 eo

179 2103 425 2142 contumeliae
452 2110 584 2141 tamen
605 2102 829 2155 Stephanus
850 2110 888 2141 et
915 2102 1058 2140 Neaera
1081 2110 1368 2153 processerunt,
1387 2111 1430 2140 ut
1455 2116 1532 2141 non
1551 2116 1645 2141 con-

182 2165 279 2204 tenti
299 2172 446 2212 essent,
465 2165 589 2216 ipsam
610 2165 792 2203 Neaeram
811 2164 934 2203 civem
955 2177 1040 2202 esse
1060 2164 1203 2211 dicere,
1224 2165 1295 2202 sed
1315 2164 1379 2202 ubi
1404 2164 1646 2202 animadver-

181 2235 307 2267 terant
327 2227 534 2279 Theogeni
566 2227 796 2266 Cothocidae
823 2227 959 2265 sortito
985 2226 1202 2272 obvenisse,
1224 2233 1268 2264 ut
1285 2240 1353 2265 rex
1374 2234 1477 2265 esset
1501 2226 1646 2265 sacrifi-

181 2290 308 2337 culus,
326 2289 471 2328 homini
488 2296 533 2328 ut
549 2289 682 2336 nobili,
699 2290 755 2327 sic
774 2288 948 2340 pauperi,
969 2295 1008 2326 et
1027 2301 1151 2326 rerum
1165 2289 1358 2340 imperito,
1372 2301 1455 2327 sese
1471 2290 1650 2341 adjungit

182 2351 230 2398 ei,
249 2364 339 2390 cum
358 2357 464 2389 esset
489 2351 765 2403 explorandus,
785 2358 826 2388 et
844 2350 1105 2401 impensarum
1131 2357 1282 2402 partem
1302 2351 1567 2402 magistratum
1589 2351 1648 2388 in-

183 2414 291 2454 eunti
310 2411 578 2452 subministrat
599 2412 834 2465 Stephanus,
849 2419 889 2451 et
907 2412 1174 2464 magistratum
1195 2414 1243 2451 ab
1260 2426 1306 2451 eo
1330 2413 1464 2451 fraude
1484 2414 1648 2451 circum-

183 2484 299 2516 vento
317 2483 523 2520 mercatus,
544 2476 589 2514 fit
613 2478 696 2524 ejus
724 2488 912 2521 assessor,
932 2487 1091 2513 uxorem
1113 2475 1148 2512 ei
1174 2475 1373 2513 mulierem
1394 2475 1476 2521 dat,
1496 2475 1649 2513 Neaerae

185 2539 318 2588 filiam,
337 2546 377 2576 et
395 2537 617 2589 despondet
634 2537 857 2589 Stephanus
876 2550 947 2588 pro
969 2549 1040 2574 sua
1059 2535 1163 2575 filia:
1193 2551 1316 2588 usque
1341 2537 1440 2575 adeo
1461 2544 1500 2575 et
1529 2537 1650 2587 leges,

186 2608 227 2640 et
244 2614 314 2640 vos
336 2599 586 2651 contempsit.
644 2599 704 2637 Ita
725 2612 770 2637 ea
788 2599 926 2637 mulier
939 2598 1048 2636 vobis
1068 2612 1210 2637 arcana
1232 2599 1299 2637 illa
1318 2612 1429 2637 sacra
1447 2612 1516 2649 pro
1536 2611 1650 2649 repu-

186 2664 287 2702 blica
303 2661 526 2707 immolavit,
545 2669 585 2700 et
601 2661 710 2708 vidit,
739 2674 828 2712 quae
848 2673 947 2707 eam,
966 2667 1011 2698 ut
1029 2661 1286 2711 peregrinam,
1311 2661 1440 2699 videre
1460 2660 1586 2705 nefas,
1613 2668 1654 2699 et

188 2738 275 2764 cum
293 2724 382 2763 talis
401 2730 521 2773 esset,
547 2736 594 2761 eo
619 2723 798 2773 ingressa
827 2730 898 2769 est,
918 2735 996 2772 quo
1015 2735 1129 2760 nemo
1155 2723 1252 2760 alius
1279 2722 1586 2769 Atheniensium,
1613 2722 1652 2761 in

188 2793 296 2825 tanta
326 2785 466 2824 civium
498 2784 758 2830 multitudine,
778 2783 928 2835 ingredi
959 2783 1088 2830 audet,
1118 2792 1258 2835 praeter
1287 2784 1389 2834 regis
1421 2797 1593 2831 uxorem,
1615 2793 1654 2823 et

187 2855 429 2888 sacramento
459 2846 593 2898 adegit
623 2846 802 2885 Geraeras
831 2846 1010 2885 mulieres
1038 2846 1122 2884 illas
1155 2859 1242 2897 quoe
1277 2846 1393 2884 saeris
1421 2846 1653 2895 ministrant,

187 2916 228 2949 et
245 2909 394 2949 elocata
410 2915 472 2947 est
489 2909 646 2947 Baccho
663 2921 775 2955 uxor,
791 2915 830 2948 et
849 2908 974 2960 patrio
994 2908 1067 2946 ritu
1088 2921 1158 2960 pro
1173 2909 1373 2960 republica
1391 2921 1466 2946 rem
1483 2908 1653 2949 divinam

188 2973 291 3020 fecit,
310 2973 348 3011 in
369 2986 448 3023 qua
466 2971 588 3011 multa
605 2972 704 3011 fiunt
727 2978 768 3010 et
786 2984 898 3011 sacra
916 2978 956 3010 et
985 2984 1139 3010 arcana.
1197 2971 1294 3014 Quae
1314 2982 1404 3009 vero
1430 2970 1491 3009 vel
1515 2972 1649 3011 audire
