1948 3306
323 144 368 181 12
739 145 972 186 CONTRA
1004 147 1364 187 TIMARCHUM.

317 245 413 284 diar.
445 245 580 297 Neque
600 246 702 286 enim
720 249 781 287 vel
802 236 914 288 amici
934 250 1024 297 mei,
1045 250 1106 288 vel
1126 250 1296 301 ipsorum
1316 249 1473 296 inimici,
1504 255 1618 289 testes
1637 250 1784 302 produ-

317 306 432 344 cendi
452 316 559 357 sunt,
587 322 712 360 neque
743 311 767 347 ii
786 311 901 349 etiam
922 312 986 362 qui
1006 319 1162 349 neutros
1182 320 1355 349 nostrum
1383 317 1548 349 norunt:
1583 312 1653 350 sed
1673 311 1786 350 amici

316 366 492 405 istorum.
554 370 594 408 Si
628 382 716 409 vero
746 371 790 409 iis
828 373 943 410 etiam
980 373 1243 424 persuaserint
1279 386 1327 410 ne
1356 372 1786 424 testificentur‚—quod

318 441 396 466 nou
436 430 629 478 existimo,
669 440 735 470 aut
772 441 875 471 certe
918 448 995 472 non
1033 436 1211 473 omnibus
1251 447 1508 485 persuasuros
1537 434 1787 480 existimo—‚

317 502 363 527 eo
396 498 526 529 tamen
563 507 760 544 nunquam
789 502 964 533 evertent
999 497 1214 542 veritatem,
1239 506 1305 534 aut
1338 496 1581 546 sparsam.in
1609 497 1705 533 urbe
1739 495 1790 533 de

317 551 521 592 Timarcho
550 556 705 601 famam,
739 558 850 607 cujus
881 570 958 595 non
991 571 1064 607 ego
1099 559 1159 595 isti
1191 572 1275 596 sum
1303 565 1450 603 auctor,
1485 557 1554 595 sed
1591 557 1674 608 ipse
1705 557 1789 595 sibi.

318 611 449 651 Vitam
477 616 576 653 enim
612 619 679 655 viri
716 619 966 670 temperantis
999 619 1094 656 adeo
1115 632 1250 670 puram
1275 633 1364 657 csse
1401 619 1528 664 decet,
1559 625 1604 656 ut
1634 618 1672 655 in
1706 631 1791 656 eam
1831 657 1836 668 x

320 676 464 714 nullius
495 678 630 728 flagitii
649 679 767 717 cadat
787 680 969 730 suspicio.
1014 681 1282 718 Verum—illud
1312 681 1426 718 etiam
1450 680 1605 731 praefari
1635 679 1738 725 volo,
1761 678 1793 716 si

320 735 417 775 forte
440 739 631 789 Misgolas
648 741 756 778 vobis
777 747 816 778 et
835 741 985 792 legibus
1006 742 1176 792 paruerit
1193 755 1203 778 ι
1234 755 1281 779 ea
1302 749 1392 779 sunt
1407 750 1632 779 naturarum
1650 741 1790 778 huma-

320 810 456 836 narum
477 800 712 847 discrimina,
731 808 775 840 ut
804 810 899 840 aetas
930 816 978 840 ex
1007 810 1168 854 aspectu
1199 802 1292 840 satis
1325 795 1531 854 dijudicari
1559 815 1636 840 non
1658 801 1792 852 possit.

322 859 492 900 Quidam
533 862 635 899 enim
670 863 958 910 adolescentes,
996 869 1189 914 provectae
1221 863 1349 900 aetatis
1389 869 1429 901 et
1458 863 1672 900 senectutis
1707 875 1792 912 spe-

320 921 418 958 ciem
446 935 524 972 prae
556 936 596 960 se
629 924 781 962 ferunt:
812 925 874 962 alii
902 914 1043 963 multos
1075 938 1198 962 annos
1230 924 1326 970 nati,
1355 923 1512 961 omnino
1545 923 1706 973 juvenes
1737 922 1792 959 vi-

321 981 474 1020 dentur.
507 985 681 1026 Quorum
700 999 799 1023 unus
821 993 879 1024 est
900 986 1105 1037 Misgolas.
1156 986 1227 1023 Est
1247 985 1347 1023 enim
1369 984 1532 1035 aequalis
1553 996 1677 1029 meus,
1696 995 1793 1020 una-

320 1056 396 1092 que
416 1057 569 1082 mecum
590 1046 786 1084 adolevit:
818 1054 933 1098 atque
965 1061 1108 1085 annum
1131 1061 1233 1085 nunc
1263 1047 1414 1097 agimus
1434 1046 1613 1096 quintum
1639 1052 1679 1082 et
1698 1057 1794 1095 qua-

321 1103 595 1155 dragesimum.
645 1109 702 1144 Ac
738 1121 811 1158 ego
840 1109 996 1158 quidem
1017 1116 1075 1147 tot
1102 1122 1222 1147 canos
1253 1109 1392 1154 habeo,
1415 1114 1512 1159 quot
1538 1107 1702 1145 videtis:
1732 1106 1796 1144 ille

320 1179 410 1204 vero
444 1181 521 1204 non
537 1168 647 1206 item.
692 1170 954 1210 Quamobrem
976 1170 1091 1219 igitur
1110 1170 1183 1207 hoc
1203 1169 1402 1220 praedico?
1433 1170 1493 1207 Ne
1513 1169 1575 1206 vel
1605 1182 1652 1206 ex
1672 1168 1796 1219 primo

321 1228 450 1265 statim
473 1229 556 1280 ejus
578 1236 736 1280 aspectu
759 1230 963 1277 miremini,
991 1237 1030 1268 et
1048 1231 1124 1268 tale
1146 1231 1341 1281 quippiam
1362 1231 1399 1268 in
1419 1236 1587 1281 mentem
1603 1231 1711 1268 vobis
1731 1243 1797 1267 ve—

321 1289 404 1326 niat
420 1303 429 1326 ε
461 1290 681 1328 mehercule
702 1291 772 1328 iste
790 1293 837 1329 ab
853 1292 919 1329 illo
935 1305 1013 1328 non
1028 1292 1192 1329 multum
1209 1291 1349 1329 differt.
1382 1291 1482 1328 Nam
1499 1291 1636 1341 partim
1657 1297 1798 1328 natura.

320 1350 487 1388 hominis
517 1353 603 1389 talis
637 1359 711 1400 est,
738 1353 875 1402 partim
897 1366 986 1391 cum
1015 1366 1060 1390 eo
1083 1353 1165 1404 jam
1194 1353 1444 1390 adolescente
1469 1351 1684 1389 consuevit.
1731 1351 1795 1389 Ne

268 1443 271 1445 >
320 1426 412 1450 vero
433 1427 576 1450 moram
598 1414 752 1459 faciam,
786 1427 882 1452 voca
902 1415 993 1451 mihi
1014 1414 1178 1464 primum
1205 1427 1273 1451 eos
1301 1415 1367 1464 qui
1390 1413 1518 1451 sciunt
1547 1412 1795 1450 Timarchum

320 1475 462 1512 versari
495 1475 652 1512 solitum
679 1476 715 1512 in
749 1476 931 1526 Misgolae
962 1477 1142 1513 aedibus:
1170 1476 1312 1513 deinde
1346 1475 1501 1512 Phaedri
1530 1474 1795 1512 testimonium

322 1535 432 1584 lege:
463 1542 660 1585 postremo
685 1537 804 1586 ipsius
829 1537 1010 1588 Misgolae
1030 1537 1293 1575 testimonium
1316 1536 1484 1574 sumito:
1515 1543 1559 1574 ut
1577 1543 1616 1574 et
1635 1537 1796 1574 deorum

322 1598 595 1636 immortalium
613 1606 732 1643 metu,
752 1607 789 1636 et
806 1599 1067 1646 consciorum,
1081 1606 1374 1650 ceterorumque
1390 1598 1545 1645 civium,
1561 1605 1601 1637 et
1611 1606 1797 1645 vestrum,

324 1660 390 1709 qui
406 1673 473 1710 pro
490 1660 672 1697 tribunali
694 1661 836 1699 sedetis
857 1661 1021 1712 pudore,
1037 1674 1167 1698 verum
1189 1661 1393 1712 perhibere
1408 1660 1673 1699 testimonium
1692 1661 1798 1700 velit.

854 1769 1267 1809 TESTIMONIUM.

369 1857 522 1896 Misgolas
539 1857 639 1888 Niciae
657 1860 691 1888 F.
708 1858 876 1888 Piraeensis
891 1863 1022 1888 testatur
1037 1870 1043 1887 τ
1067 1859 1262 1889 Timarchum
1281 1860 1338 1889 sibi
1355 1860 1450 1889 fuisse
1467 1859 1659 1896 familiarem,
1676 1860 1727 1899 qui
1744 1859 1798 1890 ali-

325 1909 447 1946 quando
464 1909 493 1938 in
513 1909 681 1948 Euthydioi
697 1910 811 1939 medici
828 1910 956 1939 taberna
973 1910 1099 1945 sederit,
1117 1921 1210 1949 seque
1229 1921 1283 1950 pro
1300 1911 1409 1940 notitia
1425 1921 1492 1950 quae
1512 1921 1580 1941 cum
1597 1922 1634 1941 eo
1650 1911 1798 1941 interces,

325 1959 400 1988 serit
417 1969 567 1999 nunquam
585 1961 652 1998 ejus
669 1970 817 1990 summam
830 1961 942 1990 habere
957 1972 1060 1991 curam
1078 1961 1247 1992 destitisse.

385 2027 444 2063 12.
477 2027 593 2070 Quod
613 2029 644 2065 si
664 2028 904 2073 Timarchus,
928 2029 1203 2076 Athenienses,
1224 2030 1328 2081 apud
1348 2030 1558 2081 Misgolam
1574 2030 1798 2077 mansisset,

326 2100 454 2137 neque
483 2089 531 2126 ad
554 2090 671 2126 alium
694 2103 735 2127 se
753 2090 1001 2137 contulisset,
1029 2092 1170 2137 rectius
1196 2092 1268 2129 sibi
1293 2092 1658 2138 consuluisset,—si
1687 2091 1797 2143 quic-

326 2161 442 2198 quam
463 2155 594 2187 tamen
615 2151 839 2201 hujusmodi
858 2158 1008 2189 rectum
1029 2166 1115 2191 esse
1132 2159 1329 2204 potest-——‚
1351 2166 1474 2204 neque
1495 2166 1568 2204 ego
1590 2153 1796 2204 quicquam

328 2209 432 2246 aliud
459 2211 492 2247 ei
514 2212 759 2262 objecissem,
780 2226 897 2263 quam
917 2213 1023 2264 quod
1044 2214 1245 2265 legislator
1265 2221 1396 2265 aperte
1416 2215 1521 2259 dicit,
1543 2228 1631 2253 eum
1649 2214 1799 2265 pudici-

328 2270 418 2308 tiam
441 2272 630 2311 duntaxat
649 2275 904 2324 prostituisse.
935 2276 1036 2312 Nam
1057 2276 1123 2326 qui
1141 2276 1182 2313 id
1204 2289 1291 2313 cum
1315 2288 1393 2313 uno
1408 2282 1618 2327 perpetrat,
1639 2289 1684 2314 ae
1698 2289 1797 2313 mer-

328 2332 434 2370 cedis
466 2347 558 2384 ergo
588 2336 694 2380 facit,
723 2349 770 2373 eo
799 2336 883 2387 ipso
913 2338 1033 2375 teneri
1055 2338 1148 2375 mihi
1173 2339 1341 2376 videtur.
1376 2338 1442 2375 Sin
1467 2338 1649 2376 refricata
1673 2344 1801 2376 vestra

328 2395 529 2440 memoria,
549 2397 700 2434 omissis
722 2397 802 2434 istis
824 2399 1045 2448 agrestibus
1067 2399 1170 2445 viris,
1192 2399 1413 2451 Cydonide,
1434 2399 1659 2444 Autoclide,
1679 2398 1799 2436 Ther-

331 2456 488 2501 sandro,
503 2457 772 2495 demonstraro
794 2459 909 2508 ipsos,
930 2461 1242 2498 commemoratis
1258 2460 1304 2497 iis
1325 2461 1363 2497 in
1384 2472 1544 2510 quorum
1559 2460 1675 2498 fuerit
1693 2459 1799 2497 aedes

329 2525 534 2568 receptus:
565 2520 669 2557 unde
701 2527 856 2558 constet
883 2534 970 2558 eum
1003 2534 1081 2559 non
1117 2522 1244 2558 solum
1275 2521 1378 2572 apud
1412 2521 1623 2572 Misgolam
1658 2534 1799 2571 corpus

331 2592 443 2616 suum
467 2582 646 2619 mercede
665 2582 920 2633 prostituisse,
941 2582 1011 2620 sed
1031 2583 1134 2634 apud
1166 2583 1282 2621 alium
1304 2584 1432 2628 etiam,
1464 2590 1502 2620 et
1530 2595 1663 2620 rursus
1694 2582 1799 2633 apud

333 2640 463 2686 alium,
486 2649 602 2692 atque
622 2644 670 2680 ab
700 2643 766 2680 illo
788 2643 837 2680 ad
859 2644 975 2681 alium
995 2645 1173 2682 venisse:
1204 2658 1283 2682 non
1304 2644 1421 2682 modo
1445 2643 1528 2695 jam
1554 2657 1639 2681 eum
1659 2644 1801 2694 prosti-

333 2701 452 2739 tuisse
482 2704 708 2754 pudicitiam
740 2704 954 2755 apparebit,
989 2706 1244 2744 sed—nescio
1275 2705 1428 2742 medius
1457 2704 1572 2742 fidius
1605 2705 1800 2755 quomodo

332 2776 412 2801 rem
451 2777 518 2814 per
555 2767 737 2816 ambages
768 2764 925 2803 efferam
963 2772 1086 2804 totum
1117 2766 1346 2816 diem—pro
1377 2772 1506 2803 scorto
1539 2766 1801 2816 subagitatum

333 2837 433 2862 esse.
465 2826 540 2868 Qui
562 2828 663 2864 enim
684 2826 905 2878 petulanter
925 2826 1014 2873 hoc,
1035 2834 1073 2865 ct
1092 2827 1195 2878 apud
1212 2827 1367 2871 multos,
1389 2834 1428 2865 et
1444 2826 1620 2865 mercede
1639 2826 1746 2871 facit,
1767 2826 1800 2865 is

333 2898 378 2923 eo
399 2887 482 2937 ipso
503 2888 622 2926 teneri
651 2888 742 2926 mihi
776 2889 940 2927 videtur.
974 2889 1185 2940 Postquam
1211 2889 1326 2939 igitur
1348 2889 1551 2940 Misgola5‚
1579 2889 1798 2944 sumptibus
