1915 3356
676 186 733 224 IN
764 184 1220 225 CTESIPHONTEM.
1608 184 1681 219 115

221 289 345 339 magis
374 288 539 327 adversa
566 288 653 327 fuit.
690 290 751 327 An
773 289 878 340 quod
905 289 938 326 is
963 287 1028 337 qui
1058 288 1196 325 scitum
1226 287 1319 325 fecit
1351 299 1426 324 non
1457 285 1597 336 dignus
1624 291 1684 321 est

221 349 440 401 supplicio?
471 351 574 401 Ergo
594 351 711 388 nullae
732 358 826 388 sunt
844 349 946 401 apud
967 361 1036 386 vos
1066 348 1261 385 rationum
1281 348 1370 386 vitae
1397 346 1685 385 referendarum

221 410 343 461 leges,
379 412 410 449 si
438 411 542 450 hunc
564 411 821 450 absolveritis.
873 409 976 447 Illud
1003 422 1092 448 vero
1125 422 1254 447 nonne
1279 408 1624 460 ingemiscendum,
1655 406 1686 443 si

220 472 379 522 quidem
399 473 489 511 olim
512 473 636 511 aureis
657 473 824 519 coronis,
855 471 994 522 quibus
1026 470 1192 521 populus
1224 482 1248 507 a
1274 469 1423 507 Graecis
1454 468 1685 511 donabatur,

222 535 365 572 referta
384 542 466 572 erat
496 535 707 579 orchestra,
728 547 774 572 eo
805 533 911 584 quod
939 533 1020 570 dies
1048 532 1111 570 hic
1131 530 1390 582 hospitalibus
1416 529 1569 568 coronis
1594 541 1687 566 con-

222 596 380 634 stitutus
406 603 515 634 erat:
546 609 648 633 nunc
670 608 720 633 ex
742 594 1020 633 Demosthenis
1041 594 1078 631 in
1100 606 1179 644 rep.
1203 591 1510 630 administranda
1534 591 1686 627 institu-

221 658 270 695 tis
290 672 359 696 vos
379 671 507 709 neque
527 658 678 696 coronis
699 671 826 708 neque
847 656 1051 708 praeconiis
1070 655 1205 693 donati
1227 654 1324 699 sitis,
1345 652 1419 690 iste
1439 659 1567 689 autem
1587 664 1687 702 prae-

223 719 414 758 dicatione
440 720 490 757 sit
522 719 750 757 ornandus?
781 720 901 770 Atqui
922 719 1041 769 siquis
1068 730 1119 754 ex
1145 717 1270 767 poetis
1289 714 1461 765 tragicis,
1480 714 1545 764 qui
1571 714 1689 764 paulo

220 787 310 831 post
328 782 520 819 histriones
539 782 576 818 in
596 795 737 818 scenam
756 780 983 832 producturi
1004 785 1109 824 sunt,
1129 778 1277 834 faceret
1295 777 1333 813 in
1355 775 1546 827 tragoedia
1568 774 1691 812 Ther-

223 841 335 879 sitem
356 856 380 880 a
399 842 551 880 Graecis
573 843 763 888 coronari,
790 855 904 880 nemo
931 848 1103 878 vestrum
1122 840 1252 885 ferret,
1273 838 1457 889 quoniam
1489 837 1583 874 dicit
1602 849 1691 874 eum

224 903 420 942 Homerus
447 905 633 955 ignavum
653 910 694 942 et
724 903 1010 955 sycophantam
1038 901 1182 939 fuisse:
1212 914 1282 938 vos
1303 906 1434 938 autem
1453 912 1542 937 cum
1563 897 1691 936 istius-

222 966 328 1004 modi
357 965 501 1003 homini
531 978 714 1004 coronam
735 965 953 1017 imponetis,
974 977 1053 1002 non
1072 963 1218 1015 putatis
1250 975 1319 1000 vos
1350 961 1578 999 Graecorum
1611 973 1692 997 om-

222 1027 329 1065 nium
342 1026 502 1078 judiciis
536 1027 781 1066 exsibilatum
809 1026 881 1065 iri?
912 1027 1084 1078 Majores
1116 1025 1217 1063 enim
1248 1025 1377 1068 vestri,
1411 1023 1443 1060 si
1464 1021 1557 1073 quid
1577 1022 1692 1059 rebus

225 1089 306 1127 suis
327 1089 577 1140 splendidum
599 1103 644 1127 ac
672 1089 903 1140 praeclarum
924 1088 1084 1132 inesset,
1106 1086 1144 1124 id
1167 1085 1314 1138 populo
1334 1085 1632 1126 adscribebant3
1664 1083 1695 1119 si

222 1151 318 1202 quid
349 1152 545 1200 abjectum
575 1158 693 1202 atque
720 1152 909 1196 infimum,
929 1150 967 1187 in
994 1149 1118 1187 malos
1149 1154 1320 1186 oratores
1350 1147 1624 1185 conferebant:
1656 1151 1696 1182 at

225 1212 440 1263 Ctesiphon
474 1204 696 1259 arbitratur,
731 1226 848 1264 quam
882 1210 1139 1250 Demostheni
1161 1209 1404 1248 detraxeritis
1429 1207 1693 1259 ignominiam,

223 1273 369 1325 populo
387 1286 458 1311 vos
479 1274 742 1325 circumjicere
762 1281 955 1325 oportere.

279 1337 345 1373 85.
377 1334 582 1373 Enimvero
604 1335 731 1373 dicitis
751 1349 820 1374 vos
839 1336 1059 1374 fortunatos
1080 1348 1180 1381 esse,
1199 1333 1528 1386 quemadmodum
1550 1331 1643 1370 estis
1660 1339 1699 1369 et

225 1396 364 1443 merito
382 1397 554 1447 quidem,
567 1397 726 1435 decreto
740 1404 871 1435 autem
891 1397 1169 1436 confirmabitis
1185 1410 1254 1435 vos
1271 1410 1294 1434 a
1308 1396 1465 1434 fortuna
1479 1394 1699 1440 derelictos,

225 1471 250 1496 a
277 1459 546 1497 Demosthene
576 1459 774 1497 beneficiis
795 1472 882 1497 esse
903 1459 1078 1504 affectos,
1099 1466 1138 1496 et
1165 1459 1270 1509 quod
1290 1464 1350 1495 est
1370 1457 1541 1495 omnium
1563 1458 1699 1494 absur-

226 1521 442 1565 dissimum,
464 1521 503 1558 in
532 1521 671 1559 iisdem
685 1520 844 1572 judiciis
873 1534 940 1559 eos
971 1521 1037 1571 qui
1070 1520 1373 1572 repetundarum
1405 1525 1495 1556 sunt
1528 1518 1700 1555 damnati

226 1583 386 1621 infamia
404 1583 562 1630 notatis,
584 1580 674 1620 huic
707 1572 821 1634 quem
844 1583 917 1635 ipsi
938 1583 1044 1621 scitis
1066 1582 1245 1620 mercede
1263 1594 1384 1631 remp.
1407 1579 1700 1617 administrasse

227 1658 410 1684 coronam
437 1645 645 1698 imponetis
663 1658 672 1682 :
702 1645 887 1683 ludorum
907 1644 1023 1683 etiam
1045 1643 1369 1696 Dionysiacorurn
1385 1641 1552 1692 judices,
1577 1642 1608 1678 si
1628 1641 1699 1678 ini-

227 1720 345 1758 quam
367 1708 417 1746 de
437 1707 565 1746 choris
587 1707 744 1759 cyclicis
764 1708 998 1746 sententiam
1014 1706 1187 1752 tulerint,
1203 1704 1414 1749 mulctatis,
1435 1703 1551 1741 iidem
1572 1710 1701 1741 autem

227 1782 313 1817 VOS,
332 1783 409 1808 non
443 1770 654 1808 chororum
675 1769 911 1821 cyclicorum
929 1769 1084 1820 judices
1108 1767 1308 1807 constituti
1333 1767 1401 1807 sed
1434 1767 1565 1817 legum
1585 1766 1703 1804 virtu-

227 1830 354 1880 tisque
375 1830 512 1875 civilis,
533 1830 692 1882 praemia
713 1843 791 1868 non
813 1831 1031 1869 secundum
1059 1831 1168 1881 leges
1192 1842 1319 1880 neque
1339 1829 1475 1880 paucis
1496 1841 1540 1866 ac
1561 1828 1702 1879 dignis,

229 1891 300 1929 sed
318 1891 353 1929 ei
373 1892 438 1942 qui
457 1891 544 1930 haec
566 1891 772 1930 ambiendo
793 1899 998 1930 assecutus
1021 1892 1085 1941 sit,
1105 1890 1336 1942 largiemini.
1367 1889 1471 1940 Ergo
1491 1902 1537 1926 ex
1552 1890 1703 1940 judicio

229 1953 396 1992 discedit
414 1953 503 1991 talis
526 1954 664 2002 judex,
699 1954 778 1991 suis
803 1953 961 2004 quidem
982 1953 1121 2005 opibus
1152 1951 1367 1997 diminutis,
1389 1951 1552 1988 oratoris
1574 1958 1703 1989 autem

231 2015 354 2053 auctis
374 2020 415 2052 et
445 2014 698 2052 confirmatis.
759 2014 831 2052 Vir
851 2015 954 2052 enim
982 2014 1156 2065 privatus
1177 2015 1216 2051 in
1239 2013 1396 2051 civitate
1418 2012 1540 2050 libera
1560 2013 1647 2063 lege
1668 2020 1707 2050 et

233 2076 386 2115 calculo
406 2087 477 2114 suo
507 2089 575 2114 rex
607 2082 691 2113 est:
732 2089 823 2113 cum
842 2089 933 2113 vero
951 2076 1038 2113 haec
1067 2075 1177 2113 alteri
1196 2074 1450 2120 concesserit,
1474 2087 1588 2112 suurn
1621 2074 1705 2124 ipse

233 2138 495 2190 principatum
529 2137 747 2188 dissipavit.
789 2137 946 2175 Deinde
974 2137 1228 2188 jurisjurandi
1262 2137 1419 2187 quidem
1450 2137 1599 2186 religio,
1629 2149 1707 2187 qua

235 2201 446 2238 obstrictus
466 2199 634 2251 judicat,
655 2198 812 2236 assidue
833 2199 961 2250 ipsum
983 2199 1177 2236 comitans
1198 2198 1379 2242 afflictam
1415 2211 1462 2236 ex
1481 2198 1584 2235 illius
1606 2198 1706 2235 scili-

234 2267 298 2300 cet
315 2261 526 2300 violatione
547 2261 695 2300 crimen
714 2267 850 2298 natum
870 2268 953 2299 est:
986 2260 1110 2311 gratia
1129 2274 1220 2299 vero
1242 2261 1289 2306 ei,
1311 2261 1373 2298 cui
1393 2260 1623 2298 beneficium
1653 2260 1708 2297 fa-

233 2337 320 2363 cere
340 2324 540 2370 studebat,
559 2318 637 2362 non
659 2324 893 2366 innotescit;
925 2335 1015 2361 nam
1036 2323 1210 2361 calculus
1232 2330 1384 2362 secreto
1410 2322 1598 2361 redditur.

288 2387 353 2424 86.
383 2385 571 2424 Videmur
591 2392 734 2432 autem,
761 2385 1034 2431 Athenienses,
1063 2385 1177 2423 simul
1198 2392 1238 2423 et
1264 2385 1451 2428 fortunati
1473 2397 1560 2422 esse
1588 2392 1625 2422 et
1658 2385 1706 2422 de

233 2447 432 2499 republica
449 2447 658 2499 periclitari
684 2447 766 2498 pari
786 2446 1058 2498 imprudentia.
1108 2447 1211 2486 Nam
1243 2447 1348 2499 quod
1380 2447 1439 2484 his
1472 2447 1708 2496 temporibus

234 2509 367 2548 liberae
388 2508 553 2548 civitatis
570 2509 815 2547 firmamenta
830 2508 942 2546 multi
961 2508 1099 2561 paucis
1114 2509 1315 2561 projicitis,
1334 2522 1413 2546 non
1429 2508 1547 2546 laudo
1563 2521 1570 2545 :
1602 2507 1706 2558 quod

237 2579 368 2610 autem
386 2571 477 2610 inde
497 2584 576 2609 non
596 2571 786 2609 increbuit
803 2571 843 2609 in
864 2584 935 2609 nos
957 2585 1071 2622 seges
1093 2578 1289 2609 oratorum
1310 2572 1570 2622 improborum
1594 2569 1708 2607 simul

238 2640 280 2672 et
296 2634 567 2684 petulantium,
587 2647 626 2671 eo
644 2634 781 2671 nomine
809 2634 997 2672 fortunati
1018 2647 1165 2672 sumus.
1198 2633 1310 2672 Talia
1329 2633 1432 2671 enim
1452 2632 1608 2683 ingenia
1622 2631 1710 2669 tulit

238 2695 437 2747 quondam
456 2695 689 2748 respublica,
713 2709 800 2747 quae
820 2697 1007 2748 populum
1027 2696 1127 2735 adeo
1146 2696 1260 2735 facile
1291 2695 1558 2748 perdiderunt.
1602 2693 1710 2732 Gau·

239 2757 358 2795 debat
374 2757 517 2809 quippe
531 2758 860 2797 assentationibus
877 2772 886 2802 ;
910 2758 965 2796 ita
984 2758 1090 2796 illum
1107 2771 1185 2797 non
1205 2759 1228 2795 ii
1247 2771 1345 2809 quos
1374 2758 1586 2802 metuebat,
1601 2757 1670 2795 sed
1687 2757 1711 2795 ii

239 2830 403 2870 quorum
422 2817 515 2857 fidei
534 2833 575 2858 se
601 2820 860 2867 commiserat,
891 2826 1126 2859 everterunt.
1158 2821 1334 2864 Quorum
1357 2819 1515 2870 quidem
1536 2819 1710 2857 nonnulli

240 2881 355 2918 etiam
368 2879 441 2931 ipsi
454 2881 493 2918 in
509 2881 668 2932 triginta
680 2889 930 2934 tyrannorum
948 2895 1108 2920 numero
1122 2882 1291 2927 fuerunt,
1304 2882 1368 2932 qui
1382 2881 1467 2932 plus
1481 2893 1596 2932 quarn
1606 2881 1709 2920 mille

243 2948 283 2980 et
296 2942 534 2994 quingentos
555 2942 658 2982 cives
678 2944 825 2982 indicta
845 2957 966 2983 causa
989 2950 1241 2994 necaverunt,
1258 2956 1306 2981 nc
1321 2941 1543 2982 criminibus
1557 2943 1711 2993 quidem
