1948 3306
338 173 415 210 816
752 174 1000 213 EXORDIA
1031 172 1384 212 CONCIONUM.

342 274 375 313 si
395 287 472 326 qua
491 275 620 327 opinio
641 276 795 316 sinistra
814 284 1024 328 nostraque
1045 278 1139 316 urbe
1164 277 1327 329 indigna
1344 277 1463 330 vulgo
1481 277 1530 318 de
1549 279 1660 319 nobis
1686 280 1803 319 subo-

339 337 473 377 riatur.
533 338 576 375 In
594 352 670 390 quo
690 353 778 379 cum
798 347 904 379 recte
925 340 1115 388 sentiatis,
1136 340 1286 392 reliqua
1301 354 1389 393 quae
1410 354 1499 380 curn
1518 341 1594 381 hac
1613 343 1807 382 sententia

340 400 589 439 consentiant
622 403 751 442 studio
779 416 858 441 non
882 402 1050 451 habetis,
1070 403 1140 442 sed
1159 403 1322 442 subinde
1342 404 1393 443 ad
1413 417 1460 443 ea
1478 404 1661 444 facienda
1692 405 1806 444 indu-

340 461 585 514 cimini,quae
604 472 644 502 et
661 465 735 516 ipsi
755 464 881 502 minus
907 477 997 502 esse
1025 472 1132 504 recta
1149 466 1360 504 fateamini.
1418 467 1651 518 Quanquam
1676 473 1806 505 autem

338 530 577 575 compertum
597 525 737 573 habeo,
758 526 980 564 laudatores
1000 527 1179 566 omnibus
1209 541 1293 566 esse
1309 528 1562 580 jucundiores
1582 542 1698 581 quam
1725 541 1807 567 mo-

339 584 498 632 nitores,
518 599 596 625 non
617 593 747 625 tamen
768 600 833 625 eas
851 586 1063 626 blanditias
1082 588 1137 628 ita
1156 591 1394 642 expetendas
1421 604 1507 629 esse
1536 590 1630 629 mihi
1648 603 1807 638 censeo,

339 652 384 684 ut
402 647 479 685 alia
507 661 624 699 quam
657 662 744 699 quae
764 648 950 700 prodesse
970 649 1076 688 vobis
1099 663 1326 701 persuasum
1345 652 1472 691 habeo
1491 652 1632 692 dicam.
1689 651 1808 697 Quod
1829 649 1835 660 “

338 708 371 746 si
389 709 579 760 principio
602 717 708 749 recte
727 711 934 759 sentiretis,
953 710 1048 749 nihil
1069 713 1220 764 publice
1237 714 1458 752 faciendum
1484 721 1579 762 erat,
1600 714 1705 766 quod
1731 713 1809 765 pri-

337 771 457 808 vatim
477 772 824 823 reprehenderetis,
847 787 894 811 ne
909 773 968 819 id,
988 774 1091 823 quod
1112 787 1218 812 nunc
1236 776 1293 821 fit,
1313 776 1561 814 usuveniret:
1591 784 1635 814 ut
1655 775 1703 813 de
1723 775 1810 827 qui-

336 833 412 871 bus
460 833 623 885 quisque
669 835 836 880 dictitat,
875 847 1023 887 quam
1062 842 1110 873 et
1156 837 1328 888 turpia
1374 837 1481 876 haec
1529 844 1579 876 et
1617 838 1809 876 acerba

337 901 481 942 sunt,
514 901 566 942 et,
606 910 743 948 quou
761 911 890 949 sque
941 896 1152 935 tandem
1198 897 1304 936 haec
1351 898 1809 950 progredientur?

334 955 405 995 illa
423 958 509 1009 ipsa
528 958 566 996 in
588 972 775 998 consessu
805 959 966 1011 quisque
992 959 1074 1009 ipse
1105 966 1145 998 et
1172 962 1352 1011 probaret
1375 967 1414 1000 et
1434 961 1592 1000 faceret.
1647 961 1708 1000 Ac
1726 959 1808 999 vel-

334 1018 627 1070 lemequidem,
652 1021 983 1072 quemadmodum
1010 1021 1091 1060 scio
1119 1035 1140 1060 e
1166 1035 1208 1060 re
1235 1029 1367 1062 vestra
1391 1036 1481 1063 esse
1510 1030 1555 1062 ut
1583 1022 1731 1075 optima
1748 1022 1807 1061 di-

335 1087 492 1119 centem
512 1083 694 1129 audiatis,
717 1083 772 1122 sic
804 1083 901 1122 scire
932 1096 993 1121 me
1024 1082 1157 1121 itidem
1182 1084 1331 1136 optima
1357 1085 1500 1124 dicenti
1520 1097 1607 1123 esse
1625 1084 1807 1137 profutu-

333 1156 432 1182 rum.
481 1143 611 1182 Multo
630 1145 732 1183 enim
752 1145 935 1184 libentius
955 1145 1075 1184 verba
1094 1146 1276 1186 facerem.
1321 1147 1441 1186 Nunc
1460 1145 1641 1199 equidem
1659 1153 1807 1193 metuo,

335 1206 407 1244 sed
427 1212 558 1244 tamen
578 1220 625 1246 ea
645 1221 731 1259 quae
751 1209 906 1248 confido
923 1207 1034 1246 utilia
1048 1208 1173 1246 visum
1194 1209 1252 1255 iri,
1266 1209 1419 1248 etiamsi
1439 1222 1508 1248 vos
1528 1221 1607 1248 non
1624 1208 1807 1261 pareatis,

335 1273 466 1307 tamen
486 1269 659 1320 proferre
679 1283 759 1308 non
775 1272 948 1309 verebor.

997 1384 1150 1423 XXIII.

391 1466 475 1504 Etsi
505 1467 607 1518 quis,
627 1468 897 1517 Athenienses,
918 1470 984 1522 qui
1004 1471 1151 1510 nullam
1174 1471 1289 1510 aliam
1309 1482 1468 1509 causam
1486 1469 1591 1521 prius
1612 1469 1718 1522 apud
1737 1482 1807 1509 vos

333 1528 493 1579 egisset,
514 1542 618 1567 nunc
639 1530 687 1568 de
707 1527 931 1570 criminibus
952 1546 1040 1583 quae
1060 1533 1179 1585 legati
1199 1540 1342 1572 nostrae
1362 1532 1447 1571 urbi
1461 1531 1567 1570 -falso
1587 1532 1810 1584 impingunt

333 1589 452 1638 dicat,
472 1591 507 1629 ei
527 1599 631 1631 esset
649 1593 786 1644 opinor
807 1595 855 1632 ab
876 1595 1055 1634 omnibus
1075 1595 1375 1647 ignoscendum.
1408 1594 1510 1633 Nam
1531 1593 1616 1633 aliis
1636 1594 1675 1632 in
1692 1595 1807 1633 rebus

331 1654 437 1693 vinci
456 1656 504 1693 ab
537 1656 782 1704 adversariiS,
802 1670 881 1696 non
907 1664 987 1696 tam
1020 1658 1185 1697 fortasse
1212 1658 1331 1709 culpa
1361 1670 1479 1709 quam
1509 1655 1710 1695 calamitas
1730 1655 1809 1694 dici

333 1725 452 1768 queat
469 1731 477 1756 :
508 1718 652 1770 quippe
672 1732 761 1757 cum
781 1726 820 1757 et
838 1721 877 1758 in
896 1720 1053 1758 fortuna
1071 1728 1109 1758 et
1134 1720 1327 1772 praefectis
1347 1726 1386 1758 et
1405 1718 1537 1757 multis
1556 1711 1642 1757 aliis
1663 1717 1809 1769 aliquid

333 1779 452 1817 situm
479 1780 595 1817 fuerit
614 1794 683 1819 cur
708 1780 813 1832 prius
833 1795 892 1820 res
912 1782 974 1821 vel
994 1784 1093 1821 bene
1112 1782 1175 1821 vel
1195 1783 1296 1821 male
1315 1787 1531 1833 gereretur.
1588 1780 1668 1819 Sed
1688 1780 1727 1818 in
1747 1779 1808 1817 sui

331 1840 559 1880 defensione
580 1856 649 1894 pro
670 1843 861 1894 dignitate
888 1844 1027 1882 veteris
1047 1844 1181 1896 gloriae
1204 1857 1283 1882 non
1313 1857 1429 1895 posse
1458 1843 1578 1881 verba
1604 1842 1745 1888 facere,
1766 1842 1807 1881 id

331 1902 413 1940 fieri
445 1903 562 1955 culpa
594 1904 738 1955 ingenii
769 1917 902 1942 eorum
934 1905 1075 1956 quibus
1102 1905 1142 1943 id
1161 1905 1289 1943 evenit
1307 1903 1563 1944 inveniemus.
1621 1903 1740 1947 Quod
1774 1905 1808 1943 si

330 1965 394 2003 alii
418 1972 548 2004 essent
572 1966 679 2018 apud
710 1980 810 2019 quos
830 1969 949 2006 verba
972 1968 1020 2006 de
1040 1967 1149 2006 vobis
1177 1968 1330 2015 fierent,
1351 1980 1480 2018 neque
1498 1965 1563 2004 isti
1582 1971 1663 2004 tam
1683 1966 1807 2004 confi-

331 2026 470 2065 denter
492 2029 647 2067 mentiti
671 2035 817 2077 essent,
836 2030 986 2081 opinor,
1006 2043 1134 2081 neque
1156 2029 1353 2068 auditores
1374 2028 1498 2067 multa
1517 2027 1624 2066 dicta
1643 2028 1807 2066 istorum

330 2088 536 2129 tulissent:
567 2104 673 2130 nunc
709 2098 748 2130 et
778 2092 930 2130 caeteris
961 2092 1000 2129 in
1028 2093 1143 2130 rebus
1176 2091 1238 2130 alii
1260 2098 1387 2130 vestra
1406 2089 1594 2128 facilitate
1627 2089 1813 2128 fruuntur

330 2163 481 2200 omnes,
512 2159 551 2191 et
580 2153 622 2192 in
654 2154 732 2192 hoc
761 2153 824 2192 isti
852 2154 1009 2206 negotio
1037 2168 1142 2192 nunc
1172 2153 1234 2192 vel
1267 2153 1308 2191 in
1337 2152 1484 2206 primis.
1542 2152 1675 2191 Tanta
1701 2152 1807 2190 enim

330 2214 517 2265 aequitate
549 2222 767 2254 vestrarum
799 2216 949 2254 aurium
979 2223 1115 2255 contra
1133 2229 1203 2254 vos
1234 2222 1326 2254 sunt
1344 2215 1416 2261 usi,
1444 2220 1592 2266 quanta
1609 2213 1703 2252 satis
1725 2213 1806 2252 scio

329 2275 526 2315 nullorum
547 2277 711 2316 aliorum
745 2278 801 2316 uti
828 2277 1063 2330 potuissent.
1120 2277 1219 2316 Mihi
1245 2283 1376 2316 autem
1396 2289 1552 2328 aequum
1581 2275 1735 2315 videtur
1762 2281 1807 2313 ut

327 2345 537 2390 propterea
556 2354 625 2379 vos
657 2348 696 2379 et
723 2341 797 2379 diis
826 2341 988 2392 gratiam
1013 2340 1205 2389 habeatis,
1225 2341 1503 2387 Athenienses,
1524 2345 1564 2378 et
1588 2339 1684 2377 istos
1711 2338 1805 2378 ode-

328 2400 423 2439 ritis.
481 2403 583 2440 Nam
605 2404 711 2454 quod
732 2404 977 2442 Rhodiorum
997 2404 1198 2455 populum,
1218 2403 1282 2455 qui
1304 2403 1511 2455 aliquando
1533 2413 1666 2441 coram
1679 2401 1806 2440 multo

327 2463 567 2514 petulantius
594 2465 633 2502 in
666 2479 735 2505 vos
768 2466 946 2505 invectus
984 2466 1123 2513 fuerat,
1153 2467 1263 2504 vobis
1293 2466 1510 2519 supplicem
1543 2478 1626 2503 esse
1656 2464 1806 2503 factum

326 2526 511 2575 vidimus,
531 2528 571 2566 id
590 2541 664 2580 ego
686 2536 830 2567 nostrae
849 2528 954 2566 urbis
984 2527 1161 2566 felicitati
1180 2528 1319 2567 tribuo.
1377 2528 1496 2573 Quod
1523 2533 1655 2565 autem
1676 2526 1807 2564 stolidi

326 2587 390 2626 isti
410 2602 537 2642 neque
557 2590 632 2629 hoc
652 2591 914 2637 considerant,
934 2603 1023 2628 cum
1048 2589 1089 2628 id
1119 2590 1174 2628 ita
1192 2590 1322 2641 palam
1342 2602 1501 2630 cernere
1522 2588 1651 2634 liceat,
1673 2600 1804 2640 neque

327 2649 423 2688 illud
444 2653 560 2691 etiam
589 2653 694 2705 quod
724 2666 794 2692 vos
823 2664 1094 2704 saepenumero
1123 2652 1299 2704 singulos
1334 2653 1496 2691 istorum
1530 2649 1804 2697 conservastis,

328 2719 369 2752 et
387 2714 427 2752 in
448 2727 583 2753 eorum
610 2715 827 2754 temeritate
846 2721 964 2766 atque
985 2714 1225 2766 infelicitate,
1244 2714 1397 2766 quoties
1413 2719 1552 2765 suapte
1571 2711 1804 2751 auctoritate

328 2776 433 2816 bella
454 2781 721 2830 susceperant,
743 2776 974 2828 corrigenda
1000 2776 1088 2829 plus
1118 2776 1265 2828 negotii
1284 2774 1491 2822 habuistis,
1521 2787 1638 2826 quam
1664 2773 1803 2811 vestris

325 2840 500 2890 ipsorum
518 2841 633 2879 rebus
654 2840 832 2893 agendis,
853 2839 894 2877 id
928 2852 995 2878 vos
1015 2852 1101 2878 mea
1134 2838 1292 2890 quidem
1320 2836 1504 2889 opinione
1524 2835 1575 2874 ad
1602 2835 1802 2886 ingentem

324 2901 562 2942 iracundiam
583 2908 839 2941 commoveat.
897 2901 976 2939 Sed
1006 2900 1099 2953 quid
1127 2899 1250 2952 agas?
1278 2899 1365 2938 istis
1394 2898 1564 2936 fortasse
1593 2895 1712 2935 fatale
1741 2902 1803 2934 est

327 2977 525 3015 nunquam
547 2965 584 3002 in
607 2964 790 3003 secundis
811 2965 926 3002 rebus
948 2976 1111 3016 sapere:
1139 2961 1251 3002 nobis
1277 2967 1408 3001 autem
1434 2972 1523 2999 cum
1542 2964 1698 3011 propter
1729 2969 1800 2994 nos

1941 3034 1948 3161 -2—-.—.
1944 3007 1948 3018 ,Α
1944 2950 1948 2989 .--
