1965 3356
608 211 664 248 IN
697 209 1175 248 OLYMPIODORUM.
1551 212 1628 248 675

158 325 262 350 nunc
282 313 473 351 attendite
501 313 662 360 animos,
692 313 866 358 Judices,
894 324 942 349 ne
970 323 1040 349 vos
1067 310 1197 348 statim
1224 311 1420 363 decipiant
1440 319 1625 359 oratores,

155 387 254 424 quos
272 374 345 413 iste
364 382 499 414 contra
517 388 578 413 me
597 374 833 413 subornavit.

209 437 245 472 7.
269 436 478 488 Nunquam
493 450 586 476 sane
601 437 670 474 iste
689 435 760 473 sibi
779 435 818 472 in
838 434 963 473 verbis
984 440 1153 480 constat,
1174 434 1245 472 sed
1265 447 1419 486 semper
1438 436 1622 486 quicquid

134 495 189 532 *in
216 505 385 537 mentem
411 499 587 537 inciderit
617 497 735 540 dieit;
767 503 885 548 atque
919 496 1062 547 passim
1094 509 1233 534 causas
1265 498 1456 536 absurdas
1489 499 1620 537 nescio

150 571 248 608 quas
279 567 318 599 et
345 560 584 612 suspiciones
615 572 660 597 ac
689 558 976 597 criminationes
1007 558 1127 596 falsas
1154 565 1291 596 contra
1321 571 1384 597 me
1417 560 1620 597 commini-

149 621 297 666 scitur:
328 629 367 661 et
395 622 433 660 in
462 628 545 660 tota
568 635 608 660 re
633 621 750 659 homo
778 620 939 670 injurius
958 627 1029 659 est.
1088 619 1248 657 Plurimi
1276 620 1378 658 enim
1400 621 1618 668 audierunt,

146 698 235 724 cum
257 701 297 726 se
314 687 422 726 illam
441 688 488 726 ab
509 688 666 726 homine
686 686 888 738 pecuniam
909 686 1108 737 accepisse
1138 692 1310 737 negaret.
1385 686 1502 730 Quod
1529 699 1616 724 cum

147 748 365 797 revincitur,
385 749 439 788 ait
469 763 510 788 se
535 763 558 788 a
587 763 658 788 suo
679 762 790 787 servo
809 749 953 787 habere
973 748 1195 799 pecuniam,
1216 761 1342 799 neque
1363 747 1456 785 mihi
1476 747 1538 785 vel
1567 748 1617 786 de

144 807 209 847 illa
227 811 289 848 vel
320 811 368 850 de
398 811 541 851 relictis
567 825 591 850 a
617 812 778 850 Conone
805 811 918 848 bonis
950 811 1157 861 quicquam
1189 809 1371 861 impertiri
1404 809 1516 848 velle.
1575 809 1615 846 Si

142 871 228 922 quis
247 881 375 912 autem
406 887 493 912 eum
521 874 767 913 familiarium
798 880 839 912 et
865 886 1022 912 suorum
1057 879 1096 911 et
1126 884 1299 910 meorum
1330 878 1457 922 rogat,
1477 883 1614 922 quam-

140 934 271 972 obrem
301 935 523 974 redditurus
543 949 623 975 non
655 936 718 983 sit,
747 949 836 974 cum
852 935 992 987 jurarit
1012 948 1053 974 se
1074 948 1122 973 ex
1151 947 1266 986 aequo
1294 946 1447 972 mecum
1469 932 1614 970 divisu-

141 1008 240 1042 rum,
258 1003 297 1035 et
326 1005 443 1049 pacta
471 997 588 1037 etiam
614 1011 719 1036 nunc
740 997 778 1035 in
798 998 925 1035 medio
947 996 1054 1035 sint?
1102 996 1227 1035 Pacta
1245 1009 1334 1034 esse
1353 995 1498 1036 violata
1517 995 1571 1032 ait
1591 1007 1614 1032 a

139 1071 215 1105 me,
236 1073 277 1098 se
298 1061 449 1112 magnis
470 1074 494 1099 a
512 1075 574 1099 me
593 1061 741 1112 injuriis
763 1059 960 1107 affectum,
979 1068 1104 1112 neque
1132 1073 1195 1098 me
1215 1071 1388 1110 unquam
1414 1057 1613 1096 adversari

138 1121 210 1159 sibi
243 1128 326 1160 tum
355 1123 522 1162 dicendo
552 1129 635 1161 tum
671 1122 826 1174 agendo
859 1122 1057 1160 distitisse.
1117 1122 1179 1160 Ac
1208 1127 1419 1173 praetextus
1452 1119 1610 1171 quidem

135 1182 238 1222 illius
264 1183 303 1221 hi
332 1191 434 1223 sunt.
493 1185 592 1229 Quae
623 1192 752 1223 autem
785 1184 892 1230 dicit,
911 1184 1089 1229 Judices,
1110 1183 1206 1221 nihil
1231 1183 1304 1221 nisi
1334 1182 1609 1222 commentitiae

135 1251 226 1283 sunt
256 1245 497 1297 suspiciones
527 1252 567 1283 et
596 1258 726 1284 causae
752 1251 791 1282 et
811 1244 967 1295 injustae
993 1244 1276 1295 improbitates,
1309 1243 1359 1282 ad
1390 1243 1609 1281 fraudanda

135 1319 182 1345 ea
211 1320 300 1358 quae
330 1308 421 1346 mihi
444 1307 647 1347 reddenda
678 1314 769 1345 sunt
798 1312 1063 1358 comparatae:
1093 1307 1134 1343 in
1151 1305 1196 1343 iis
1216 1318 1306 1343 vero
1326 1318 1414 1356 quae
1444 1318 1518 1356 ego
1539 1305 1609 1343 ad-

132 1382 267 1408 versus
283 1368 393 1408 istius
412 1369 617 1408 mendacia
635 1370 763 1408 dicam
783 1368 964 1407 omnibus
982 1365 1153 1419 suspicio
1174 1366 1282 1405 nulla
1300 1367 1384 1413 erit,
1405 1366 1488 1418 ejus
1505 1367 1607 1404 enim

131 1431 410 1483 impudentiam
432 1437 563 1483 aperte
582 1431 873 1476 demonstrabo,
889 1428 1132 1482 proferendis
1153 1428 1274 1480 signis
1293 1428 1393 1467 veris
1407 1435 1447 1466 et
1463 1428 1607 1466 nemini

130 1492 289 1544 ignotis,
310 1499 350 1531 et
368 1492 532 1531 testibus
551 1493 600 1531 de
621 1492 801 1530 omnibus
819 1493 936 1530 rebus
955 1490 1234 1543 producendis.

185 1557 222 1594 8.
251 1554 424 1593 Primum
442 1555 572 1606 igitur,
592 1555 615 1593 J
621 1554 766 1601 udices,
787 1553 863 1599 aio,
881 1567 970 1593 eum
987 1553 1170 1605 cognatis
1190 1560 1229 1591 et
1248 1552 1502 1591 familiaribus
1524 1553 1604 1590 suis

128 1623 168 1655 et
187 1617 296 1664 meis,
313 1630 442 1656 rerum
461 1617 633 1655 omnium
654 1620 696 1654 ut
727 1629 774 1654 ea
802 1629 888 1655 sese
905 1616 1079 1655 habeant
1106 1616 1223 1667 probe
1242 1611 1372 1666 gnaris
1391 1614 1534 1666 quique
1556 1616 1604 1653 ab

128 1678 238 1717 initio
271 1692 425 1731 semper
458 1679 726 1725 interfuerunt,
761 1678 959 1716 arbitrium
992 1684 1199 1730 propterea
1232 1676 1382 1714 deferre
1416 1676 1603 1723 noluisse,

126 1741 234 1792 quod
251 1748 358 1781 certo
377 1740 506 1787 sciret,
527 1753 569 1778 se
590 1740 720 1778 statim
740 1754 761 1778 e
779 1739 945 1791 vestigio
974 1741 1022 1778 ab
1051 1739 1106 1777 eis
1136 1739 1217 1777 fore
1238 1738 1545 1789 coarguendum,
1569 1739 1600 1776 si

127 1803 222 1855 quid
241 1803 491 1841 mentiretur:
522 1815 625 1840 nunc
645 1801 810 1840 fortasse
830 1808 957 1853 putat,
977 1815 1017 1839 se
1038 1800 1143 1853 apud
1162 1813 1231 1838 vos
1252 1800 1504 1838 mentientem
1521 1814 1599 1840 non

125 1865 412 1918 deprehensum
444 1865 503 1902 iri.
563 1863 714 1902 Rursus
743 1863 845 1910 dico,
865 1876 946 1901 non
974 1876 1061 1900 esse
1087 1869 1408 1907 consentaneum,
1430 1875 1491 1899 me
1517 1862 1598 1906 tibi,

126 1927 418 1979 Olympiodore,
439 1925 686 1964 adversatum
705 1937 806 1971 esse,
827 1931 866 1963 et
893 1923 1151 1962 communiter
1169 1935 1250 1960 una
1268 1928 1398 1960 tecum
1419 1930 1598 1974 sumptus

122 1989 262 2028 fecisse
281 1988 431 2040 quoties
449 2000 612 2026 necesse
638 1986 724 2032 fuit,
745 1992 860 2038 atque
881 1985 982 2024 ultro
1002 1986 1051 2023 ab
1077 1984 1230 2023 actione
1250 1983 1449 2022 destitisse
1470 1992 1507 2022 te
1528 1986 1596 2023 ab·

124 2059 246 2099 sente,
266 2065 354 2089 cum
374 2057 413 2089 et
438 2056 506 2088 tua
524 2049 678 2087 sublata
698 2053 816 2096 esset,
837 2054 1044 2100 propterea
1073 2046 1180 2099 quod
1206 2049 1287 2095 ejus
1308 2046 1446 2085 abesse
1459 2047 1596 2098 judicii

122 2127 244 2153 causa
262 2127 341 2152 non
360 2112 518 2164 publico
544 2110 698 2150 nomine
720 2109 917 2149 videreris.
969 2110 1131 2148 Licebat
1156 2108 1258 2147 enim
1279 2107 1371 2145 mibi
1392 2108 1430 2145 in
1460 2110 1595 2148 semis—

123 2190 204 2215 sem
223 2174 463 2214 haereditatis
483 2186 625 2225 agere:
655 2186 780 2225 neque
809 2172 1032 2211 mortalium
1064 2171 1271 2223 quisquam
1300 2170 1594 2218 adversabatur,

121 2245 162 2277 et
178 2237 250 2289 ipsi
268 2237 308 2275 id
329 2235 538 2275 adversarii
555 2235 836 2273 concedebant.
882 2233 962 2272 Sed
981 2246 1028 2272 eo
1047 2232 1166 2279 facto,
1187 2233 1317 2271 statim
1338 2234 1566 2283 pejerassem
1583 2247 1592 2271 ε

114 2301 283 2353 juraram
310 2299 413 2339 enim
437 2305 476 2336 et
504 2297 728 2350 pepigeram
751 2304 897 2343 tecum,
933 2309 1005 2334 nos
1033 2295 1165 2333 omnia
1198 2293 1394 2333 communi
1427 2294 1593 2334 consilio

118 2369 272 2401 acturos
300 2373 545 2413 quaecunque
575 2359 667 2397 mihi
693 2366 733 2398 et
759 2359 828 2397 tibi
846 2357 1168 2397 'consultantibus
1195 2358 1341 2409 optima
1362 2356 1466 2395 facta
1485 2357 1591 2396 vide-

120 2433 264 2466 rentur.
321 2424 490 2463 Proinde
509 2423 717 2476 plusquam
744 2422 961 2474 nugatoriee
988 2429 1079 2460 sunt
1098 2420 1367 2460 cavillationes
1388 2426 1427 2458 et
1445 2433 1589 2467 causae,

119 2495 277 2542 propter
295 2501 393 2540 quas
415 2495 453 2526 te
473 2485 569 2524 nihil
598 2485 700 2536 aequi
723 2484 814 2522 mihi
835 2484 1099 2537 praestiturum
1121 2483 1327 2536 profiteris.

173 2552 212 2591 9.
232 2548 434 2602 Numquid
453 2548 568 2588 etiam
588 2547 789 2587 existimas
819 2561 882 2586 me
910 2548 1188 2599 permissurum
1208 2546 1276 2584 tibi
1295 2544 1430 2593 fuisse,
1452 2545 1589 2597 Olym-

118 2615 294 2669 piodore,
315 2615 356 2652 in
387 2620 583 2666 postremo
609 2612 658 2651 (le
690 2612 918 2651 haereditate
933 2611 1096 2663 judicio,
1118 2618 1200 2657 aut,
1221 2615 1266 2647 ut
1295 2622 1342 2647 ea
1372 2621 1460 2659 quae
1481 2609 1588 2659 apud

114 2678 267 2730 judices
287 2675 458 2720 dicebas,
478 2674 534 2712 ita
552 2681 694 2713 temere
716 2673 880 2719 diceres,
909 2679 990 2719 aut,
1011 2685 1175 2723 quarum
1207 2683 1334 2708 rerum
1366 2669 1588 2708 testimonia

118 2739 353 2791 proferebas,
371 2744 412 2776 ut
430 2737 485 2776 ita
510 2744 656 2776 temere
675 2736 881 2788 proferres,
909 2733 984 2772 nisi
1016 2734 1263 2773 collusissem
1289 2739 1420 2770 tecum
1441 2738 1479 2769 et
1501 2745 1524 2769 a
1548 2739 1586 2771 te

119 2799 344 2839 stetissem?
376 2798 478 2838 Nam
497 2798 585 2843 iste,
607 2798 783 2844 Judices‚
808 2810 898 2836 cum
917 2796 993 2834 alia
1022 2809 1110 2847 quae
1136 2796 1240 2832 bona
1259 2793 1292 2831 ei
1328 2799 1439 2831 erant
1469 2799 1585 2843 atque

118 2861 324 2901 commoda
342 2860 509 2908 dicebat,
529 2867 612 2898 tum
630 2859 698 2899 illo
716 2859 830 2898 etiam
852 2859 996 2897 abusus
1016 2865 1087 2904 est,
1105 2869 1166 2894 me
1186 2856 1359 2901 domum,
1379 2866 1496 2905 quarn
1519 2868 1587 2906 pro

118 2938 203 2964 mea
222 2924 394 2977 portione
413 2936 654 2977 acceperam,
684 2936 707 2961 a
732 2936 774 2961 se
806 2921 1069 2960 conduxisse:
1100 2926 1140 2956 et
1165 2917 1268 2956 mille
1300 2916 1584 2959 drachmarum,

119 2988 315 3028 semissem
348 2986 398 3025 de
434 2986 559 3025 servili
591 2985 772 3038 pecunia,
795 2998 816 3023 a
847 2997 887 3022 se
919 2982 1039 3021 fuisse
1073 2986 1315 3020 mutuatum:
1351 2992 1478 3029 neque
1509 2979 1582 3017 hoc
