1948 3306
371 159 448 198 752
776 158 1066 195 ADVERSUS
1098 158 1440 196 EUBULIDEM.

369 266 463 296 tunc
491 258 668 297 inimicus
699 266 816 307 esset,
835 273 913 299 non
935 260 1049 299 modo
1069 271 1156 297 eum
1177 272 1253 297 non
1275 259 1488 307 accusavit,
1508 260 1575 299 sed
1608 274 1655 300 ne
1687 260 1827 300 suffra-

371 320 476 371 gium
496 320 651 370 quidem
682 321 731 359 de
760 335 806 360 eo
834 323 936 367 tulit,
957 322 1067 372 quasi
1094 335 1170 360 non
1191 330 1297 360 esset
1316 322 1577 361 Atheniensis.
1634 323 1753 361 Unde
1785 323 1825 361 id

370 382 550 420 constat?
586 383 700 427 Quod
722 384 898 422 omnibus
918 383 1109 435 suffragiis
1133 383 1225 421 civis
1247 391 1307 421 est
1324 383 1492 421 habitus.
1549 383 1601 421 Et
1617 385 1710 435 quid
1729 397 1826 436 opus

368 451 429 482 est
453 443 501 482 de
527 444 699 496 patribus
723 444 878 484 dicere?
910 445 1009 483 Cum
1030 446 1111 497 ipse
1133 445 1358 492 Eubulides,
1378 458 1465 483 cum
1486 457 1560 496 ego
1588 445 1827 494 inscriberer,
1883 449 1885 451 ’

369 511 407 542 ct
426 506 652 558 municipes,
677 507 730 544 ita
751 514 792 544 ut
811 520 965 557 aequum
985 515 1059 554 est,
1079 508 1197 559 jurati
1226 520 1358 546 omnes
1385 506 1570 558 suffragia
1592 506 1642 546 de
1667 520 1728 546 me
1752 508 1827 546 fer-

366 573 465 614 rent,
485 581 611 619 neque
632 567 839 614 accusarit,
859 581 985 619 neque
1012 568 1246 607 contrarium
1273 569 1499 621 suffragium
1529 569 1668 608 tulerit.
1724 568 1827 607 Nam

365 627 428 666 hic
447 627 585 666 iterum
605 642 739 667 omnes
761 642 822 667 me
843 630 1077 681 municipem
1096 643 1181 668 esse
1193 629 1432 682 judicarunt.
1488 630 1606 675 Quod
1625 631 1657 669 si
1679 631 1840 669 mentiri*

365 703 425 728 me
447 690 594 736 dicunt,
614 691 652 728 in
683 704 770 729 mea
795 704 908 742 aqua,
929 692 1104 744 quisquis
1123 691 1303 740 voluerit,
1328 692 1557 732 testificetur
1574 693 1713 731 horum
1733 706 1828 731 con-

364 752 491 789 traria.
549 753 589 789 Si
608 751 737 803 igitur,
755 753 1025 801 Athenienses,
1046 754 1204 792 istorum
1223 753 1262 791 id
1278 762 1549 805 argumentum
1567 754 1827 793 firmissimum

363 827 452 851 esse
473 813 677 860 videbitur,
697 814 804 865 quod
824 815 1036 866 municipes
1062 829 1121 854 me
1136 816 1217 867 jam
1239 805 1447 867 ejecerimt‚
1473 830 1548 868 ego
1566 823 1705 868 quater
1723 816 1827 867 prius

367 884 514 924 sancte,
547 884 587 915 et
620 877 702 916 sine
735 878 1019 930 conspiratione
1053 878 1272 917 decrevisse
1305 891 1372 917 eos
1403 879 1731 935 ostendam,·cum
1759 878 1828 916 de-

365 946 569 978 creverunt
601 946 639 978 et
670 953 731 977 me
766 948 805 978 et
833 948 983 992 patrem
1016 954 1106 979 esse
1141 939 1354 992 municipes
1389 955 1506 986 suos;
1536 941 1712 993 primum,
1741 953 1826 978 curn

364 1007 474 1051 pater
498 1002 682 1052 probatus
703 1001 789 1048 fuit,
816 1003 970 1049 deinde,
996 1017 1083 1041 cum
1104 1015 1194 1054 ego,
1216 1008 1318 1053 post,
1339 1002 1379 1040 in
1394 1004 1518 1054 prima
1543 1001 1826 1054 disquisitione,

364 1076 452 1100 cum
470 1063 532 1101 isti
551 1063 681 1101 album
701 1065 977 1111 occultassent,
1009 1072 1220 1116 postremo,
1249 1077 1340 1101 cum
1369 1065 1469 1102 inter
1489 1064 1747 1103 nobilissimos
1766 1077 1827 1102 me

363 1124 593 1177 delegerunt
612 1126 662 1164 ad.
683 1126 923 1165 sortitionem
944 1125 1156 1165 Herculani
1176 1124 1394 1164 sacerdotii.
1451 1126 1581 1178 Atque
1599 1126 1685 1165 haec
1701 1127 1830 1165 omnia

365 1187 596 1225 testimoniis
617 1189 868 1239 comprobata
887 1195 992 1226 sunt.

422 1250 482 1286 16.
513 1249 630 1294 Quod
661 1250 692 1287 si
726 1250 945 1288 tribunatus
974 1250 1066 1287 mihi
1091 1250 1314 1290 referendus
1333 1258 1404 1299 est,
1423 1256 1580 1303 propter
1600 1263 1715 1302 quem
1735 1250 1828 1289 mihi

364 1310 522 1361 quidam
550 1311 817 1349 irascebantur
850 1314 958 1359 (nam
994 1312 1033 1348 in
1065 1325 1111 1349 eo
1145 1312 1366 1352 inimicitias
1401 1313 1568 1364 suscepi,
1589 1312 1780 1363 exigendo
1805 1326 1829 1350 a

366 1372 498 1411 multis
519 1373 800 1411 conductiones
820 1374 1012 1420 lucorum,
1033 1380 1071 1411 et
1098 1374 1173 1412 alia
1198 1389 1284 1425 quae
1303 1375 1525 1427 reipublicae
1545 1374 1829 1429 subtraxerant)

363 1426 543 1487 equidem
562 1451 631 1475 vos
655 1437 787 1475 audire
807 1437 934 1483 velim,
957 1437 1026 1475 sed
1056 1437 1219 1476 fortasse
1247 1438 1339 1476 nihil
1371 1438 1420 1476 ad
1447 1450 1527 1475 rem
1549 1435 1674 1474 facere
1694 1436 1828 1474 existi-

363 1498 532 1535 mabitis.
591 1497 693 1535 Illud
712 1497 867 1548 quidem
889 1505 1159 1548 argumentum
1182 1498 1479 1551 conspirationis
1504 1510 1638 1536 eorum
1657 1498 1827 1549 proferre

362 1571 536 1609 possum,
556 1559 662 1610 quod
680 1572 700 1596 e
714 1559 970 1611 jurejurando
992 1559 1219 1598 deleverunt
1239 1560 1324 1598 hoec
1343 1561 1474 1606 verba,
1491 1573 1508 1597 s
1525 1572 1581 1598 en
1594 1566 1610 1597 t
1625 1572 1646 1597 e
1659 1573 1685 1597 n
1698 1565 1715 1597 t
1729 1558 1739 1596 i
1753 1572 1826 1597 am

363 1621 517 1659 feram
549 1622 721 1659 animo
744 1622 1033 1673 aequissimo
1060 1635 1149 1660 nec
1180 1622 1362 1673 gratiae
1389 1635 1479 1661 nec
1509 1622 1622 1660 odii
1650 1634 1827 1669 causa,

362 1696 453 1721 nam
473 1683 512 1722 id
532 1696 686 1734 quoque
706 1683 994 1734 deprehensum
1016 1691 1090 1722 est.
1148 1684 1199 1723 Et
1224 1684 1329 1736 quod
1356 1697 1463 1722 arma
1483 1696 1554 1735 per
1581 1682 1827 1735 sacrilegium

365 1745 817 1784 abstulerunt—dicetur
853 1747 1101 1798 enim—quae
1135 1760 1209 1798 ego
1246 1746 1434 1785 Minervae
1467 1759 1752 1792 consecratam,
1788 1752 1828 1784 et

364 1807 565 1846 decretum
596 1807 898 1860 exsculpserunt
925 1821 1002 1859 quo
1029 1808 1242 1860 municipes
1274 1822 1336 1846 me
1364 1813 1560 1846 ornarant.
1635 1807 1826 1859 Conjura-

364 1877 455 1908 runt
483 1870 547 1908 isti
575 1877 710 1908 contra
731 1884 806 1918 me,
827 1884 850 1908 a
868 1870 1008 1922 quibus
1036 1884 1083 1909 ea
1107 1884 1193 1922 quae
1218 1870 1372 1922 publice
1398 1869 1644 1908 debebantur
1667 1868 1824 1920 redegi3

363 1945 486 1982 eoque
519 1940 709 1971 venerunt
750 1933 1016 1984 impudentiae,
1044 1939 1088 1971 ut
1124 1933 1270 1985 passim
1302 1932 1489 1979 dicerent,
1508 1943 1557 1970 ea
1595 1944 1658 1969 me
1695 1931 1824 1969 faeere

364 2007 485 2032 causa
512 1994 759 2033 defensionis.
818 1995 915 2039 Quis
934 2008 1025 2033 vero
1054 2009 1113 2033 me
1146 2001 1315 2033 vestrum
1342 2000 1461 2033 tantae
1496 1993 1734 2032 condemnet
1765 1993 1824 2031 in-

364 2057 498 2103 saniae,
517 2056 694 2104 Judices,
723 2064 767 2096 ut
794 2065 952 2109 propter
981 2057 1134 2096 tantilla
1160 2057 1215 2096 rei
1242 2056 1454 2109 probandae
1488 2062 1730 2107 argumenta,
1767 2055 1825 2093 fa-

363 2118 474 2156 cinus
505 2125 628 2157 morte
665 2119 943 2157 vindicandum
977 2119 1175 2166 auderem,
1195 2125 1235 2157 et
1262 2132 1350 2170 quae
1385 2118 1481 2156 mihi
1518 2117 1733 2156 honorifica
1763 2130 1824 2155 es-

364 2187 464 2227 sent,
483 2194 530 2219 ea
548 2180 773 2220 abolerem?
817 2181 921 2219 Illud
948 2188 1093 2229 autem,
1113 2181 1219 2233 quod
1242 2180 1414 2219 omnium
1447 2185 1508 2219 est
1536 2178 1822 2231 gravissimum,

363 2255 441 2280 non
467 2242 599 2294 utique
629 2243 760 2282 dicent
787 2257 849 2281 me
877 2250 1034 2282 auctore
1069 2257 1156 2282 esse
1185 2244 1345 2282 facturn.
1405 2243 1505 2281 Cum
1529 2241 1697 2294 primum
1723 2241 1824 2280 enirn

362 2304 454 2342 mihi
483 2306 682 2344 calamitas
715 2305 937 2353 accidisset,
956 2307 1084 2344 statim
1114 2306 1276 2345 istorum
1303 2305 1476 2358 quidam,
1496 2312 1684 2355 tanquam
1714 2304 1824 2342 exsul

356 2365 438 2417 jam
468 2380 603 2413 essem,
624 2374 663 2406 et
693 2368 907 2419 periissem,
924 2368 1201 2408 domunculam
1228 2369 1267 2406 in
1294 2381 1388 2420 agro
1414 2374 1531 2406 noctu
1554 2366 1743 2418 aggressi,
1765 2367 1824 2404 in-

362 2437 617 2469 strumentum
647 2438 687 2469 et
723 2431 1030 2482 suppellectilem
1058 2432 1208 2470 auferre
1241 2437 1330 2469 sunt
1358 2431 1500 2470 conati.
1557 2430 1692 2481 Usque
1724 2429 1823 2468 adeo

362 2498 400 2530 et
429 2505 496 2530 vos
528 2499 566 2530 et
595 2493 703 2544 leges
734 2499 1067 2543 contempserunt.
1125 2493 1183 2530 Ac
1209 2492 1240 2530 si
1270 2491 1400 2539 vultis,
1419 2491 1534 2543 hujus
1559 2491 1614 2528 rei
1642 2490 1822 2529 conscios

361 2555 577 2594 citabimus.

418 2619 478 2656 17.
510 2618 592 2657 Etsi
612 2625 737 2658 autem
758 2619 881 2658 multa
899 2620 1097 2666 haberem,
1112 2632 1200 2670 quae
1216 2618 1278 2657 isti
1297 2622 1572 2670 perpetrarunt
1589 2622 1629 2655 et
1644 2616 1820 2655 ementiti

358 2687 460 2725 sunt,
479 2682 832 2728 commemoranda,
850 2682 1090 2733 libenterque
1109 2681 1216 2719 vobis
1241 2693 1489 2733 exponerem,
1511 2692 1558 2718 ea
1581 2685 1714 2716 tamen
1731 2691 1820 2716 cum

357 2749 496 2792 praeter
514 2756 592 2780 rem
613 2756 700 2781 esse
719 2743 877 2794 putetis,
900 2743 1090 2781 omittam.
1148 2742 1222 2780 Illa
1240 2749 1369 2780 autem
1388 2739 1659 2786 recordamini,
1679 2744 1719 2777 et
1731 2752 1820 2790 spe-

358 2810 474 2851 ctate,
494 2805 648 2855 quantis
671 2805 905 2856 argumentis
938 2804 1061 2843 fretus
1089 2804 1139 2842 ad
1160 2817 1228 2842 vos
1250 2803 1492 2842 accesserim.
1551 2802 1605 2839 Ut
1625 2800 1728 2840 enim
1752 2813 1819 2838 vos

356 2865 393 2902 in
416 2866 584 2904 sexviros
606 2866 808 2918 inquiritis,
830 2867 879 2904 ad
909 2866 1079 2904 eundem
1108 2878 1183 2917 ego
1203 2865 1363 2904 modum
1391 2863 1497 2916 apud
1523 2875 1593 2901 vos
1612 2862 1652 2900 in
1682 2874 1743 2899 me
1763 2861 1818 2898 in·

353 2926 514 2977 quiram.
558 2928 667 2967 Heus
688 2929 817 2975 hoino,
838 2928 922 2980 quis
943 2928 1011 2967 tibi
1031 2935 1141 2979 pater
1160 2927 1262 2966 fuit?
1296 2926 1421 2965 Mihi?
1449 2925 1671 2964 Thucritus.
1704 2923 1826 2969 Nun·-
