1981 3356
628 218 916 259 ADVERSUS
948 218 1286 257 APATURIUM.
1613 220 1692 258 523

227 314 374 368 audita,
393 327 432 361 te
452 322 569 361 istum
589 324 654 375 qui
674 324 767 362 talia
795 323 994 362 moliretur
1012 322 1206 361 hominem
1227 335 1375 360 summe
1396 321 1583 360 nefarium
1604 335 1692 361 esse

223 383 340 427 duxi;
372 390 413 422 et
427 385 528 423 viam
547 385 721 437 quaesivi,
741 399 818 436 qua
837 392 877 424 et
895 398 971 437 ego
986 384 1182 423 mensaria
1202 384 1412 436 sponsione
1432 384 1631 431 liberarer,
1653 392 1692 423 et

222 443 366 497 hospes
387 459 433 485 ea
451 460 539 497 quae
551 460 620 498 per
635 460 696 485 me
718 447 778 486 isti
794 453 993 486 mutuarat
1008 459 1087 484 non
1108 447 1313 484 amitteret.
1350 445 1583 484 Constitutis
1598 459 1692 498 ergo

222 507 332 545 navis
353 508 594 555 custodibus,
613 521 758 547 mensae
780 509 1033 561 sponsoribus
1052 508 1253 559 negotium
1272 507 1449 559 exposui,
1469 508 1692 558 pignusque

222 569 375 618 tradidi,
396 583 441 609 ac
461 570 596 609 decen]
616 571 740 610 minas
765 571 959 623 hospitem
978 570 1120 609 habere
1141 570 1179 608 in
1200 583 1298 608 nave
1318 569 1410 607 dixi.
1470 568 1542 606 His
1564 569 1692 616 factis,

220 633 413 683 mancipia
433 634 643 684 sponsione
663 633 867 679 obstrinxi,
889 640 945 680 ut,
964 633 997 671 si
1027 631 1121 683 quid
1141 632 1313 678 deesset,
1339 643 1408 683 per
1439 643 1486 668 ea
1519 631 1692 682 comple.

220 702 334 734 retur.
392 696 452 734 Ita
471 710 557 747 eg0,
579 696 826 748 deprehensis
847 696 958 734 istius
976 694 1137 746 injuriis,
1158 694 1249 732 mihi
1271 700 1310 731 et
1326 692 1468 744 hospiti
1487 692 1691 731 consului:

220 764 260 794 at
278 757 351 796 iste
370 757 532 809 perinde
551 771 596 797 ac
615 758 648 796 si
668 759 878 810 acciperet,
897 770 974 796 non
996 757 1154 803 faceret,
1174 755 1368 806 injuriam,
1388 767 1450 793 me
1471 753 1692 801 incusabat,

218 818 389 870 rogitans
409 832 458 858 an
484 833 562 858 non
594 820 687 858 mihi
717 820 811 859 satis
842 826 949 858 esset
967 818 1178 870 sponsione
1204 816 1254 855 ad
1275 815 1510 854 mensariurn
1530 815 1694 863 exsolvi,

218 881 291 920 nisi
310 888 350 920 et
372 895 442 934 pro
459 882 628 934 pecunia
648 882 921 922 Parmenontis
943 895 1082 920 navem
1111 887 1150 920 et
1174 880 1369 932 mancipia
1389 879 1600 931 sponsione
1623 879 1694 916 ob-

218 944 460 996 stringerem,
489 952 528 984 et
557 952 715 998 propter
744 946 939 984 hominem
967 944 1141 983 exsulem
1173 956 1264 981 suas
1298 942 1535 994 susciperem
1568 941 1694 979 inimi-

217 1005 356 1045 citias?
399 1007 485 1057 Ego
511 1019 603 1044 vero
624 1020 712 1044 eum
732 1008 795 1057 qui
829 1007 922 1044 mihi
949 1005 1180 1044 credidisset
1207 1017 1253 1041 eo
1288 1004 1417 1040 minus
1437 1017 1497 1040 me
1520 1003 1693 1041 desertu-

219 1081 304 1107 rum
323 1069 559 1114 asserebam,
578 1067 686 1118 quod
703 1074 742 1105 et
761 1067 886 1106 exsuli
906 1065 1198 1105 et¹calamitoso
1217 1065 1329 1103 fieret
1348 1077 1417 1115 per
1435 1076 1522 1102 eum
1544 1063 1693 1115 injuria.

218 1130 435 1181 Postquam
452 1135 582 1168 autem
603 1128 698 1167 nihil
717 1128 943 1180 praetermisi
964 1133 1004 1165 et
1022 1139 1156 1165 omnes
1178 1126 1287 1164 istius
1305 1125 1524 1164 inimicitias
1545 1131 1584 1163 et
1605 1125 1695 1164 odia

215 1191 437 1243 provocavi,
456 1189 520 1228 vix
539 1189 674 1241 redegi
700 1196 919 1241 argentum,
941 1201 1040 1227 nave
1066 1187 1330 1238 quadraginta
1355 1187 1467 1224 minis
1500 1186 1662 1225 vendita
1682 1201 1691 1231 ;

216 1251 352 1304 quanti
371 1259 454 1290 erat
475 1252 742 1303 oppignerata.
800 1250 981 1289 Redditis
1001 1249 1119 1301 igitur
1138 1248 1296 1300 triginta
1316 1248 1429 1285 minis
1448 1248 1498 1286 ad
1518 1261 1693 1286 mensam

216 1323 256 1355 et
275 1316 410 1355 decem
432 1315 544 1353 minis
565 1314 818 1353 Parmenonti
839 1326 966 1352 coram
989 1313 1121 1351 multis
1141 1312 1317 1358 testibus,
1337 1317 1376 1349 et
1396 1310 1548 1349 tabulas
1565 1317 1693 1349 sustu-

215 1378 331 1416 limus
364 1377 579 1417 secundum
608 1390 704 1428 quas
731 1376 877 1415 credita
905 1382 987 1414 erat
1019 1374 1200 1427 pecunia,
1220 1381 1260 1412 et
1292 1380 1431 1411 mutua
1461 1373 1695 1411 commercia

216 1440 545 1487 renunciavimus,
560 1446 597 1477 et
616 1438 780 1478 invicem
796 1438 938 1476 missos
958 1437 1135 1483 fecimus,
1150 1436 1203 1474 ita
1222 1436 1277 1473 uti
1299 1448 1426 1486 neque
1446 1434 1507 1473 isti
1525 1448 1692 1481 mecum,

215 1515 341 1553 neque
362 1501 454 1540 mihi
474 1514 561 1540 cum
583 1501 661 1539 isto
678 1500 823 1552 negotii
844 1499 1050 1552 quicquam
1071 1507 1190 1537 esset.
1233 1498 1292 1537 Ac
1313 1505 1357 1535 ut
1373 1511 1464 1536 vera
1484 1510 1544 1535 me
1565 1497 1692 1536 dicere

218 1563 460 1616 intelligatis,
481 1563 614 1602 audite
633 1562 868 1602 testimonia.

773 1705 1138 1745 TESTIMONIA.

269 1807 307 1843 4.
337 1805 427 1844 Jam
446 1804 623 1857 posthaec
644 1803 737 1841 nihil
766 1801 858 1840 mihi
879 1813 968 1838 cum
1001 1799 1077 1838 isto
1108 1799 1161 1836 rei
1193 1799 1255 1836 vel
1288 1811 1442 1850 magnae
1470 1799 1531 1837 vel
1561 1813 1689 1851 parvae

215 1866 316 1905 fuit:
364 1866 557 1908 Parmeno
589 1872 720 1903 autem
754 1864 867 1902 istum
895 1861 1109 1900 accusabat
1137 1868 1218 1899 tum
1240 1861 1457 1906 verberum,
1481 1861 1621 1912 quibus
1643 1863 1690 1899 ab

214 1942 276 1976 eo,
296 1929 388 1966 dum
406 1928 600 1979 mancipia
619 1941 707 1979 quae
728 1926 1010 1977 ablegabantur
1030 1923 1255 1974 corriperet,
1283 1922 1445 1961 affectus
1473 1930 1590 1970 esset,
1609 1931 1690 1962 tum

215 1989 412 2042 impeditae
429 1990 477 2027 ab
492 2002 538 2027 eo
558 2002 674 2040 quam
695 1988 732 2025 in
755 1987 924 2025 Siciliam
947 1985 1178 2023 instituisset
1197 1985 1470 2035 navigationis.
1513 1986 1689 2024 Instante

217 2059 347 2091 autem
383 2050 548 2100 judicio,
582 2050 708 2088 defert
744 2049 938 2087 Parmeno
967 2046 1244 2099 jusjurandum
1284 2046 1345 2084 isti
1376 2046 1424 2084 de
1454 2046 1689 2097 quibusdam

215 2113 464 2153 criminibus:
505 2112 544 2149 id
577 2112 648 2150 iste
681 2111 834 2162 accipit,
864 2116 1006 2162 pactus
1032 2109 1190 2160 insuper
1218 2109 1334 2147 etiam
1365 2109 1584 2159 pecuniam,
1618 2109 1690 2146 nisi

211 2175 487 2228 jusjurandum
520 2173 618 2212 illud
651 2173 841 2220 dedisset.
899 2172 958 2210 Ac
979 2177 1025 2209 ut
1050 2183 1114 2209 me
1133 2184 1223 2209 vera
1242 2170 1372 2209 dicere
1399 2177 1566 2216 constet,
1594 2183 1690 2222 cape

217 2237 309 2275 mihi
335 2235 611 2292 testimonium.

754 2375 1163 2416 TESTIMONIUM.

217 2485 390 2536 Accepto
407 2483 525 2535 igitur
539 2481 808 2535 jurejurando,
827 2480 934 2519 haud
965 2479 1124 2531 ignarus
1152 2479 1295 2517 multos
1319 2479 1391 2517 sibi
1418 2479 1449 2517 si
1481 2479 1689 2531 pejerasset

216 2546 297 2585 fore
318 2546 514 2591 conscios,
537 2544 588 2584 ad.
611 2544 821 2596 jurandum
841 2548 985 2594 praesto
1009 2555 1088 2580 non
1117 2541 1218 2579 fuit:
1249 2541 1318 2579 sed
1338 2548 1523 2592 tanquam
1541 2541 1689 2592 judicio

215 2609 416 2648 soluturus
443 2605 732 2659 jusjurandum,
761 2604 1011 2643 Parmenonti
1045 2603 1149 2641 diem
1183 2602 1292 2642 dicit.
1352 2603 1529 2641 Instante
1562 2609 1688 2641 autem

218 2671 274 2709 eis
307 2669 469 2722 judicio,
507 2667 666 2706 adducti
698 2666 745 2705 ab
775 2665 820 2703 iis
850 2666 915 2716 qui
938 2664 1115 2711 aderant,
1146 2663 1196 2702 ad
1231 2664 1554 2715 compromissum
1583 2663 1691 2701 veni-

219 2739 302 2770 unt:
322 2738 362 2769 et
380 2730 559 2783 pactione
578 2728 813 2780 conscripta,
834 2740 955 2765 unum
975 2726 1159 2765 arbitrum
1175 2725 1414 2771 Phocritum,
1432 2726 1555 2764 civem
1576 2738 1690 2763 suum

219 2793 472 2833 communiter
490 2792 681 2844 deligunt,
711 2791 773 2829 cui
802 2802 920 2827 unum
946 2795 1109 2840 uterque
1142 2788 1332 2834 attribuit,
1353 2788 1423 2825 iste
1454 2787 1689 2825 Aristoclem

225 2855 427 2902 OEensem,
443 2855 639 2893 Parmeno
656 2866 732 2891 me.
789 2852 929 2902 Itaque
949 2850 1049 2888 inter
1070 2864 1111 2889 se
1131 2850 1400 2902 paciscuntur,
1417 2862 1505 2900 quae
1521 2862 1592 2887 nos
1613 2856 1690 2887 tres

223 2917 274 2956 de
308 2916 503 2955 communi
534 2915 727 2955 sententia
754 2912 1107 2958 constituissemus,
1129 2925 1176 2950 ea
1196 2925 1237 2949 se
1264 2918 1348 2949 tata
1376 2909 1600 2948 habituros:
1632 2911 1691 2948 sin

224 2979 366 3028 minus,
384 2991 470 3030 quoe
503 2978 581 3018 duo
613 2976 892 3024 decrevissent,
912 2988 957 3014 ea
982 2973 1202 3014 necessario
1229 2973 1310 3012 fore
1341 2972 1553 3012 servanda..
1604 2972 1692 3011 Hac
