1981 3356
554 223 848 264 ADVERSUS
877 225 1289 266 PHORMIONEM.
1561 232 1639 269 533

180 326 286 367 mille
315 335 534 381 nongentas
559 330 722 382 viginti?
763 330 864 369 Cum
894 330 928 368 ei
959 330 1094 368 liceret
1116 329 1218 368 ultro
1248 329 1420 381 citroque
1449 332 1642 370 creditum

179 389 343 437 Athenis
372 391 537 432 reddere
569 399 788 444 argentum,
810 392 975 444 Bospori
995 391 1188 440 redderet,
1208 391 1393 431 tredecim
1419 393 1533 433 minis
1561 407 1642 433 am-

178 451 308 502 plius?

232 513 271 551 9.
303 514 414 554 Itane
432 514 476 553 iis
495 514 561 567 qui
579 515 645 554 illo
665 528 790 567 usque
817 521 1042 553 mutuarant
1071 515 1136 553 vix
1162 521 1308 554 sortem
1334 514 1550 564 reddidisti,
1576 518 1642 568 qui

178 580 219 613 et
238 576 468 628 navigarant
487 583 616 616 tecum
636 584 677 616 et
699 577 852 617 assidue
872 583 910 615 te
930 577 1145 628 urgebant:
1174 576 1266 616 huic
1284 590 1374 616 vero
1395 578 1545 616 absenti
1563 593 1641 618 non

177 636 294 675 modo
325 644 468 677 sortem
495 646 535 677 et
567 652 706 679 usuras
738 638 941 684 reddebas,
968 638 1037 676 sed
1063 638 1180 677 etiam
1201 639 1386 678 mulctam
1409 641 1642 691 syngraphae

175 697 401 750 inscriptam
420 699 683 752 dependebas,
703 701 811 740 nulla
837 706 1004 752 cogente
1024 700 1286 739 necessitate?
1326 701 1417 739 Illos
1437 714 1515 739 non
1534 715 1643 740 vere-

175 759 291 807 baris,
321 761 462 811 quibus
490 763 726 814 syngraphae
757 763 797 801 in
826 763 1001 813 Bosporo
1030 762 1155 800 mutui
1191 762 1436 801 exactionem
1471 763 1643 802 dabant:

177 820 282 859 hunc
301 835 458 861 curasse
477 829 515 861 te
544 824 656 870 dicis,
675 837 792 874 quem
812 825 861 861 ab
888 824 972 872 ipso
993 823 1088 870 lare,
1108 829 1152 861 ut
1170 823 1293 869 aiunt,
1313 823 1446 862 statim
1465 823 1642 870 fallebas‚

176 888 255 921 non
273 884 461 936 impositis
481 885 677 923 mercibus
701 885 742 922 in
759 896 898 921 navem
917 883 1024 934 quod
1043 884 1270 934 syngrapha
1290 884 1457 934 jubebat
1475 885 1642 939 Athenis

174 944 405 985 soluturus?
434 946 535 984 Cum
554 959 659 984 nunc
683 945 724 983 in
749 951 934 989 mercatu,
965 943 1031 982 ubi
1061 950 1289 982 contractus
1315 943 1443 983 factus
1463 952 1535 992 est,
1563 959 1643 985 non

177 1006 333 1046 dubites
370 1007 550 1046 fraudare
576 1007 832 1046 creditorem:
889 1005 1053 1057 Bospori
1079 1005 1191 1057 plura
1216 1012 1254 1044 te
1279 1006 1512 1057 praestitisse
1547 1007 1644 1048 dicis

178 1082 294 1120 quam
309 1069 373 1121 jus
391 1069 610 1121 postularit,
632 1069 697 1107 ubi
720 1081 860 1120 poenas
881 1068 1041 1106 daturus
1060 1080 1139 1105 non
1160 1067 1275 1106 eras?

235 1131 298 1168 10.
327 1130 428 1168 Cum
447 1130 584 1180 reliqui
611 1142 746 1168 omnes
773 1129 840 1180 qui
869 1130 970 1167 ultro
1001 1135 1230 1167 mutuantur
1252 1142 1274 1166 e
1301 1130 1537 1170 mercatibus
1566 1132 1645 1170 sol·

177 1198 327 1237 ventes,
345 1191 489 1229 multos
509 1191 717 1238 advocent,
736 1190 991 1229 testificantes
1018 1190 1226 1241 pecuniam
1246 1191 1420 1241 periculo
1445 1193 1647 1233 creditoris

177 1252 293 1292 vehi:
320 1259 362 1291 tu
382 1252 467 1304 ejus
486 1251 600 1291 unius
619 1252 840 1291 testimonio
858 1252 992 1291 niteris
1007 1251 1072 1303 qui
1092 1258 1152 1291 est
1168 1252 1237 1290 tibi
1256 1252 1387 1291 socius
1405 1253 1645 1304 injuriarum,

179 1328 252 1354 nec
269 1327 393 1366 puero
411 1321 544 1353 nostro
564 1314 736 1354 adhibito
756 1315 822 1367 qui
851 1314 1015 1366 Bospori
1041 1315 1197 1366 agebat,
1219 1327 1347 1366 neque
1375 1315 1496 1362 socio,
1521 1330 1649 1368 neque

180 1376 302 1415 literis
321 1375 485 1415 redditis
505 1389 603 1428 quas
624 1377 675 1415 ad
702 1390 769 1416 eos
797 1376 990 1424 dedimus,
1012 1377 1154 1428 quibus
1174 1377 1461 1425 continebatur,
1480 1385 1524 1416 ut
1541 1380 1651 1430 quic-

178 1437 274 1489 quid
294 1451 446 1489 ageres,
463 1438 742 1478 observarent?
771 1438 875 1484 Quid
891 1445 1034 1486 autem‚
1048 1439 1323 1486 Athenienses,
1342 1452 1420 1478 non
1435 1440 1581 1479 faceret
1599 1441 1648 1487 is,

180 1499 248 1551 qui
281 1507 465 1552 acceptas
492 1500 621 1539 literas
657 1513 736 1540 non
769 1500 824 1539 ita
857 1507 902 1538 ut
930 1507 1082 1538 rectum
1108 1507 1148 1539 et
1172 1514 1329 1552 aequum
1361 1508 1422 1540 est
1450 1501 1650 1541 reddidit?

181 1561 260 1605 Qui
290 1561 375 1613 ejus
406 1562 594 1600 malitiam
624 1576 671 1601 ex
705 1562 788 1601 istis
821 1562 936 1601 factis
971 1575 1049 1600 non
1075 1575 1315 1614 cognoscere
1345 1576 1425 1602 non
1454 1565 1651 1615 potestis?

181 1624 315 1676 Atqui,
345 1637 369 1664 0
394 1624 447 1663 dii
479 1625 744 1664 immortales!
782 1625 947 1664 decebat
966 1625 1099 1676 utique
1118 1632 1267 1664 tantum
1297 1626 1379 1664 auri
1403 1626 1649 1674 reddentem,

180 1693 222 1725 et
249 1685 340 1738 plus
371 1698 488 1736 quam
520 1686 710 1725 creditum
731 1687 874 1734 fuerat,
899 1687 1054 1725 celebre
1080 1687 1121 1725 id
1148 1688 1186 1725 in
1219 1694 1392 1726 mercatu
1420 1688 1651 1730 reddereet

181 1760 320 1787 omnes
339 1746 516 1785 homines
535 1745 741 1792 advocare,
758 1749 797 1785 in
816 1749 947 1800 primis
968 1754 1097 1784 autem
1118 1759 1280 1797 puerum
1298 1747 1414 1797 hujus
1435 1755 1475 1786 et
1487 1750 1649 1788 socium.

184 1811 333 1849 Omnes
366 1808 470 1848 enim
497 1807 674 1860 profecto
696 1809 835 1855 nostis,
865 1808 1032 1846 mutuari
1053 1807 1178 1846 solere
1211 1807 1304 1846 istos
1332 1821 1463 1847 coram
1489 1811 1651 1861 paucis:

181 1885 273 1912 cum
291 1870 474 1918 reddunt,
489 1869 634 1909 multos
654 1870 839 1908 adhibere
855 1876 990 1915 testes,
1008 1875 1053 1908 ut
1069 1869 1161 1907 boni
1179 1869 1249 1908 viri
1263 1883 1348 1909 esse
1367 1870 1406 1908 in
1419 1874 1652 1922 praestandis

183 1933 309 1986 pactis
328 1938 368 1971 et
386 1932 588 1971 conventis
609 1930 826 1970 videantur.
883 1929 971 1968 Tibi
992 1939 1083 1969 vero
1110 1930 1178 1982 qui
1210 1937 1251 1970 et
1268 1938 1446 1970 mutuum
1467 1941 1505 1972 et
1524 1941 1651 1975 utras-

182 2008 261 2047 que
279 2006 415 2033 usuras
436 1993 637 2040 redderes,
657 1998 821 2044 argento
840 1991 942 2031 ultro
970 1998 1124 2031 tantum
1150 2006 1258 2040 usus,
1282 2001 1323 2032 et
1347 1994 1444 2033 alias
1462 1996 1650 2036 tredecim

184 2056 310 2095 minas
340 2055 540 2105 adjiceres,
567 2068 646 2093 non
679 2054 791 2093 multi
819 2054 930 2092 fuere
965 2061 1087 2093 testes
1124 2055 1366 2094 adhibendi?
1414 2057 1503 2102 Quo
1535 2059 1652 2108 facto,

185 2130 301 2157 nemo
317 2117 579 2169 navigantium
599 2118 744 2168 majore
760 2116 801 2154 in
819 2116 1074 2155 admiratione
1090 2117 1240 2156 fuisset.
1279 2118 1339 2155 Tu
1355 2125 1484 2158 autem
1505 2121 1652 2160 nedum

184 2179 330 2218 multos
361 2178 487 2218 fecisti
518 2185 652 2226 testes,
687 2179 768 2225 sed,
800 2185 988 2230 tanquam
1022 2178 1200 2227 injuriam
1231 2179 1395 2226 faceres,
1427 2181 1482 2220 sic
1515 2195 1652 2223 omnes

183 2241 361 2280 homines
379 2241 502 2280 latere
522 2240 718 2279 studuisti.
775 2240 894 2284 Quod
919 2240 949 2278 si
979 2240 1084 2286 mihi,
1105 2240 1172 2291 qui
1191 2248 1328 2280 mutuo
1347 2241 1544 2289 dederam,
1565 2246 1653 2284 red-

185 2302 369 2350 didisses,
394 2300 489 2340 nihil
519 2314 616 2353 opus
650 2301 788 2340 fuisset
821 2301 1002 2349 testibus,
1034 2302 1189 2340 sublata
1221 2303 1323 2340 enim
1357 2306 1582 2358 syngrapha
1614 2316 1653 2347 te

186 2365 292 2404 omni
310 2370 513 2403 contractu
531 2364 757 2402 liberassem
774 2376 783 2401 ε
813 2376 917 2402 nunc
937 2363 1043 2402 haud
1063 2363 1155 2402 mihi
1175 2364 1246 2402 sed
1266 2365 1375 2403 alteri
1395 2379 1465 2417 pro
1484 2381 1545 2406 me
1566 2369 1653 2408 red-

185 2426 333 2472 didisti,
353 2439 427 2465 nec
446 2426 624 2472 Athenis,
645 2426 714 2464 sed
746 2425 927 2477 Bospori,
960 2438 1048 2464 cum
1071 2432 1111 2464 et
1136 2426 1360 2478 syngrapha
1388 2428 1481 2466 mihi
1510 2430 1579 2468 abs
1615 2438 1652 2470 te

187 2489 282 2528 data
301 2487 470 2527 Athenis
501 2488 576 2526 sita
592 2494 711 2534 esset,
741 2494 782 2527 et
808 2488 852 2535 is,
873 2488 935 2526 cui
954 2500 1091 2526 aurum
1118 2488 1326 2535 reddebas,
1352 2495 1391 2527 et
1417 2491 1588 2529 mortalis
1615 2499 1652 2530 et

187 2557 341 2591 tantum
370 2550 536 2602 pelagus
569 2551 799 2602 trajecturus
827 2556 944 2596 esset,
964 2555 1105 2588 testem
1135 2549 1344 2589 adhibuisti
1363 2552 1570 2600 neminem,
1590 2554 1651 2594 vel

189 2625 346 2653 servum
363 2611 425 2651 vel
444 2611 671 2663 ingenuum.

246 2676 310 2714 ll.
340 2673 393 2712 At
419 2672 522 2712 enim
555 2673 793 2725 syngrapha,
823 2672 959 2724 inquit,
979 2685 1039 2711 me
1074 2672 1312 2712 naviculario
1325 2673 1490 2726 jubebat
1516 2688 1650 2715 aurum

189 2736 365 2775 reddere.
421 2734 502 2774 Sed
532 2734 669 2773 eadem
698 2741 737 2773 te
761 2747 834 2774 nec
859 2741 981 2774 testes
1002 2735 1207 2783 advocare,
1228 2749 1300 2774 nec
1331 2735 1462 2774 literas
1488 2737 1652 2779 reddere

189 2797 433 2848 prohibebat.
491 2797 593 2835 Cum
611 2796 651 2834 hi
670 2796 766 2835 duas
781 2797 1020 2849 syngraphas
1039 2804 1168 2836 tecum
1189 2797 1351 2837 fecerint
1367 2798 1414 2836 de
1435 2806 1651 2849 contractu,

191 2864 235 2896 ut
261 2859 327 2910 qui
352 2859 420 2898 tibi
448 2859 614 2898 maxime
633 2858 877 2898 diffiderent:
908 2865 950 2897 tu
971 2859 1076 2899 solus
1102 2860 1175 2899 soli
1194 2866 1231 2899 tc
1251 2859 1488 2899 naviculario
1516 2874 1651 2901 aurum

192 2918 347 2960 dedisse
370 2921 480 2969 dicis,
497 2922 675 2973 quamvis
697 2922 815 2962 scires
834 2921 998 2962 Athenis
1025 2930 1159 2963 contra
1179 2929 1216 2962 tc
1235 2923 1441 2974 repositam
1457 2937 1540 2964 esse
1562 2939 1652 2976 syn-
