1948 3306
306 155 388 193 784
776 154 1007 194 CONTRA
1038 152 1299 193 NEAERAM.

608 260 786 289 Graecorum
800 260 910 290 ductor
928 259 1038 290 Medos
1055 258 1107 289 ubi
1124 257 1261 298 perdidit
1277 257 1381 287 hostes

608 310 787 347 Pausanias,
805 311 919 340 l’hoebo
932 310 1056 340 dedicat
1071 311 1127 340 hoc
1141 309 1286 349 spolium,

306 384 466 436 perinde
499 398 544 424 ac
580 385 611 424 si
642 387 760 439 ipsius
787 394 891 426 esset
917 387 955 425 id
980 386 1134 425 facinus
1156 392 1195 424 et
1214 383 1431 438 donarium,
1459 395 1538 420 non
1561 393 1767 420 commune

307 447 511 486 sociorum.
570 449 681 487 Iratis
712 456 840 487 autem
860 463 907 487 ea
935 449 983 487 de
1008 463 1047 487 re
1077 448 1239 493 Graecis,
1261 447 1499 485 Plataeenses
1520 443 1768 482 Laeed'aemo-

307 509 391 547 nios
411 510 514 561 apud
534 510 840 562 Amphictyonas
863 518 1051 549 accusant
1069 509 1224 549 nomine
1244 509 1446 554 sociorum,
1466 513 1504 545 et
1524 505 1628 544 mille
1644 504 1767 543 talen-

307 577 389 609 tum
409 572 592 611 mulctam
614 574 661 610 ab
694 573 747 611 eis
772 579 925 624 petunt,
944 573 1137 624 erasisque
1157 572 1369 618 versiculis,
1398 569 1605 609 inscribere
1625 573 1771 619 eogunt-
1793 619 1797 622 p

308 633 423 671 urbes
450 648 537 684 qnae
572 636 683 672 rebus
718 635 837 686 gestis
870 634 1146 678 interfuerant;
1178 647 1256 685 qua
1286 647 1325 672 re
1350 632 1412 671 vel
1445 632 1484 670 in
1518 631 1649 684 primis
1680 629 1772 667 odia
1810 634 1814 644 “

309 694 696 734 Lacedaemoniorum
718 704 989 748 susceperunt,
1008 697 1203 748 regiaeque
1223 695 1391 734 familiae.
1432 695 1487 733 Ac
1509 694 1547 732 in
1566 692 1774 745 praesentia

309 770 386 795 non
406 758 649 808 reperiebant
676 758 955 797 Lacedaemonii
985 772 1062 810 quo
1089 764 1205 810 pacto
1235 771 1302 797 eos
1329 758 1633 796 ulciscerentur:
1664 754 1774 792 annis

308 825 438 857 autem
458 826 546 871 post
562 820 711 858 circiter
731 820 1027 872 quinquaginta,
1049 819 1309 858 Archidamus
1331 817 1553 857 Zeuxidami
1575 817 1633 864 F„
1653 815 1773 854 Lacc-

309 881 589 920 daemoniorum
609 895 690 928 rex,
711 890 886 933 tempore
916 882 1036 934 pacis,
1057 895 1190 920 eorum
1215 882 1309 919 urbe
1328 879 1441 932 potiri
1461 878 1639 924 instituit,
1657 877 1774 928 idque

309 956 377 994 per
396 942 626 981 Thebanum
659 943 950 996 Eurymachum
982 944 1206 982 Leontiadae
1237 943 1281 982 F.
1308 942 1542 980 Boeotiorum
1561 940 1775 992 principem

310 1011 371 1043 est
393 1012 573 1052 conatus,
593 1019 711 1057 quum
732 1013 852 1044 noctu
871 1013 1003 1058 portas
1024 1005 1252 1052 Nauclides,
1273 1010 1312 1044 et
1341 1004 1404 1043 alii
1426 1003 1584 1054 quidam
1603 1000 1775 1052 corrupti

312 1063 598 1118 largitionibus,
626 1068 881 1120 aperuissent.
938 1067 1198 1115 Plataeenses,
1218 1067 1390 1120 cognito,
1410 1066 1517 1104 intra·
1530 1064 1674 1103 moenia
1692 1076 1778 1102 esse

310 1127 531 1177 Thebanos,
560 1142 607 1168 ac
639 1143 749 1167 suam
769 1131 905 1168 urbem
925 1138 1100 1181 tempore
1119 1131 1225 1181 pacis
1247 1142 1294 1168 ex
1313 1127 1709 1180 improviso-captam,
1739 1129 1779 1163 et

311 1189 390 1240 ipsi·
404 1190 453 1228 ad
474 1203 580 1229 arma
599 1197 850 1237 concurrunt,
873 1199 913 1230 et
939 1192 1061 1230 aciem
1092 1193 1300 1230 instruunt.
1360 1191 1436 1229 Ubi
1463 1189 1613 1236 diluxit,
1633 1194 1673 1227 et
1698 1196 1781 1225 non*

311 1251 456 1290 multos
483 1265 570 1291 esse
601 1253 807 1292 Thebanos
831 1253 977 1301 vident,
999 1254 1066 1292 sed
1095 1254 1280 1305 primores
1309 1265 1443 1291 eorum
1466 1250 1780 1302 ingressos—in-

311 1326 409 1364 gens
449 1314 549 1352 enim
585 1314 717 1360 delata
743 1321 861 1352 noctu
891 1314 1023 1366 pluvia
1050 1315 1299 1366 prohibuerat
1326 1328 1406 1361 eos,
1433 1327 1482 1352 ne
1507 1326 1642 1352 omnes
1662 1312 1780 1350 intra-

312 1382 414 1421 rent,
437 1389 513 1427 qua
531 1376 677 1414 fluvius
693 1377 847 1428 Asopus
868 1384 1007 1415 auctus
1025 1377 1258 1423 exundabat,
1279 1375 1529 1415 nec'transiri·
1541 1375 1655 1427 facile
1670 1380 1780 1425 pote-

312 1442 524 1485 rat,·noctu
550 1438 889 1489 praesertim—,ut
909 1438 1039 1490 igitur,
1060 1438 1232 1490 inquam,
1254 1438 1492 1476 Plataeenses
1521 1437 1561 1474 in
1587 1437 1681 1475 urbe
1711 1449 1782 1474 sua

311 1499 521 1537 Thebanos
540 1499 733 1546 viderunt,
753 1512 827 1538 nec
861 1500 998 1538 adesse
1033 1512 1169 1538 omnes
1199 1505 1480 1551 cognoverunt,
1500 1498 1784 1550 aggrediuntur

314 1560 415 1607 illos,
448 1559 734 1612 commissoque
762 1560 898 1613 praelio
932 1568 1129 1613 superant,
1152 1568 1192 1600 et
1224 1560 1387 1599 caedunt·
1411 1561 1640 1612 priusquam·
1665 1558 1784 1598 ceteri

313 1635 429 1674 opem
449 1622 548 1660 ferre
567 1628 742 1673 possent,
761 1628 802 1660 et
819 1622 949 1661 statim
969 1622 1090 1661 misso
1111 1622 1161 1661 ad
1187 1635 1260 1661 nos
1279 1621 1436 1669 nuncio,
1456 1621 1679 1673 significant
1704 1627 1784 1659 rem

314 1690 481 1735 gestam,
509 1697 699 1736 suamque
718 1684 933 1732 victoriam,
952 1690 993 1723 et
1020 1684 1204 1722 auxilium
1222 1689 1374 1736 petunt,
1395 1683 1427 1723 si
1448 1683 1629 1722 Thebani
1647 1695 1791 1738 agrum

315 1746 485 1798 ipsorum
505 1753 717 1786 vastarent.
774 1747 877 1785 Tum
895 1746 1170 1792 Athenienses,
1194 1759 1234 1785 re
1250 1746 1423 1798 cognita,
1444 1745 1622 1785 celeriter
1641 1744 1788 1784 auxilia

316 1807 486 1847 Plataeas
507 1808 678 1848 mittunt.
735 1807 847 1853 Quos
877 1822 966 1847 cum
985 1808 1171 1847 vidissent
1197 1808 1373 1847 Thebani
1401 1821 1516 1860 opem
1539 1807 1674 1845 tulisse
1694 1806 1786 1844 Pla-

316 1870 539 1917 taeensibus,
579 1870 739 1909 domum
771 1870 981 1909 redierunt.
1056 1871 1111 1908 Ut
1136 1870 1254 1922 igitur
1287 1869 1461 1908 Thebani
1491 1868 1664 1908 frustrati
1695 1874 1788 1907 sunt

316 1938 459 1970 conatu
479 1944 563 1978 suo,
584 1938 623 1969 et
644 1931 893 1977 Plataeenses‚
916 1945 1015 1983 quos
1043 1931 1214 1970 hostium
1242 1931 1280 1969 in
1305 1930 1438 1983 praelio
1457 1929 1566 1969 vivos
1585 1936 1785 1983 ceperant,

316 1994 560 2040 occiderunt,
579 1993 665 2031 irati
697 1993 997 2039 Lacedaemonii,
1011 1996 1095 2043 jam
1116 1993 1199 2032 sine
1221 1993 1298 2032 ullo
1318 1999 1513 2045 praetextu
1532 1992 1700 2031 Plataeas
1719 2005 1788 2044 op*

318 2056 538 2108 pugnaturi,
565 2055 929 2107 Peloponnensibus
957 2056 1148 2102 omnibus,
1175 2061 1315 2107 praeter
1342 2055 1523 2107 Argivos,
1553 2054 1726 2103 edicunt,
1744 2060 1790 2092 ut

318 2118 430 2157 binas
461 2124 594 2171 partes
627 2118 827 2170 copiarum
848 2131 870 2157 e
899 2118 1061 2170 singulis
1089 2118 1248 2156 urbibus
1280 2117 1491 2174 mitterent,
1511 2117 1673 2156 Boeotiis
1697 2122 1788 2156 vero

319 2180 458 2219 ceteris
473 2180 677 2227 universis,
694 2186 736 2218 et
755 2180 1033 2228 Locrensibus,
1046 2179 1329 2228 Phocensibus‚
1347 2180 1621 2226 Maliensibus,
1635 2179 1787 2226 OEtaeis‚

319 2249 360 2282 et
378 2243 610 2282 AEnianibus
625 2242 879 2291 denunciant,
899 2249 944 2281 ut
962 2255 1097 2282 omnes
1118 2243 1158 2280 in
1184 2241 1300 2281 armis
1322 2242 1518 2281 adessent.
1577 2241 1640 2280 Sic
1655 2254 1790 2280 eorum

319 2318 473 2343 murum
504 2304 653 2357 ingenti
682 2305 856 2344 exercitu
884 2304 1229 2351 circumsedentes,
1260 2304 1574 2350 sciscitabantur,
1601 2315 1696 2341 num
1725 2315 1791 2341 ur-

320 2367 410 2405 bem
429 2365 572 2406 dedere
591 2367 753 2415 vellent‚
773 2380 910 2419 agr-um
932 2373 1062 2406 autem
1082 2373 1227 2413 tenere,
1243 2372 1284 2404 et
1301 2365 1376 2404 frui
1397 2365 1476 2404 suis
1496 2366 1649 2417 opibus,
1663 2364 1791 2404 socie-

321 2435 402 2468 tate
421 2429 719 2468 Atheniensium
747 2429 915 2469 deserta.
973 2429 1092 2474 Quod
1118 2441 1208 2468 curn
1235 2428 1474 2467 Plataeenses
1492 2432 1731 2474 recusarent&
1751 2433 1791 2466 et

322 2491 405 2530 sine
427 2492 657 2531 auctoritate
677 2491 972 2530 Atheniensium
993 2492 1201 2542 quicquam
1222 2503 1263 2528 se
1283 2490 1454 2529 facturos
1480 2502 1567 2528 esse
1586 2495 1791 2540 negarent,
1832 2528 1834 2530 ,

323 2554 562 2593 obsederunt
576 2568 644 2593 eos
657 2554 902 2600 decennium,
923 2553 1067 2605 duplici
1083 2566 1192 2591 muro
1210 2553 1453 2599 circundato,
1471 2565 1545 2591 nec
1559 2551 1792 2591 intentatum

324 2616 534 2667 quicquam
555 2616 807 2668 reliquerunt.
865 2616 965 2655 Cum
985 2628 1074 2654 vero
1101 2614 1193 2654 fessi
1213 2614 1325 2654 malis
1345 2614 1599 2660 Plataeenses,
1618 2607 1791 2652 omnium

323 2691 450 2717 rerum
483 2679 648 2730 penuria
674 2685 953 2730 premerentur,
986 2678 1193 2730 desperata
1221 2677 1360 2722 salute,
1394 2676 1594 2715 sortitione
1625 2675 1723 2714 inter
1752 2688 1794 2714 se

325 2741 442 2787 facta,
479 2741 543 2779 alii
579 2747 862 2787 remanserunt,
903 2740 1148 2779 obsidionem
1183 2739 1407 2778 toleraturi:
1457 2738 1522 2776 alii
1566 2744 1799 2790 exspectata

327 2810 455 2849 nocte,
476 2809 516 2841 et
535 2803 678 2855 pluvia,
699 2811 739 2842 et
765 2816 907 2854 magno
935 2809 1065 2849 vento,
1088 2802 1236 2854 egressi
1257 2802 1365 2847 urbe,
1383 2801 1555 2840 hostium
1581 2800 1794 2839 munitione

327 2872 522 2915 superata,
541 2865 706 2918 decepto
736 2865 923 2914 exercitu,
938 2864 1128 2918 jugulatis
1159 2864 1402 2910 custodibus,
1429 2863 1636 2903 miserabili
1661 2862 1795 2902 habitu

328 2927 557 2977 perveniunt
574 2927 651 2966 huc
681 2935 722 2966 et
740 2927 966 2980 inopinato:
998 2927 1148 2978 reliqui,
1167 2927 1208 2967 v'r
1233 2932 1350 2979 capta
1379 2927 1486 2974 urbe,
1514 2937 1650 2965 omnes
1677 2924 1794 2964 inter*
