1965 3356
171 423 580 467 ARGUMENTUM
610 425 909 465 ORATIONIS
940 424 1230 464 ADVERSUS
1261 424 1607 465 PHAENIPPUM

601 490 675 529 DE
711 489 1171 528 PERMUTATIONE.

190 581 283 612 ,ΗΕΘ
301 582 398 612 oratio
414 593 472 613 non
489 584 622 613 refertur
647 594 665 613 a
690 584 840 614 nonnullis
864 584 902 614 ad
926 584 1185 613 Demosthenem:
1207 587 1418 622 argumentum
1437 585 1537 611 autem
1562 581 1622 611 tale

156 632 260 664 habet.
281 634 356 664 Erat
371 634 480 665 classis
498 636 577 675 apud
594 636 800 666 Athenienses
814 639 1019 666 trecentorum
1034 635 1181 670 virorum,
1195 634 1224 664 in
1241 644 1330 673 quam
1346 633 1491 663 ditissimi
1508 632 1622 672 quique

155 684 219 725 legi
248 684 332 715 soliti
353 696 445 716 onera
460 687 603 727 graviora
619 687 829 718 sustinebant:
856 687 909 717 lex
930 691 1031 717 autem
1058 686 1255 726 permittebat
1271 685 1299 715 ei
1317 685 1369 724 qui
1387 689 1529 724 sumptus
1546 683 1623 712 tole-

155 747 224 766 rare
246 747 304 767 non
318 742 425 776 posset
440 749 476 768 ea
491 739 589 769 classe
606 739 770 776 excedere,
789 739 814 769 si
830 749 919 780 quem
938 750 970 769 se
986 738 1220 778 locupletiorem
1239 741 1395 767 vacantem
1412 734 1601 765 ostendisset
1617 745 1625 770 ;

155 787 238 827 quod
255 787 281 818 si
297 788 324 818 is
339 788 391 828 qui
407 789 624 828 designabatur
641 801 674 820 se
691 791 833 821 ditiorem
851 801 919 820 esse
936 790 1098 826 fatebatur,
1113 783 1316 819 in‘trecentos
1341 787 1467 817 alterius
1491 786 1559 815 loco
1576 796 1623 815 re-

152 839 318 875 ferebatur,
340 841 387 870 sin
412 841 553 881 negabat,
574 842 788 881 permutabant
811 842 891 872 inter
914 852 946 872 se
970 841 1143 871 facultates
1189 842 1276 871 Nunc
1297 840 1394 880 igitur
1417 842 1621 868 trecentorum

154 900 245 926 nnus,
260 901 293 920 se
309 890 491 922 exhaustum
513 897 545 923 et
567 903 733 933 pauperem
751 904 820 924 esse
837 904 1042 933 conquerens,
1057 894 1259 933 Phaenippum
1283 891 1411 922 invadit.
1458 890 1562 926 Quare
1584 889 1622 918 ad

153 951 248 982 opum
267 939 521 982 permutationem
535 945 672 975 veniunt.
705 948 840 976 Accusat
855 951 956 976 autem
975 946 1192 985 Phaenippum,
1206 949 1239 976 ut
1247 945 1299 984 qui
1313 955 1370 975 neo
1380 942 1623 982 descriptionem

153 993 199 1023 rei
212 994 371 1025 familiaris
386 995 524 1035 legitimo
541 1002 680 1037 tempore
695 999 828 1034 dederit,
845 999 900 1029 sed
917 999 1015 1029 multo
1031 1003 1114 1038 post,
1129 1003 1160 1028 et
1172 998 1261 1038 signa
1273 998 1310 1028 ab
1323 997 1441 1027 aedibus
1459 995 1623 1026 abstulerit

153 1048 188 1074 ut
202 1045 340 1084 quaedam
363 1057 431 1086 quae
456 1047 540 1079 intus
563 1048 677 1080 suerint
694 1050 888 1087 distraheret,
905 1054 935 1080 et
955 1060 987 1082 se
1004 1049 1125 1080 cuidam
1142 1050 1271 1080 multum
1289 1049 1366 1079 falso
1385 1047 1552 1089 postulanti
1569 1047 1623 1076 de-

154 1095 227 1127 bere
243 1095 377 1128 simulet.

509 1410 1256 1466 DEMOSTHENIS

371 1524 806 1613 ADVERSUS
866 1565 1395 1613 PHAENIPPUM

386 1723 391 1728 ·
410 1705 497 1747 DE
530 1705 1053 1748 PERMUTATIONE
1096 1706 1358 1748 ORATIO.

206 1823 240 1859 1.
270 1821 351 1859 D11
384 1822 646 1868 benefaciant,
679 1822 867 1867 Judices,
889 1821 1053 1871 primum
1088 1822 1197 1859 vobis
1244 1821 1437 1866 omnibus,
1478 1821 1618 1860 deinde
1657 1850 1660 1854 -

147 1883 263 1923 etiam
297 1883 429 1922 Soloni
462 1884 527 1936 qui
560 1884 687 1935 legem
718 1884 809 1922 tulit
831 1883 880 1921 de
912 1883 1276 1934 permutationibus.
1336 1883 1420 1921 Nisi
1452 1884 1552 1921 enim
1584 1884 1617 1922 is

147 1954 280 1999 aperte
298 1947 409 1985 nobis
430 1947 679 1999 explicasset,
698 1946 791 1998 quid
811 1946 976 1999 primum
1003 1959 1069 1984 eos
1089 1946 1155 1998 qui
1182 1952 1472 1998 permutassent
1490 1945 1620 1983 facere

146 2016 354 2062 oporteret,
374 2010 466 2061 quid
487 2010 659 2049 secundo
677 2009 776 2057 loco,
793 2016 1015 2059 caeteraque
1035 2009 1218 2061 deinceps
1239 2008 1384 2055 ordine,
1398 2009 1505 2046 haud
1525 2009 1618 2055 scio,

146 2086 225 2125 quo
244 2072 404 2112 tandem
427 2086 635 2124 progressa
661 2078 767 2111 esset
789 2071 993 2123 Phaenippi
1014 2070 1191 2110 audacia.
1250 2071 1381 2116 Quum
1401 2084 1518 2116 nunc,
1546 2070 1618 2108 etsi

147 2135 212 2174 lex
239 2147 286 2174 ea
311 2135 424 2173 nobis
454 2135 574 2174 edicit
602 2135 746 2182 omnia,
765 2141 896 2173 tamen
922 2135 1011 2184 jura
1035 2134 1074 2171 in
1105 2146 1151 2172 ea
1181 2133 1395 2185 perscripta
1427 2133 1616 2184 negligat.

148 2198 251 2236 Nam
271 2211 360 2237 curn
379 2196 481 2236 intra
498 2198 667 2236 triduum
687 2211 734 2236 ex
753 2210 831 2248 quo
845 2197 994 2249 jurarat
1011 2196 1314 2234 declarationem
1331 2196 1384 2234 rei
1406 2209 1487 2233 suae
1507 2195 1617 2233 fami-

147 2259 250 2298 liaris
268 2261 360 2300 mihi
380 2275 427 2300 ex
447 2261 534 2312 lege
562 2260 654 2299 dare
677 2259 891 2303 debuisset,
911 2266 991 2305 aut,
1021 2259 1053 2296 si
1081 2266 1162 2296 tum
1190 2258 1324 2305 nollet,
1347 2264 1458 2296 sexto
1477 2257 1613 2296 saltem

146 2323 291 2361 mensis
310 2324 466 2362 Sextilis
494 2323 568 2369 die,
588 2335 704 2373 quem
730 2321 912 2373 precibus
937 2334 959 2359 a
989 2334 1049 2358 me
1081 2320 1318 2372 impetrarat,
1344 2327 1382 2358 et
1415 2320 1466 2358 ad
1498 2333 1614 2370 quem

145 2385 372 2437 promiserat
401 2399 442 2424 se
472 2386 654 2424 daturum
686 2383 1004 2429 declarationem,
1024 2390 1204 2422 neutrum
1233 2383 1372 2420 horum
1402 2382 1507 2427 fecit,
1531 2383 1614 2428 sed,

144 2449 380 2500 contemptis
398 2448 571 2499 utrisque
591 2456 632 2487 et
651 2447 759 2485 vobis
780 2452 820 2484 et
839 2446 942 2498 lege,
964 2446 1087 2484 altero
1107 2459 1239 2484 mense
1269 2444 1390 2491 dedit,
1412 2445 1531 2483 biduo
1549 2452 1617 2482 aut

145 2510 273 2548 triduo
293 2517 384 2549 ante
397 2510 535 2560 judicii
552 2510 792 2562 ingressum3
811 2509 961 2560 reliquo
978 2509 1082 2546 omni
1102 2515 1277 2559 tempore
1297 2507 1472 2546 delituit:
1495 2520 1614 2558 quum

144 2570 236 2611 item
253 2571 366 2624 signa
385 2573 540 2620 aedium,
560 2586 648 2624 quae
668 2585 744 2623 ego
760 2584 1034 2623 apposueram,
1048 2570 1304 2622 relinquenda
1324 2576 1471 2616 essent,
1486 2582 1614 2620 egres-

147 2646 212 2672 sus
242 2634 279 2672 in
310 2648 447 2686 agrum
479 2635 641 2687 aperuit,
681 2640 720 2672 et
753 2633 940 2672 hordeum
971 2641 1010 2671 et
1038 2632 1186 2684 reliqua
1215 2632 1368 2679 extulit,
1397 2631 1506 2682 quasi
1543 2644 1611 2682 po-

144 2700 326 2735 testatem
345 2696 382 2736 ei
401 2696 576 2736 dedisset
591 2696 652 2734 lex
668 2695 834 2734 faciendi
854 2694 1041 2747 quicquid
1061 2694 1225 2740 libitum,
1245 2707 1323 2732 non
1343 2694 1448 2744 quod
1463 2693 1613 2743 justum

147 2764 263 2797 esset.

200 2821 239 2858 2.
270 2821 355 2874 Ego
367 2835 472 2870 vero,
492 2823 669 2867 Judices,
685 2820 852 2859 maxime
872 2819 1036 2872 optarim
1056 2833 1117 2858 me
1137 2818 1272 2857 florere
1292 2819 1430 2870 opibus
1450 2824 1493 2856 ut
1509 2818 1613 2865 olim,

147 2887 188 2920 et
205 2895 362 2922 manere
384 2897 500 2936 posse
528 2885 568 2922 in
597 2890 858 2923 trecentorum
882 2895 1068 2920 numero:
1098 2881 1283 2933 quoniam
1313 2888 1444 2918 autem
1474 2881 1613 2932 partim

146 2947 364 2984 communis
379 2946 608 2985 calamitatis
625 2959 713 2985 cum
729 2946 774 2984 iis
791 2946 857 2996 qui
876 2959 896 2983 e
916 2944 1058 2983 fodinis
1074 2951 1269 2996 quaestum
1285 2942 1434 2981 faciunt
1452 2942 1505 2980 fui
1526 2955 1614 2994 par-

146 3005 283 3059 ticeps,
301 3008 439 3060 partim
468 3009 620 3060 magnis
644 3007 885 3046 detrimentis
914 3005 1093 3052 affectus,
1113 3008 1306 3055 jacturam
1326 3005 1399 3043 feci
1424 3004 1475 3043 rei
1504 3004 1614 3042 farni-
