1915 3356
551 188 803 228 EXORDIA
831 187 1183 227 CONCIONUM.
1518 187 1590 223 821

146 292 187 331 id
215 291 324 331 aliter
342 292 516 330 fortassis
536 293 730 338 ceciderit,
757 291 852 330 nihil
880 292 1033 329 mallem
1051 304 1169 341 quam
1198 304 1222 328 a
1252 303 1313 329 me
1343 289 1479 328 saltem
1508 302 1596 328 esse

145 353 260 392 dicta.
297 353 372 391 Est
386 361 526 401 autem,
539 363 582 392 ut
600 355 765 401 videtur,
784 366 861 391 non
877 353 998 390 solum
1018 351 1123 404 apud
1141 365 1210 390 vos
1231 365 1278 390 ea
1297 351 1424 390 dicere
1439 350 1597 389 difficile

145 427 233 464 quae
253 414 328 452 dici
347 415 503 462 debent,
523 416 591 454 sed
611 415 725 454 etiam
745 427 833 452 cum
853 414 980 451 animo
998 426 1068 451 suo
1088 414 1322 464 cogitantem
1341 426 1388 450 ea
1413 412 1595 451 invenire.

146 475 262 519 Quod
282 477 336 514 sic
353 477 517 528 intelligi
538 483 677 528 potest,
697 476 728 514 si
754 475 839 526 quis
860 488 938 512 non
957 477 1074 513 verba
1100 488 1183 521 vos,
1205 474 1272 511 sed
1295 488 1355 511 res
1385 474 1424 511 in
1456 475 1595 525 quibus

144 537 236 575 estis
255 537 495 576 considerare
516 544 638 589 putet,
660 550 705 575 ac
735 536 859 587 majus
889 536 1059 574 studium
1087 535 1269 574 adhibeat
1299 541 1343 572 ut
1371 535 1428 572 vir
1457 536 1594 583 bonus,

143 610 260 648 quam
279 606 322 637 ut
341 607 468 638 orator
494 600 714 644 vehemens,
733 598 922 636 videatur.
980 597 1077 635 Mihi
1106 597 1320 636 certe—ita
1338 609 1399 634 me
1424 596 1475 633 dii
1494 598 1593 636 bene

142 667 337 706 ament—‚
376 661 423 699 de
453 662 566 699 rebus
595 661 654 699 his
687 661 855 711 cogitare
885 659 1115 705 instituenti,
1144 660 1266 697 multa
1285 671 1372 708 quae
1390 671 1459 695 vos
1489 658 1594 697 haud

142 721 249 758 inviti
272 722 437 759 audituri
467 723 604 760 essetis
634 723 671 760 in
704 730 869 760 mentem
900 722 1120 760 veniebant.
1176 721 1280 758 Nam
1300 728 1338 758 et
1357 720 1403 758 de
1423 733 1469 758 eo
1490 720 1594 771 quod

133 780 339 832 justissimi
364 783 590 822 Graecorum
612 784 710 831 sitis,
738 784 892 835 copiose
913 797 1027 835 posse
1048 783 1125 821 dici
1145 789 1185 821 et
1201 782 1380 820 videbam
1405 788 1445 820 et
1467 782 1593 829 video,

139 848 180 880 et
198 844 522 894 praestantissimis
549 845 744 884 natalibus
774 845 937 892 oriundi,
958 854 996 883 et
1020 845 1142 883 multa
1176 848 1258 894 ejus
1291 845 1457 895 generis,
1515 843 1592 882 Sed

139 916 187 942 ea
205 905 392 957 tantisper
409 907 650 946 oblectatura
678 907 771 945 dum
790 907 1025 954 audirentur,
1056 913 1142 958 post
1164 907 1346 958 peritura.
1405 905 1593 956 Oportere

139 973 267 1005 autem
285 976 329 1006 ut
347 975 474 1008 orator
500 969 662 1021 alicujus
683 969 844 1008 actionis
865 982 1001 1008 suasor
1019 976 1215 1021 appareat,
1234 974 1391 1020 propter
1410 980 1526 1018 quam
1552 967 1592 1006 in

138 1036 336 1081 posterum
367 1031 482 1070 etiam
516 1032 644 1083 ali-quo
672 1033 775 1070 bono
800 1032 1058 1083 perfruamini.
1116 1031 1232 1076 Quod
1261 1043 1334 1082 ego
1365 1043 1434 1069 usu
1466 1043 1592 1069 rerum

137 1091 299 1130 edoctus
319 1098 359 1130 et
375 1105 462 1131 raro
481 1100 520 1131 et
546 1093 756 1132 difficulter
774 1094 941 1146 perspici
959 1090 1087 1134 uideo.
1142 1093 1281 1144 Neque
1301 1092 1402 1130 enim
1422 1092 1515 1131 satis
1535 1098 1593 1131 est

136 1154 353 1204 perspicere
371 1153 475 1202 talia,
495 1154 569 1192 nisi
597 1155 683 1206 quis
713 1156 849 1194 eadem
876 1156 984 1195 vobis
1009 1156 1137 1201 etiarn,
1158 1168 1322 1207 quorum
1353 1154 1400 1193 ad
1434 1167 1480 1192 ea
1504 1167 1591 1205 per-

134 1212 300 1252 ficienda
326 1214 528 1266 requiritur
554 1217 752 1264 auxilium,
772 1218 1003 1268 persuadere
1029 1218 1164 1269 possit.
1223 1217 1301 1256 Sed
1320 1224 1410 1255 utut
1424 1224 1494 1263 est,
1516 1217 1591 1255 mei

135 1274 298 1314 fortasse
324 1277 438 1314 officii
466 1277 579 1315 fuerit
611 1277 753 1325 dicere,
774 1292 862 1329 quae
880 1280 1082 1331 profutura
1108 1292 1193 1318 esse
1214 1285 1367 1318 statuo:
1398 1280 1511 1318 vestri
1540 1278 1590 1317 de

135 1336 275 1376 auditis
287 1337 480 1390 judicare,
499 1338 649 1391 illisque
668 1340 699 1379 si
717 1340 906 1392 placuerit
923 1341 993 1380 uti.

765 1447 962 1486 XXXIII.

190 1520 281 1560 Non
300 1523 507 1563 obscurum
527 1525 611 1573 fuit,
630 1525 903 1573 Athenienses,
931 1538 1065 1577 nuper,
1086 1539 1174 1564 cum
1204 1539 1271 1565 eos
1291 1526 1356 1578 qui
1383 1526 1587 1565 sententiae

134 1582 335 1634 cujusdam
354 1586 648 1626 intercedebant
680 1600 759 1626 non
791 1587 1003 1626 audiendos
1028 1588 1228 1640 putaretis,
1246 1588 1286 1626 id
1314 1601 1398 1627 esse
1427 1595 1586 1626 eventu-

132 1658 218 1683 rum
237 1647 344 1696 quod
364 1661 468 1687 nunc
485 1648 542 1696 fit,
562 1656 618 1697 ut,
639 1649 779 1701 quibus
807 1655 890 1688 turn
915 1649 1070 1688 dicendi
1099 1656 1272 1701 potestas
1293 1650 1384 1688 data
1401 1663 1478 1688 non
1498 1649 1585 1695 fuit,

131 1705 170 1744 hi
185 1708 362 1758 proxima
379 1711 564 1750 concione
583 1713 701 1750 verba
719 1712 855 1750 facturi
881 1718 1023 1750 essent.
1068 1712 1108 1750 Si
1128 1725 1229 1750 nunc
1249 1712 1364 1763 igitur
1381 1713 1484 1763 quod
1505 1718 1587 1749 tum

131 1766 277 1807 fecistis
296 1769 457 1819 facietis,
483 1779 522 1810 et
541 1785 621 1820 eos,
641 1773 707 1824 qui
733 1773 793 1812 his
813 1787 901 1824 quae
927 1780 1010 1811 tum
1029 1773 1188 1812 decreta
1208 1782 1298 1811 sunt
1316 1773 1501 1824 refragari
1518 1785 1586 1810 vo-

130 1826 229 1877 lunt,
249 1831 381 1871 audire
406 1833 560 1882 noletis,
581 1848 712 1873 rursus
744 1835 798 1872 illi
830 1835 964 1873 eadem
993 1836 1180 1874 concione
1205 1835 1379 1887 proxima
1406 1834 1588 1886 arripient

129 1897 247 1942 atque
282 1893 546 1945 exagitabant.
621 1896 662 1934 Si
695 1909 823 1947 neque
854 1897 1012 1935 decreta
1040 1904 1170 1935 vestra
1206 1897 1312 1935 irrita
1340 1897 1586 1941 videbuntur,

128 1964 257 2004 neque
275 1967 344 1993 vos
371 1968 419 1994 ea
448 1970 535 2008 quae
568 1958 769 2010 profutura
800 1966 890 1996 sunt
922 1959 977 1997 sic
1003 1958 1158 2011 egeritis
1192 1966 1236 1997 ut
1269 1959 1366 1997 alias
1399 1958 1585 1996 utilitates

127 2014 325 2064 amittatis,
342 2030 469 2069 neque
489 2019 601 2057 certis
620 2020 848 2071 quibusdam
864 2020 1112 2067 orationibus,
1129 2028 1314 2071 tanquam
1336 2021 1584 2059 histrionibus

126 2075 166 2113 in
197 2090 317 2116 scena,
343 2081 608 2130 regnantibus,
630 2081 776 2121 addicti
803 2083 965 2128 fueritis,
987 2089 1026 2121 et
1050 2096 1111 2121 res
1138 2090 1289 2129 vestrae,
1310 2083 1582 2129 Athenienses,

126 2137 249 2176 multo
269 2139 424 2179 meliore
443 2140 482 2179 in
508 2141 595 2180 loco
624 2142 764 2181 futurae
793 2152 894 2190 sunt,
914 2150 953 2181 et
971 2156 1084 2182 nemo
1103 2157 1170 2182 vos
1191 2144 1506 2195 imprudentiores
1519 2144 1582 2196 ju-

124 2197 281 2238 dicabit.
336 2202 470 2241 Facite
505 2203 634 2254 igitur,
662 2204 934 2251 Athenienses,
967 2219 1132 2257 eumque
1161 2206 1331 2244 laborem
1369 2207 1495 2258 capite
1525 2213 1581 2253 ut,

125 2269 289 2313 utraque
313 2269 422 2314 parte
449 2265 716 2316 aequanimiter
741 2266 887 2314 audita,
907 2267 1071 2318 primum
1101 2267 1141 2305 id
1166 2267 1450 2319 amplectamini
1478 2268 1581 2318 quod

125 2329 166 2361 et
184 2323 324 2363 facturi
344 2324 451 2364 sitis:
480 2326 636 2376 deinde,
664 2328 697 2366 si
725 2328 811 2379 quis
844 2342 891 2367 ea
920 2342 1007 2379 quae
1038 2329 1088 2367 ad
1116 2328 1220 2367 hunc
1247 2329 1406 2367 modum
1425 2329 1583 2368 decreta

122 2384 266 2424 fuerint
295 2387 539 2439 oppugnarit,
559 2403 648 2427 eum
678 2403 747 2428 vos
775 2391 989 2442 improbum
1020 2390 1205 2442 vobisque
1235 2391 1465 2430 malevolum
1493 2405 1580 2430 esse

122 2447 277 2498 putetis.
335 2449 436 2487 Nam
457 2450 489 2488 si
507 2451 604 2502 quis,
632 2451 693 2490 cui
713 2452 890 2491 dicendae
910 2453 1114 2491 sententiae
1132 2460 1305 2505 potestas
1329 2460 1472 2504 negata
1492 2453 1577 2498 fuit,

120 2521 164 2548 se
181 2509 274 2561 quid
291 2511 419 2550 animo
438 2513 662 2565 concepisse
678 2514 811 2553 melius
831 2515 976 2566 putarit
998 2528 1114 2567 quam
1135 2528 1182 2554 ea
1200 2514 1345 2553 fuerint
1364 2528 1451 2565 quae
1471 2515 1579 2554 vobis

119 2571 340 2621 probentur,
361 2573 396 2612 ei
415 2574 529 2612 fuerit
548 2575 849 2626 ignoscendum:
880 2585 918 2615 at
937 2591 976 2616 re
993 2591 1016 2616 a
1030 2578 1138 2616 vobis
1154 2577 1286 2616 audita
1300 2584 1339 2615 et
1353 2576 1577 2627 dijudicata,

119 2631 249 2672 adhuc
266 2640 398 2673 tamen
430 2635 675 2688 impudenter
705 2652 746 2677 se
772 2639 946 2691 ingerere
967 2653 1092 2692 neque
1111 2640 1272 2678 remissa
1301 2638 1511 2690 pertinacia
1538 2641 1577 2677 iu

118 2692 284 2744 plurium
309 2697 523 2737 concedere
541 2700 785 2747 sententiam,
802 2714 848 2739 ea
866 2715 926 2740 res
946 2701 1088 2740 habere
1109 2701 1367 2753 suspicionem
1382 2700 1576 2750 quandam

119 2753 232 2793 aliam
254 2770 416 2809 eamque
435 2773 511 2798 non
533 2761 681 2812 justam
701 2762 887 2801 videatur.
944 2764 1001 2803 Ac
1036 2777 1122 2814 ego,
1156 2763 1187 2802 si
1222 2775 1288 2801 vos
1319 2762 1357 2799 in
1383 2763 1576 2802 sententia

117 2827 342 2866 permanere
353 2821 550 2877 vidissem,
571 2823 780 2862 tacendum
800 2825 838 2862 in
859 2826 1063 2876 praesentia
1082 2825 1173 2863 mihi
1193 2824 1444 2862 censuissem.
1480 2823 1573 2862 Sum

119 2877 221 2916 enim
247 2892 294 2918 ex
311 2893 441 2921 eorum
461 2897 620 2923 numero
639 2887 704 2937 qui
724 2886 789 2924 illa
807 2887 914 2924 vobis
943 2887 1128 2939 prodesse
1158 2899 1384 2938 persuasum
1416 2885 1573 2924 habent.

118 2937 221 2980 Quia
237 2953 327 2980 vero
339 2944 497 2994 quidam
511 2945 672 2986 istorum
687 2947 928 2987 sermonibus
948 2948 1135 2988 immutati
1155 2947 1347 2993 videntur,
1365 2960 1432 2986 eos
1445 2960 1572 2999 neque
