1948 3306
417 395 624 435 LIBANlI
657 389 1062 433 ARGUMENTUM
1093 382 1391 425 ORATIONIS
1423 379 1646 421 CONTRA

460 481 464 486 ›
846 448 1232 492 THEOCRINEM.

356 575 460 606 HANc
475 575 644 605 orationem
666 573 769 604 nescio
788 582 847 611 qua
861 570 978 601 ratione
998 568 1028 598 in
1044 567 1180 608 privatas
1195 563 1337 604 plerique
1355 561 1503 594 referunt,
1519 567 1588 588 cum
1609 553 1768 586 manifeste

314 626 358 657 sit
384 627 518 666 publica,
535 626 616 665 quod
640 636 679 655 ex
705 625 773 664 ipso
797 626 974 662 argumento
1003 618 1219 659 perspicietur.
1266 616 1453 645 Mercatores
1481 614 1533 640 aut
1561 604 1767 638 navicularios

314 678 516 708 Athenienses
532 677 584 717 qui
611 677 672 706 alio
690 675 832 716 quopiam
857 683 945 712 quarn
969 671 1103 700 Athenas
1132 669 1313 698 frumentum
1330 667 1492 698 vexerant,
1505 660 1616 691 licebat
1637 657 1768 687 deferre.
1809 641 1814 653 ι

315 729 381 759 Lex
401 733 499 758 autem
514 732 590 763 erat,
614 727 651 756 si
676 727 771 766 quis
797 724 913 764 aliqu
928 733 984 753 em
1013 720 1259 752 detulisset
1285 727 1363 747 nec
1390 714 1602 746 actionem
1629 719 1771 750 perse-

316 791 334 820 q
350 785 493 810 ueretu
508 790 533 815 r,
558 783 626 808 aut
660 781 904 817 persecutus
937 774 1128 814 quintam
1165 768 1457 808 suffragiorum
1495 768 1659 805 partem
1696 769 1772 790 non

313 832 496 866 tulisset,
514 836 559 860 ut
582 830 697 860 mille
728 829 949 869 drachmas
973 824 1128 855 aerario
1155 822 1360 852 solveret:
1376 829 1394 857 q
1410 827 1480 847 uas
1504 815 1672 856 quinon
1697 810 1776 842 sol-

318 883 411 912 viss
426 887 505 918 ent,
535 881 594 911 iis
622 891 668 911 co
683 881 801 911 ncion
816 891 856 909 es
882 878 1038 908 habere
1081 885 1156 904 non
1187 873 1351 902 liceret.
1396 867 1502 898 Tertia
1527 866 1600 896 item
1620 865 1671 894 lex
1697 866 1774 898 erat,

319 934 353 964 si
389 933 484 975 quis
515 933 695 972 aliquem
726 943 744 971 p
759 942 802 961 er
829 929 1025 970 injuriam
1053 934 1253 957 asserere
1281 923 1320 952 in
1353 921 1593 950 libertatem
1615 915 1775 946 videre-

318 991 330 1015 t
344 996 400 1020 ur,
426 989 469 1014 ut
494 984 612 1014 semis
627 994 640 1013 s
654 994 709 1013 em
735 980 964 1013 aestimatio
978 979 1041 1008 nis
1075 986 1174 1006 aerar
1187 975 1196 1004 i
1209 985 1227 1004 o
1259 974 1280 1004 d
1294 973 1446 1002 eberet.
1491 968 1662 1008 Epichares
1683 964 1779 1004 igitur

318 1037 517 1066 Theocrinem
532 1035 654 1071 detulit,
664 1040 698 1064 nt
714 1034 765 1074 qui
781 1034 878 1063 verba
893 1032 923 1061 in
939 1030 1062 1071 publico
1080 1028 1207 1062 faceret,
1220 1024 1302 1065 quod
1319 1023 1348 1053 ei
1365 1032 1421 1062 per
1434 1026 1498 1052 tres
1514 1020 1605 1050 hasce
1619 1018 1706 1057 leges
1718 1025 1779 1045 non

319 1088 439 1119 liceret.
485 1087 649 1117 Miconem«
671 1087 752 1116 enim
771 1085 930 1119 detulisse,
951 1087 984 1112 ut
1006 1081 1066 1111 alio
1089 1080 1273 1109 frumentum
1297 1076 1471 1108 vehentem,
1492 1076 1524 1102 et
1544 1068 1779 1111 praevaricatum

321 1150 408 1169 esse:
432 1144 463 1169 et
479 1145 649 1173 curatorem
674 1149 691 1167 a
707 1136 869 1167 tribulibus
883 1134 1090 1174 designatum,
1113 1131 1144 1161 in
1165 1127 1336 1159 rationibus
1349 1122 1529 1158 referendis,
1552 1121 1710 1162 peculatus
1726 1119 1781 1148 da·

319 1195 455 1221 mnatum
472 1201 552 1227 esse,
575 1191 615 1220 ob
640 1200 705 1220 eam
722 1187 881 1229 pecuniam
904 1196 970 1225 quae
995 1184 1104 1214 decem
1131 1181 1254 1211 heroum
1272 1188 1358 1208 sacra
1372 1181 1473 1207 esset:
1495 1174 1588 1205 tertio
1602 1169 1780 1202 Theocrinis

321 1248 439 1282 patrem
466 1244 497 1273 in
525 1243 697 1273 libertatem
713 1240 883 1271 asseruisse
908 1248 963 1277 per
989 1234 1130 1275 injuriam
1154 1228 1359 1272 Cephisodori
1375 1227 1527 1263 ancillam,
1550 1230 1581 1256 et
1603 1221 1778 1264 quingentis

320 1295 472 1325 drachmis
490 1305 555 1324 eam
571 1295 612 1323 ob
627 1304 690 1323 rem
707 1291 897 1321 mulctatum.
944 1289 1062 1320 Harum
1078 1285 1173 1325 igitur
1189 1293 1290 1313 rerum
1311 1280 1425 1311 delatio
1442 1279 1492 1310 hic
1514 1277 1625 1318 agitur,
1643 1280 1673 1306 et
1688 1283 1781 1304 causa

323 1347 483 1377 manifeste
496 1346 622 1386 publica
638 1350 696 1375 est.
727 1344 831 1383 Ipsam
855 1345 956 1372 autem
973 1338 1139 1370 orationem
1158 1333 1304 1366 Dinarchi
1321 1343 1390 1364 esse
1401 1331 1542 1374 plerique
1556 1332 1672 1371 putant,
1688 1335 1781 1367 quan·

323 1409 412 1443 quarn
426 1396 674 1429 Demosthenicis
689 1396 770 1425 haud
785 1393 966 1424 absimilem.

688 1695 1430 1762 DEMOSTHENIS

913 1833 1208 1886 DELATIO

594 1984 910 2033 CONTRA
958 1970 1535 2024 THEOCRINEM.

394 2113 427 2149 l.
456 2109 607 2148 Pau-RE
627 2112 772 2152 nostro,
796 2101 975 2147 Judices,
1002 2110 1070 2150 per
1099 2091 1357 2134 Theocrinem
1391 2085 1611 2127 calamitate
1640 2079 1798 2134 publica

337 2174 489 2223 affecto,
510 2178 549 2210 et
580 2169 715 2208 decem
734 2164 892 2206 talentis
914 2161 1115 2205 mulctato,
1134 2168 1256 2207 eaque
1281 2152 1429 2192 mulcta
1448 2144 1733 2197 conduplicata,
1751 2147 1797 2180 ut

336 2237 480 2276 nullam
515 2232 647 2272 salutis
677 2242 786 2282 spem
815 2227 998 2278 reliquam
1023 2222 1260 2260 habeamus:
1298 2210 1525 2258 existimavi,
1553 2208 1635 2261 ejus
1665 2211 1796 2245 vestro

336 2297 518 2350 praesidio
551 2292 764 2333 ulciscendi
796 2289 931 2341 gratia,
954 2298 1027 2324 nec
1060 2281 1200 2327 aetatis,
1220 2291 1292 2317 nec
1323 2273 1539 2328 cujuspiam
1567 2268 1722 2315 alterius
1742 2265 1798 2305 rei

338 2361 487 2399 ratione
507 2357 652 2403 habita,
673 2356 786 2393 istum
808 2350 909 2403 apud
940 2361 1008 2387 vos
1032 2359 1115 2384 esse
1137 2339 1402 2382 deferendum.
1459 2335 1575 2373 Pater
1591 2332 1706 2377 enim,
1726 2330 1797 2368 Ju-

339 2423 462 2467 dices,
478 2420 589 2471 cujus
608 2416 837 2456 auctoritate
856 2411 986 2450 omnia
1004 2408 1118 2451 facio,
1138 2403 1243 2457 apud
1261 2413 1395 2441 omnes
1415 2396 1622 2437 familiares
1641 2391 1799 2444 quirita-

338 2486 466 2528 batur‚
489 2482 519 2520 si
548 2493 634 2531 ege,
661 2475 919 2530 praetermissa
946 2470 1149 2510 occasione
1170 2467 1255 2512 hac,
1286 2476 1376 2515 qua,
1397 2461 1491 2500 dum
1508 2458 1592 2510 ipse
1611 2455 1740 2494 adhuc
1760 2453 1799 2490 in

339 2547 435 2585 vivis
468 2552 541 2590 est,
578 2542 769 2580 inimicum
809 2536 940 2576 ulcisci
972 2545 1140 2585 possem,
1171 2526 1416 2568 excusatione
1454 2518 1654 2573 imperitiae
1685 2524 1800 2567 atque

342 2609 484 2652 aetatis,
502 2619 624 2656 neque
645 2617 684 2642 se
704 2602 866 2640 fortunis
893 2597 1071 2648 omnibus
1093 2592 1301 2644 spoliatum
1321 2598 1508 2629 curarem,
1530 2594 1658 2633 neque
1675 2579 1802 2625 Theo-

343 2671 485 2710 crinem
515 2674 651 2707 contra
668 2666 775 2716 leges
795 2667 1059 2702 accusantem,
1080 2663 1118 2694 et
1145 2653 1286 2692 multos
1314 2650 1467 2693 civium,
1488 2643 1594 2697 quod
1621 2642 1655 2680 ei
1677 2642 1804 2679 facere

343 2747 421 2772 non
442 2732 589 2776 liceret,
610 2726 910 2768 calumniantem
929 2720 1189 2773 reprimerem.
1237 2715 1319 2752 Vos
1343 2712 1460 2763 igitur
1477 2718 1624 2753 omneS,
1644 2702 1804 2743 Atheni-

342 2808 470 2840 enseS‚
491 2806 557 2832 oro
590 2798 629 2830 et
661 2792 845 2833 obtestor,
872 2792 917 2823 ut.
943 2797 1002 2821 me
1021 2781 1190 2831 benigne
1217 2773 1398 2819 audiatis,
1421 2771 1600 2824 primum,
1634 2765 1740 2818 quod
1766 2769 1806 2803 et

343 2855 497 2909 patrem=
531 2853 758 2898 defendens,
778 2857 817 2889 et
850 2847 970 2901 patris
1008 2840 1227 2883 auctoritati
1260 2848 1415 2890 parens,
1447 2833 1486 2872 in
1518 2832 1592 2870 hoc
1614 2827 1804 2882 judicium

344 2920 470 2976 venio,
490 2917 631 2956 deinde
651 2915 756 2968 quod
777 2921 816 2952 et
830 2911 1062 2951 adolescens
1091 2918 1175 2944 sum
1205 2909 1245 2942 et
1272 2913 1400 2940 rerum
1419 2896 1642 2950 imperitus:
1671 2903 1805 2944 quam-

345 2982 477 3020 obrem
507 2987 637 3018 actum
665 2976 851 3029 praeclare
876 2984 1026 3012 mecum
1054 2968 1214 3022 putabo.
1237 2964 1270 3003 si
1300 2958 1575 3002 benevolentia
1592 2962 1722 2996 vestra
1740 2952 1806 3004 ju-
