1915 3356
716 185 1005 224 EPISTOLAE.
1511 184 1585 221 837

126 300 217 334 tuus
235 300 309 339 est,
328 293 483 331 fortuna
498 292 637 344 quaerit
652 291 803 344 aliquos
818 290 959 342 quibus
978 288 1095 327 adsit.
1153 289 1184 326 Ii
1203 302 1272 328 vos
1299 301 1388 328 esse
1408 287 1588 331 -debetis;

126 363 168 397 et
184 357 305 396 duces
325 370 393 409 per
413 369 511 408 quos
531 355 611 407 geri
640 368 800 394 necesse
819 360 881 392 est
911 365 1026 404 quam
1047 353 1437 391 benevolentissimos
1470 350 1591 403 copiis

125 419 347 471 praeficere:
377 418 559 469 quodque
590 416 857 468 unusquisque
884 422 1050 453 vestrum
1083 414 1211 453 facere
1236 416 1378 466 poterit
1408 422 1446 453 et
1475 413 1591 458 volet,

125 479 166 519 id
184 480 236 519 ad
257 480 427 532 seipsum
449 480 550 517 dicat
570 485 610 517 et
628 478 840 530 promittat,
861 485 1076 528 caveatque
1103 490 1149 515 ne
1170 477 1293 523 fallat,
1314 490 1440 527 neque
1474 477 1592 528 tergi-

128 543 304 581 versandi
327 543 451 594 gratia
470 541 542 579 sibi
562 541 655 579 data
687 554 771 579 esse
790 541 920 587 verba,
937 554 1014 578 non
1034 553 1263 592 persuasum
1284 553 1382 585 esse,
1399 547 1591 578 causetur.

128 604 325 657 Quicquid
339 604 440 643 enim
455 616 523 641 vos
542 603 801 654 neglexeritis,
815 602 854 640 id
874 603 939 653 qui
953 602 1138 641 resarciat
1157 602 1348 640 neminem
1367 601 1567 639 invenietis
1584 614 1592 638 ε

127 680 253 718 neque
273 667 376 705 idem
391 664 609 717 periculum
630 672 688 703 est
706 665 745 702 in
765 664 810 702 iis
831 665 958 710 rebus,
983 678 1079 715 quas
1100 671 1182 702 tum
1202 677 1291 702 cum
1320 662 1458 700 voletis
1476 675 1593 713 agere

124 729 269 775 licebit,
300 727 461 767 consilia
495 740 598 779 saepe
628 733 789 774 mutare,
810 733 849 765 et
885 726 924 763 in
956 727 1001 765 iis
1035 733 1191 778 propter
1220 738 1318 776 quas
1348 724 1495 762 bellum
1526 724 1597 762 erit

126 790 352 842 gerendum,
374 790 444 828 sed
464 789 502 827 in
522 789 742 841 hujusmodi
762 790 877 827 rebus
897 789 1097 827 sententiae
1123 788 1287 826 mutatio
1308 800 1385 825 non
1408 793 1469 824 est
1490 786 1595 824 aliud

125 864 240 903 quam
260 852 411 890 consilii
431 858 471 890 et
490 851 656 890 instituti
684 851 830 889 clades.
890 851 950 888 Ne
972 864 1062 889 vero
1091 851 1168 889 tale
1193 849 1387 901 quippiam
1419 848 1595 887 commit-

127 913 211 961 tite,
231 914 315 961 sed,
335 914 519 966 quicquid
551 914 674 952 acturi
705 913 813 959 estis,
834 913 875 951 id
905 914 1101 964 generosis
1132 921 1171 951 et
1197 912 1343 964 paratis
1365 911 1502 949 animis
1525 911 1594 948 de-

129 976 299 1021 cernite3
329 983 369 1014 et
383 976 450 1014 ubi
469 976 591 1014 semel
611 975 872 1021 decreveritis,
893 976 1013 1013 ductu
1033 984 1071 1014 et
1091 975 1270 1027 auspiciis
1293 981 1373 1012 tum
1405 972 1597 1011 Dodonaei

129 1037 237 1075 Jovis
259 1044 342 1076 tum
362 1037 595 1088 reliquorum
614 1037 790 1083 deorum,
810 1036 874 1087 qui
901 1036 1021 1074 multa
1039 1036 1148 1074 vobis
1169 1043 1209 1074 et
1228 1035 1412 1086 praeclara
1437 1042 1475 1072 et
1494 1035 1598 1072 bona

129 1106 170 1138 et
201 1112 294 1138 vera
325 1099 485 1138 oracula
515 1099 780 1145 reddiderunt,
800 1093 1032 1150 illorum'que
1064 1112 1137 1150 cpe
1169 1098 1388 1149 implorata,
1416 1097 1597 1146 votisque

129 1174 200 1212 pro
236 1160 399 1200 victoria
430 1161 477 1200 iis
515 1161 690 1199 omnibus
735 1160 984 1212 nuncupatis,
1021 1161 1210 1211 adjutrice
1246 1160 1402 1199 fortuna
1431 1157 1599 1211 propitia

129 1223 347 1262 libertatem
368 1223 520 1262 Graecis
540 1222 745 1262 restituite.
801 1222 955 1261 Valete.

841 1535 894 1574 ΙΙ.

483 1657 591 1705 DE
649 1657 813 1706 SUO
875 1655 1230 1704 REDITU.

293 1908 705 1948 DEMOSTHENES
739 1910 986 1949 SENATUI
1017 1910 1356 1955 POPULOQUE
1386 1910 1428 1947 S.

186 2029 509 2069 EXISTIMABAM
530 2044 600 2082 pro
621 2031 718 2070 meis
746 2033 784 2070 in
806 2032 1104 2083 Rempublicam
1125 2033 1286 2078 meritis,
1307 2044 1370 2069 me
1389 2044 1466 2068 non
1488 2030 1603 2069 modo

132 2090 325 2130 insontem
339 2106 419 2131 non
438 2094 493 2131 ita
510 2100 720 2132 tractatum
742 2094 799 2141 iri,
828 2095 899 2132 sed
924 2094 1179 2132 mediocrium
1200 2095 1314 2132 etiam
1337 2099 1603 2145 peccatorum,

132 2154 165 2193 si
185 2168 302 2206 quam
331 2155 430 2194 forte
460 2156 614 2208 culpam
645 2157 940 2204 contraxissem,
966 2158 1119 2195 veniam
1144 2156 1452 2208 impetraturum.
1490 2156 1605 2193 Post-

132 2230 251 2269 quam
272 2230 362 2256 vero
381 2217 436 2256 ita
465 2218 621 2265 accidit,
641 2219 734 2257 dum
763 2219 941 2258 videbam
963 2233 985 2258 a
1003 2220 1127 2266 vobis,
1149 2219 1267 2258 nullis
1297 2218 1518 2257 criminibus
1539 2231 1606 2269 per

132 2286 310 2318 senatum
341 2287 472 2332 aperte
499 2281 771 2320 demonstratis
802 2290 841 2320 et
872 2282 1061 2333 probatis,
1082 2295 1129 2320 ex
1149 2283 1310 2320 istorum
1339 2281 1488 2319 arcanis
1510 2294 1604 2319 con-

131 2341 225 2380 siliis
257 2342 511 2381 condemnari
542 2356 687 2390 omnes,
717 2357 794 2381 non
823 2344 947 2382 minus
968 2357 1037 2382 vos
1071 2344 1118 2382 de
1139 2351 1268 2382 vestro
1282 2343 1368 2396 jure
1389 2343 1606 2382 concedere

132 2416 247 2455 quam
281 2417 341 2442 me
369 2404 537 2443 fraudari
558 2405 797 2452 existimans,
817 2406 1022 2444 ferendum
1049 2420 1163 2458 aequo
1183 2419 1271 2445 esse
1294 2406 1423 2444 animo
1443 2405 1577 2456 putavi
1595 2419 1604 2442 ε

131 2478 222 2504 nam
241 2466 287 2504 iis
311 2467 488 2505 assentiri
505 2467 657 2519 juratos
673 2468 841 2521 judices,
862 2482 950 2520 quae
970 2476 1127 2508 senatus
1159 2470 1241 2507 sine
1270 2469 1351 2507 ulla
1378 2467 1606 2520 probatione

132 2528 345 2576 affirmarit,
364 2529 412 2568 de
434 2530 657 2581 reipublicae
677 2530 766 2582 jure
797 2532 1015 2570 concedere
1048 2531 1134 2570 fuit.
1192 2531 1295 2575 Quia
1314 2544 1405 2568 vero
1421 2533 1500 2581 jam
1534 2542 1604 2580 pro

131 2597 260 2629 vestra
277 2591 487 2643 prudentia
505 2605 593 2630 eum
613 2593 885 2644 principatum,
905 2607 1021 2645 quem
1041 2595 1079 2631 in
1101 2601 1241 2632 senatu
1268 2594 1424 2645 quidam
1446 2593 1516 2630 sibi
1537 2605 1605 2643 pa-

133 2663 218 2689 rare
239 2654 495 2701 conabantur,
517 2655 854 2702 animadvertistis,
875 2663 914 2694 et
932 2656 970 2693 in
985 2656 1208 2705 judicandis
1228 2656 1356 2694 causis
1378 2662 1608 2706 argumenta

133 2716 590 2770 spectastis,ist0rumque
601 2731 740 2757 arcana
750 2718 868 2770 digna
878 2731 962 2757 esse
971 2719 1271 2771 reprehensione
1281 2717 1607 2770 deprehendistis,

134 2775 272 2814 decere
290 2790 446 2825 censeo,
468 2780 498 2818 si
530 2779 688 2832 quidem
711 2779 752 2818 id
788 2787 917 2818 vestra
943 2781 1058 2818 etiam
1084 2780 1265 2819 voluntas
1295 2781 1406 2824 feret,
1429 2792 1488 2816 me
1510 2793 1607 2830 quo-

134 2851 208 2890 que
230 2839 283 2878 ita
302 2840 452 2879 restitui
470 2841 509 2879 in
529 2842 734 2894 integrum,
756 2849 801 2880 ut
819 2843 842 2880 ii
874 2842 1039 2881 restituti
1063 2850 1154 2881 sunt
1173 2843 1238 2896 qui
1259 2843 1297 2879 in
1319 2842 1430 2880 simili
1448 2841 1605 2880 crimine

133 2900 304 2950 fuerunt,
326 2915 376 2941 ne
395 2903 502 2942 solus
524 2917 598 2956 ego
618 2905 759 2944 falsum
779 2907 829 2944 ob
849 2905 994 2944 crimen
1020 2905 1145 2958 patria
1166 2906 1421 2956 fortunisque,
1449 2911 1489 2943 et
1514 2918 1606 2943 con-

128 2963 460 3013 junctissimorum
494 2966 776 3005 consuetudine
813 2979 982 3006 caream.
1041 2967 1136 3005 Jure
1171 2974 1299 3005 autem
1332 2967 1454 3014 vobis,
1487 2966 1607 3004 Athe-
