1915 3356
678 182 737 219 IN
770 180 1219 221 CTESIPHONTEM.
1445 230 1450 234 ‚
1601 150 1673 218 109

209 302 282 341 que
302 289 510 340 quicquam
530 300 664 338 rogare
680 288 738 326 fas
760 295 830 333 est,
850 278 976 337 neque
1001 292 1179 335 rogatum
1200 286 1310 324 alteri
1339 284 1567 324 concedere.
1599 286 1672 323 Ju-

207 353 294 390 bete
314 352 443 402 igitur,
464 357 522 395 ut,
544 363 613 387 vos
633 349 796 400 primam
819 347 1052 385 sententiam
1067 347 1283 384 secundum
1305 346 1413 396 leges
1433 347 1530 385 ferre
1548 348 1669 398 passi,

207 413 346 451 exinde
368 414 417 450 ad
438 413 516 449 litis
536 410 832 448 aestimationem
852 408 952 444 vires
967 413 1208 445 convertant.

256 475 321 511 67.
355 473 416 510 Ad
435 484 626 510 summam
641 476 769 507 autem
791 480 928 518 parum
948 467 1038 504 mihi
1059 469 1182 513 abest,
1204 468 1472 515 Athenienses,
1494 470 1583 519 quin
1607 469 1666 507 di-

206 549 292 574 cam
323 536 449 585 legem
476 535 514 571 in
536 532 751 571 actionibus
780 530 974 567 duntaxat
994 530 1044 567 de
1074 529 1237 567 decretis
1261 537 1399 567 contra
1425 531 1531 581 leges
1559 532 1671 569 factis

204 598 292 636 ferri
313 598 470 645 debere,
490 608 538 632 ne
560 594 673 631 liceat
693 598 762 630 aut
780 592 1012 638 accusatori,
1046 598 1114 629 aut
1131 591 1165 628 ei
1186 591 1251 641 qui
1276 590 1389 642 hujus
1411 593 1578 630 criminis
1600 606 1669 644 po-

204 661 384 703 stulatur,
406 658 614 696 advocatos
631 654 703 693 sibi
725 653 969 692 adsciscere:
1001 667 1079 691 non
1100 653 1201 690 enim
1228 653 1284 689 hic
1303 652 1589 690 interminatum
1606 655 1670 705 jus

205 729 279 768 est,
300 721 369 758 sed
387 719 539 770 legibus
559 716 696 755 vestris
716 716 932 754 definitum.
970 715 1025 753 Ut
1039 715 1191 752 enimin
1213 721 1293 753 arte
1309 713 1450 759 fabrili,
1471 727 1560 752 cum
1576 716 1670 766 quid

204 789 351 821 rectum
381 781 431 819 sit
455 779 549 830 quid
571 791 662 824 non,
685 778 784 816 scire
805 777 992 823 volumus,
1013 776 1186 833 regulam
1213 775 1453 822 adhibemus,
1474 789 1551 827 qua
1571 777 1670 828 diju-

202 845 392 890 dicentur,
422 843 475 880 ita
494 843 532 879 in
559 840 873 879 accusationibus
893 839 941 877 de
962 838 1129 876 decretis
1159 844 1295 876 contra
1313 837 1421 888 leges
1445 837 1557 875 factis
1571 838 1669 889 juris

201 906 339 956 regula
366 903 605 956 proponitur,
635 902 779 940 tabella
799 900 947 939 scilicet
973 900 1108 938 haecce
1133 906 1172 937 et
1191 898 1391 936 decretum
1416 905 1456 936 et
1474 898 1582 950 leges
1603 899 1669 937 de-

202 968 357 1020 scriptae
373 967 544 1018 acjuxta
562 964 716 1016 positae.
765 964 864 1000 Haec
886 963 915 1000 si
935 963 1034 1000 inter
1055 975 1097 1000 se
1117 961 1333 999 consentire
1355 961 1584 1006 ostenderis,
1601 961 1669 1000 de-

202 1030 362 1077 scende,
393 1035 434 1066 et
460 1027 555 1078 quid
575 1039 673 1077 opus
695 1033 733 1063 te
755 1024 1063 1062 Demosthenem
1083 1022 1298 1061 advocare?
1329 1023 1430 1060 Cum
1455 1036 1546 1061 vero
1561 1023 1671 1074 justa

199 1090 264 1129 illa
298 1089 537 1128 defensionis
568 1088 715 1126 ratione
746 1086 927 1137 neglecta
955 1085 1152 1128 hominem
1182 1084 1401 1122 maleficum
1431 1085 1596 1123 accersis
1631 1093 1670 1123 et

198 1153 404 1190 verborum
421 1151 622 1197 artificem,
643 1148 803 1187 insidias
820 1147 935 1185 struis
954 1146 1210 1193 auditoribus,
1226 1146 1420 1184 civitatem
1435 1145 1667 1194 labefactas,

198 1214 334 1265 populi
354 1212 658 1251 dominationem
680 1210 835 1249 evertis.

254 1275 318 1312 68.
349 1276 542 1316 Quaenam
562 1274 678 1324 igitur
696 1273 793 1310 ratio
813 1273 861 1310 sit
889 1272 1114 1323 hujusmodi
1142 1271 1359 1310 orationum
1380 1271 1666 1322 propulsanda-

197 1335 309 1374 rum?
340 1336 425 1386 Ego
448 1335 527 1386 jam
549 1347 758 1385 exponam.
821 1333 1064 1383 Simulatque
1094 1333 1172 1370 huc
1192 1345 1422 1383 progressus
1453 1333 1666 1382 Ctesiphon

196 1396 294 1434 illud
314 1396 570 1447 compositum
591 1395 662 1433 sibi
696 1409 718 1432 a
738 1395 979 1432 Demosthene
1000 1393 1202 1431 exordium
1226 1393 1503 1444 pronuntiabit,
1524 1393 1666 1431 deinde

196 1465 350 1510 tempus
372 1458 551 1496 absumet
575 1456 746 1507 nihilque
771 1455 819 1494 ad
839 1455 1106 1493 defensionem
1127 1454 1275 1500 afferet,
1297 1461 1541 1492 commonete
1563 1467 1664 1501 eum,

195 1527 240 1559 ut
259 1521 355 1558 citra
371 1519 581 1557 tumultum
602 1518 786 1556 tabellam
801 1518 903 1554 hanc
919 1517 957 1554 in
978 1529 1116 1554 manus
1138 1523 1265 1554 sumat
1282 1515 1469 1566 legesque
1489 1529 1579 1553 cum
1595 1515 1663 1553 de-

195 1589 302 1621 creto
331 1595 403 1620 suo
422 1582 604 1620 recitatas
625 1568 815 1618 conferat.
847 1579 964 1623 Quod
993 1579 1025 1616 si
1044 1591 1113 1616 vos
1134 1578 1268 1615 audire
1289 1591 1330 1615 se
1351 1577 1662 1625 dissimulaverit,

194 1658 245 1683 ne
267 1658 334 1683 vos
367 1644 525 1695 quidem
552 1656 638 1681 eum
662 1642 829 1680 audiatis
850 1653 858 1678 :
890 1655 967 1679 non
989 1640 1090 1678 enim
1113 1639 1192 1678 huc
1224 1639 1474 1686 convenistis,
1500 1647 1542 1677 ut
1574 1653 1661 1678 reos

194 1707 261 1758 qui
275 1707 490 1758 legitimam
505 1705 770 1744 defensionem
791 1710 980 1755 respuunt
1000 1702 1177 1749 audiatis,
1206 1702 1276 1739 sed
1296 1702 1383 1739 illos
1406 1701 1472 1751 qui
1498 1715 1539 1739 se
1559 1709 1664 1740 recte

195 1776 310 1819 atque
340 1768 472 1806 ordine
502 1767 713 1806 defendere
735 1767 859 1820 parati
889 1773 991 1804 sunt.
1038 1764 1107 1802 Sin
1140 1770 1270 1802 autem
1297 1764 1408 1815 justa
1434 1763 1662 1802 defensione

191 1831 455 1882 praetermissa
473 1829 782 1868 Demosthenem
801 1834 986 1874 accersat,
1014 1826 1258 1878 potissimum
1280 1825 1399 1862 nolite
1418 1824 1517 1862 ferre
1536 1825 1661 1863 homi-

193 1906 282 1931 nem
296 1900 565 1939 veteratorem,
580 1881 799 1944 sperantem
817 1905 857 1930 se
873 1891 1076 1928 verborum
1092 1888 1266 1939 aucupiis
1279 1888 1388 1938 leges
1404 1888 1660 1933 sublaturum,

191 1969 319 2006 neque
335 1955 410 1993 hoc
431 1954 622 2006 quispiam
642 1960 815 1992 vestrum
845 1953 917 1990 sibi
936 1952 975 1989 in
996 1951 1123 1989 laudis
1143 1951 1230 1988 loco
1252 1949 1426 2000 deputet,
1446 1950 1478 1986 si
1498 1950 1659 1987 interro-

193 2025 311 2068 gante
343 2016 614 2067 Ctesiphonte,
634 2016 800 2053 liceatne
817 2028 884 2064 per
910 2027 971 2051 vos
1004 2013 1311 2050 Demosthenem
1344 2011 1550 2058 advocare,
1585 2011 1659 2062 pri-

190 2092 278 2116 mus
311 2077 545 2115 exclamabit
583 2092 602 2114 v
619 2091 675 2115 oc
692 2091 726 2123 a,
762 2090 821 2115 vo
837 2090 894 2116 ca
910 2082 1115 2114 :—contra
1151 2073 1316 2124 teipsum
1355 2086 1487 2116 vocaS,
1526 2080 1660 2110 contra

190 2140 297 2190 leges
313 2152 446 2185 vocaS,
461 2146 596 2176 contra
611 2139 742 2190 populi
757 2139 977 2176 libertatem
998 2148 1187 2175 vocas—-z
1218 2134 1324 2184 quod
1345 2133 1375 2170 si
1396 2133 1506 2170 vobis
1523 2133 1657 2171 audire

189 2203 347 2253 placeat
366 2201 687 2246 Demosthenem,
708 2201 902 2251 postulate
923 2201 971 2237 ab
998 2213 1058 2243 ec,
1080 2206 1122 2235 ut
1148 2198 1196 2235 ad
1224 2211 1308 2234 eam
1331 2209 1502 2233 normam
1525 2196 1657 2234 defen-

191 2264 340 2302 sionem
373 2263 564 2308 instituat,
586 2276 702 2313 quam
729 2275 803 2313 ego
824 2263 862 2298 in
889 2260 1136 2298 accusatione
1157 2260 1213 2296 sic
1233 2257 1535 2308 quodammodo,
1556 2267 1598 2295 ut
1619 2259 1658 2296 id

192 2326 303 2364 vobis
319 2326 356 2363 in
374 2325 597 2362 memoriam
618 2337 809 2369 revocem,
831 2337 914 2361 sum
929 2330 1102 2360 secutus.

244 2389 311 2426 69.
348 2388 432 2424 Nec
451 2386 638 2438 privatam
660 2385 934 2424 Demosthenis
955 2384 1068 2421 vitam
1097 2384 1201 2434 prius
1222 2382 1427 2433 explicavi,
1448 2395 1520 2420 nec
1541 2383 1656 2421 ullius

190 2450 336 2502 publici
354 2449 524 2487 criminis
547 2448 779 2486 mentionem
813 2447 898 2491 feci,
930 2459 1017 2484 cum
1049 2458 1183 2483 eorum
1207 2445 1346 2495 ingens
1378 2445 1468 2481 mihi
1501 2444 1656 2483 adesset

190 2512 425 2564 copia--aut
455 2511 627 2549 omnium
666 2517 771 2548 certe
804 2509 1004 2547 hominum
1043 2521 1169 2546 essem
1204 2507 1552 2552 infantissimus—,
1588 2507 1655 2544 sed

189 2574 310 2625 primo
339 2575 427 2612 loco
448 2573 603 2611 ostendi
633 2572 740 2624 leges
761 2571 904 2612 diserte
925 2578 1069 2615 vetare,
1090 2583 1137 2607 ne
1161 2565 1304 2607 corona
1324 2568 1520 2605 donentur
1545 2568 1569 2605 ii
1589 2569 1653 2618 qui

187 2635 401 2674 rationibus
429 2635 637 2673 referendis
658 2641 749 2672 sunt
769 2633 940 2678 obnoxii,
961 2631 1103 2670 deinde
1122 2638 1310 2668 oratorem
1334 2630 1529 2680 redargui,
1551 2630 1655 2679 quod

191 2696 497 2735 Demosthenem
517 2697 583 2748 qui
603 2696 816 2734 rationibus
837 2693 1049 2733 reddendis
1070 2693 1259 2731 obnoxius
1273 2699 1333 2729 est
1355 2704 1498 2730 corona
1519 2691 1653 2729 donari

183 2759 355 2811 jusserit,
387 2759 495 2796 nullo
515 2764 706 2810 praetextu
734 2756 974 2808 interposito,
995 2768 1074 2793 non
1099 2755 1352 2792 excusatione
1384 2766 1430 2791 ea
1458 2753 1654 2804 adscripta

188 2827 519 2872 posteaquam
558 2820 780 2858 rationes
814 2818 1053 2862 retulerit,
1094 2816 1163 2854 sed
1198 2816 1306 2853 vobis
1346 2822 1460 2865 atque
1501 2815 1650 2865 legibus

187 2882 343 2934 penitus
355 2882 572 2933 despectis:
603 2894 717 2933 porro
735 2881 999 2920 cavillationes
1019 2892 1115 2930 quas
1136 2885 1274 2916 contra
1291 2878 1375 2915 hacc
1393 2877 1545 2914 allaturi
1562 2885 1650 2915 sunt

187 2944 365 2998 exposui,
387 2955 549 2995 quarum
575 2944 689 2983 etiam
717 2950 761 2982 ut
785 2956 852 2983 vos
880 2954 1070 2980 memores
1097 2939 1178 2978 sitis
1199 2952 1328 2978 exoro.
1359 2939 1542 2977 Secundo
1562 2939 1649 2978 loeo
