1965 3356
602 227 661 265 IN
692 225 1031 265 STEPHANUM
1062 226 1116 264 11.
1161 196 1164 201 ¹
1504 228 1583 266 653

665 377 1073 417 TESTIMONIUM.

181 457 347 487 'testantur
366 466 400 486 se
415 455 553 492 affuisse,
569 466 636 486 oum
656 461 837 495 provocaret
858 456 1067 497 Apollodorus
1084 455 1301 486 Phormionem
1325 455 1363 487 ad
1383 455 1585 496 quaestionem

133 507 173 537 de
184 507 308 537 ancillis
318 507 499 544 habendam,
515 508 542 537 si
564 512 690 546 negaret
714 508 861 538 Phormio
880 518 914 538 se
933 507 1022 548 prius
1045 507 1137 537 etiam
1155 512 1283 538 matrem
1304 509 1371 547 ejus
1398 507 1584 548 corrupisse,

134 567 224 598 quam
238 558 384 589 Phormio
400 563 516 589 asserat
546 569 578 588 se
605 569 669 588 eam
687 559 868 600 desponsam
883 559 1044 590 aPasione
1060 558 1196 589 duxisse.
1239 559 1310 589 Hac
1325 562 1426 589 autem
1443 560 1480 589 ab
1491 559 1588 600 Apol-

131 609 241 640 lodoro
253 611 468 650 provocatione
481 610 572 646 sacta,
586 609 683 640 noluit
696 611 840 642 Phormio
856 611 980 642 ancillas
1000 611 1072 642 dare
1087 610 1119 641 in
1136 609 1345 651 quaestionem.

133 685 222 724 Jam
241 686 367 738 legem
386 686 444 724 his
466 686 514 726 de
533 687 644 725 rebus
673 687 789 725 latam
817 687 951 739 legito,
971 702 1058 741 quae
1089 688 1144 726 sic
1171 688 1308 726 habet:
1339 686 1590 739 disceptatio-

132 759 222 786 nem
248 747 328 785 fieri
358 753 536 799 oportere
565 747 614 786 de
641 748 780 799 puellis
806 749 966 801 pupillis
993 750 1183 796 omnibus,
1203 756 1284 789 tam
1303 749 1450 788 civibus
1470 762 1589 801 quam

132 808 360 860 peregrinis:
377 822 423 848 ac
438 809 486 848 de
501 809 647 849 civibus
661 811 854 851 actionem
868 812 962 852 dare
976 819 1153 865 oportere
1166 819 1372 865 praetorem
1385 818 1426 851 et
1441 825 1590 859 curare,

132 869 183 908 de
210 870 404 922 inquilinis
436 877 565 910 autem
583 871 840 913 belliducem:
870 886 918 913 ac
944 874 1028 914 sine
1050 874 1338 928 disceptatione
1362 888 1443 915 non
1472 873 1588 914 licere

131 931 193 971 vel
208 931 478 972 haereditatem
491 933 650 983 habere,
667 935 729 974 vel
752 935 953 988 pupillam.

798 1056 916 1095 LEX.

176 1130 305 1172 Sortitio
318 1144 420 1172 antem
436 1142 488 1173 fiat
503 1142 543 1172 de
563 1141 793 1173 haereditatibus
806 1146 838 1173 et
853 1142 994 1183 pupillis,
1010 1142 1141 1184 singulis
1159 1143 1329 1181 mensibus,
1342 1148 1475 1185 excepto
1490 1143 1590 1180 Maio,

133 1202 172 1233 ρει
186 1202 262 1223 vero
276 1193 316 1223 de
328 1203 390 1235 qua
398 1194 585 1234 disceptatio
595 1194 679 1225 [Μία
690 1204 752 1224 non
769 1199 818 1224 est.
833 1193 995 1226 haereditas
1018 1205 1058 1226 ne
1074 1199 1228 1226 teneatur.

132 1267 299 1307 Proinde
315 1268 454 1320 ipsum,
470 1269 502 1309 si
521 1269 590 1309 rite
610 1283 724 1322 agere
740 1271 941 1317 voluisset,
959 1283 1074 1323 agere
1092 1270 1133 1309 in
1151 1269 1334 1323 pupillam
1350 1270 1494 1319 decuit,
1510 1272 1591 1310 sive

130 1343 182 1369 ex
201 1336 431 1383 testamento
450 1332 490 1370 id
507 1332 542 1371 ei
560 1333 827 1381 conveniebat,
847 1333 926 1371 sive
946 1334 1091 1372 ratione
1109 1333 1403 1386 propinquitatis
1414 1347 1424 1378 ;
1455 1333 1487 1372 si
1505 1340 1591 1371 tan-

130 1405 246 1443 quam
273 1406 342 1445 pro
361 1393 459 1441 cive,
480 1394 583 1446 apud
612 1401 828 1445 praetorem,
850 1395 881 1433 si
910 1401 953 1433 ut
971 1409 1039 1447 pro
1058 1395 1274 1448 peregrina,
1294 1396 1399 1447 apud
1426 1395 1590 1434 bellidu-

129 1465 232 1492 cem:
264 1468 310 1493 ac
331 1461 426 1503 tum,
447 1456 480 1495 si
500 1456 595 1508 quid
619 1457 718 1508 aequi
744 1457 870 1497 dicere
897 1459 1104 1510 potuisset,
1123 1458 1454 1497 consentientibus
1480 1458 1589 1497 vobis

129 1515 199 1567 qui
226 1516 361 1556 sortito
390 1530 460 1569 pro
487 1518 668 1556 tribunali
696 1519 902 1567 sedebatis,
927 1520 1156 1559 auctoritate
1188 1519 1320 1571 legum
1346 1526 1387 1558 et
1409 1519 1588 1571 judicum

131 1577 320 1626 obtinere,
332 1584 372 1618 et
390 1591 470 1618 non
488 1579 612 1632 ipsum
628 1580 700 1619 sibi
715 1580 881 1632 privatas
900 1581 1007 1634 leges
1021 1587 1256 1621 statuentem
1276 1594 1390 1632 agere
1405 1580 1589 1633 quicquid

129 1638 320 1678 libuisset.

188 1703 251 1740 13.
280 1701 535 1741 Considerate
561 1702 664 1742 hanc
694 1716 843 1756 quoque
874 1704 1013 1755 legem,
1046 1717 1132 1755 quae
1159 1704 1272 1756 jubet
1299 1710 1588 1750 testamentum,

130 1763 236 1815 quod
255 1770 366 1815 pater
385 1764 656 1816 superstitibus
675 1766 870 1817 germanis
889 1765 1017 1805 liberis
1037 1765 1183 1816 fecerit,
1205 1765 1235 1804 si
1256 1765 1322 1804 filii
1341 1773 1431 1805 ante
1450 1767 1587 1818 puber-

131 1830 250 1863 tatem
269 1824 518 1871 decesserint,
538 1832 665 1865 tatum
690 1839 787 1866 esse.

806 1947 924 1987 LEX.

165 2034 321 2075 Quicquid
337 2040 426 2075 pater
440 2036 583 2077 ingenuis
598 2037 671 2068 filiis
685 2037 903 2078 superstitibus
919 2041 1101 2067 testamento
1111 2035 1252 2076 jusserit,
1265 2035 1291 2066 si
1308 2035 1440 2066 obierint
1455 2035 1508 2065 filii
1525 2034 1588 2075 pri—

129 2096 254 2125 usquam
266 2085 424 2117 biennium
437 2088 571 2127 puberes
587 2088 710 2126 fuerint,
720 2093 934 2120 testamentum
947 2088 1043 2129 patris
1056 2093 1154 2118 ratum
1167 2095 1244 2119 esto.

129 2160 298 2199 Proinde
316 2161 408 2201 dum
426 2162 482 2202 illi
503 2163 648 2211 vivunt,
669 2164 816 2203 irritum
841 2170 902 2202 est
925 2170 1216 2210 testamentum,
1237 2164 1342 2216 quod
1360 2170 1508 2216 patrem
1527 2163 1588 2201 isti

127 2222 329 2274 reliquisse
349 2223 502 2263 dicunt:
532 2231 573 2264 et
601 2232 740 2265 contra
765 2239 897 2265 omnes
922 2226 1030 2277 leges
1053 2225 1274 2277 Stephanus
1294 2226 1394 2265 falso
1420 2231 1586 2265 testatus

128 2291 201 2332 est,
219 2285 261 2324 id
279 2286 498 2338 exemplum
517 2300 604 2326 esse
621 2288 844 2327 testamenti
863 2286 1054 2326 Pasionis.
1113 2287 1230 2326 Unde
1260 2287 1361 2326 enim
1390 2294 1433 2326 tu
1462 2287 1584 2325 nosti?

130 2352 171 2385 et
188 2347 254 2385 ubi
272 2346 416 2387 affuisti
435 2350 534 2400 patri
553 2354 826 2388 testamentum
847 2349 1033 2388 facienti?
1075 2349 1129 2387 Te
1149 2349 1304 2401 quidem
1323 2359 1587 2401 corruptorem

128 2413 449 2448 testamentorum
467 2424 555 2450 esse
575 2418 748 2464 apparet,
768 2412 833 2463 qui
852 2417 892 2450 et
911 2410 1011 2450 falsa
1023 2411 1162 2463 cupide
1177 2411 1341 2459 testeris,
1362 2418 1401 2449 et
1420 2423 1512 2450 vera
1529 2417 1587 2448 te-

129 2469 309 2510 stimonia
326 2471 536 2521 suffureris‚
551 2480 590 2513 et
602 2474 796 2526 judicibus
811 2473 1003 2526 imponas,
1022 2480 1060 2512 et
1081 2486 1148 2525 per
1166 2473 1491 2524 conspirationem
1511 2472 1585 2509 liti-

129 2531 310 2583 gantibus
325 2533 587 2586 adstipuleris.
642 2535 773 2587 Leges
793 2543 923 2575 autem
941 2541 980 2574 et
997 2535 1133 2575 harum
1153 2549 1278 2575 rerum
1299 2535 1397 2575 dant
1410 2534 1585 2588 publicas

129 2593 311 2635 actiones.
354 2596 492 2636 Recita
509 2597 601 2636 mihi
621 2598 760 2650 legem.

801 2718 919 2756 LEX.

170 2800 202 2830 si
216 2799 284 2839 quis
299 2802 536 2843 conspiraverit,
552 2810 605 2834 aut
617 2805 738 2845 adjutor
748 2805 840 2836 fuerit
853 2807 1085 2846 corrumpendae
1096 2806 1238 2841 Heliaeae,
1252 2810 1303 2835 aut
1317 2805 1442 2835 alterius
1459 2805 1587 2844 alicujus

127 2851 238 2891 judicii
262 2853 401 2891 Athenis,
417 2860 470 2885 aut
492 2860 644 2892 senatum,
660 2858 697 2887 ad
724 2858 923 2899 corruptelam
949 2858 1081 2897 pecunia
1107 2858 1172 2888 sive
1197 2857 1268 2886 data
1289 2857 1354 2886 sive
1381 2861 1521 2897 accepta,
1538 2863 1589 2887 aut

132 2907 246 2933 coeturn
255 2906 450 2945 congregarit
464 2906 502 2937 ad
518 2907 675 2947 popularis
690 2913 788 2940 status
801 2909 1006 2947 eversionem,
1021 2914 1074 2939 aut
1091 2908 1301 2939 advocationis
1315 2919 1407 2939 causa
1418 2908 1448 2938 in
1461 2909 1589 2948 judiciis

132 2956 182 2987 ve!
197 2955 325 2997 privatis
341 2958 390 2989 vel
405 2959 535 3000 publicis
551 2962 711 3002 pecuniam
727 2962 892 3003 acceperit,
904 2974 1007 2994 earum
1020 2972 1120 2993 rerum
1135 2961 1214 2992 actio
1231 2963 1321 2993 detur
1337 2963 1417 3003 apud
1430 2962 1577 2994 Sexviros
