1948 3306
336 163 411 199 826
750 167 1002 207 EXORDIA
1034 169 1385 208 CONCIONUM.

334 265 661 314 quemadmodum
698 281 764 308 eos
802 271 931 318 decet,
970 274 1035 324 qui
1071 288 1113 313 se
1147 274 1299 314 nemine
1333 272 1565 325 posteriores
1603 269 1797 323 perhiberi

333 326 479 374 volunt,
500 329 624 368 sobrie
642 331 926 384 prudenterque
944 337 1124 375 caveatis.

1006 437 1131 479 XLII.

388 511 479 550 Non
510 513 614 553 idem
649 522 802 568 tempus
835 530 921 556 esse
955 519 1146 567 existimo,
1181 518 1461 564 Athenienses,
1490 523 1529 556 et
1559 514 1801 568 gratificandi

333 573 442 612 vobis
475 582 514 614 et
546 590 592 615 ea
622 590 710 628 quae
737 578 829 616 mihi
861 578 1008 630 optima
1033 581 1138 618 factu
1158 581 1363 620 videantur
1384 577 1631 619 consulendi.
1688 577 1799 627 Saepe

337 636 439 674 enim
460 637 572 677 video
594 640 625 677 si
644 640 730 690 quis
752 647 893 692 praeter
911 642 1027 680 animi
1041 643 1272 681 sententiam
1291 643 1331 680 in
1352 642 1481 693 aliqua
1494 653 1534 679 re
1554 638 1803 691 gratificetur,
1835 659 1839 669 =

333 693 374 735 id
396 700 561 749 majores
582 701 780 752 peperisse
801 702 1034 750 inimicitias,
1049 717 1165 754 quam
1187 705 1218 741 si
1238 705 1369 743 statim
1387 705 1435 742 ab
1453 702 1562 741 initio
1577 700 1806 758 adversatus

334 768 451 798 esset.
511 762 627 805 Quod
660 763 690 800 si
719 776 853 802 omnes
883 764 920 802 in
942 765 1081 804 eadem
1109 765 1304 804 sententia
1329 764 1481 810 essetis,
1501 775 1627 815 neque
1658 761 1690 800 si
1711 760 1805 798 miht

334 821 502 860 officium
518 823 646 862 facere
669 824 891 864 videremini
907 827 1115 878 prodirem,
1131 840 1461 879 supervacaneum
1476 839 1564 865 esse
1583 824 1805 864 existimans

332 882 407 930 his,
428 883 493 934 qui
514 898 585 923 sua
604 893 741 936 sponte
771 900 855 938 quae
885 895 1080 940 oporteret
1111 890 1297 937 facerent,
1331 889 1509 936 suadere,
1529 900 1656 939 neque
1689 886 1804 925 etiam

334 944 365 981 si
386 957 448 983 res
470 945 578 985 aliter
598 960 640 985 se
661 947 834 988 haberet.
894 950 1023 1002 Magis
1043 951 1143 989 enim
1168 951 1360 1003 meipsum
1379 951 1446 1003 qui
1472 963 1573 988 unus
1601 949 1674 987 sim
1694 948 1805 999 igno-

332 1019 416 1046 rare
436 1021 524 1059 quae
544 1010 690 1061 optima
712 1011 800 1056 sint,
822 1025 940 1063 quam
959 1026 1028 1052 vos
1049 1027 1200 1061 omnes,
1221 1014 1434 1053 crederem.
1468 1013 1570 1057 Quia
1587 1024 1678 1050 vero
1691 1010 1804 1050 video

331 1063 502 1108 vestrum
534 1071 632 1110 alios
656 1074 836 1112 assentiri
869 1075 976 1122 mihi,
998 1075 1203 1114 dissentire
1233 1076 1281 1114 ab
1315 1075 1413 1122 aliis,
1448 1087 1606 1126 operam
1631 1072 1733 1111 dabo
1762 1077 1805 1109 ut

331 1131 390 1170 his
407 1133 751 1185 adstipulatoribus
772 1143 937 1175 caeteros
956 1138 994 1176 in
1014 1151 1139 1176 meam
1160 1139 1391 1177 sententiam
1411 1136 1645 1189 pertraham.
1685 1134 1804 1178 Quod

331 1194 362 1231 si
383 1208 459 1233 non
480 1197 780 1236 auscultandum
810 1200 1010 1251 putabitis,
1031 1214 1109 1239 non
1139 1207 1243 1239 reete
1269 1200 1446 1239 facietis:
1477 1199 1536 1238 sin
1562 1198 1695 1237 audire
1713 1210 1803 1236 cum

331 1255 485 1295 silentio
516 1271 594 1296 non
628 1260 851 1310 gravemini,
874 1261 1100 1300 alterutrum
1134 1276 1181 1300 ex
1215 1276 1261 1300 eo
1294 1260 1804 1312 commodumpercipietis.

335 1320 417 1355 Aut
436 1318 553 1364 enim,
575 1319 606 1358 si
628 1320 722 1370 quid
749 1321 843 1359 utile
862 1322 1027 1360 suadere
1048 1323 1274 1369 videbimur,
1293 1323 1330 1362 id
1356 1322 1661 1374 amplectemini,
1680 1327 1746 1360 aut
1764 1320 1805 1359 in

331 1392 377 1418 ea
408 1393 526 1430 quam
557 1382 729 1432 probatis
765 1385 956 1422 sententia
985 1385 1130 1424 firmius
1170 1384 1463 1437 permanebitis.
1535 1383 1639 1422 Nam
1672 1382 1705 1420 si
1737 1395 1804 1421 eas

331 1441 512 1489 ratiOnes,
533 1450 691 1494 propter
711 1458 808 1495 quas
836 1452 970 1484 nostra
989 1447 1170 1498 opinione
1191 1446 1367 1485 nonnihil
1389 1445 1537 1492 erratis,
1556 1442 1700 1483 nullius
1719 1457 1803 1484 esse

332 1504 516 1543 momenti
534 1506 748 1556 apparebit,
769 1520 855 1556 quae
876 1521 980 1547 nunc
1002 1507 1170 1547 statuitis
1190 1508 1270 1547 nixi
1290 1507 1502 1560 rationibus
1523 1506 1684 1559 eligetis.

996 1614 1143 1653 XLIII.

386 1686 550 1735 Vellem,
569 1689 848 1739 Athenienses,
876 1698 1061 1743 quantam
1093 1693 1166 1731 iste
1196 1691 1515 1745 approbationem
1543 1704 1614 1730 sua
1632 1690 1803 1730 oratione

333 1756 570 1789 consecutus
592 1759 667 1801 est,
688 1760 837 1791 tantam
864 1767 953 1792 eum
985 1754 1142 1793 laudem
1173 1754 1213 1791 in
1245 1754 1340 1806 ipsis
1373 1755 1490 1792 rebus
1524 1752 1704 1805 gerendis
1725 1752 1807 1791 adi-

331 1810 443 1863 pisci.
500 1813 602 1851 Nam
622 1827 748 1865 neque
768 1814 815 1862 ei,
843 1815 939 1854 deos
961 1822 1094 1862 testor,
1116 1815 1219 1854 male
1239 1814 1341 1860 volo,
1362 1821 1403 1853 et
1420 1814 1527 1853 vobis
1549 1816 1650 1853 bene
1675 1813 1804 1865 cupio,

333 1873 414 1911 Sed
431 1873 576 1922 videte,
596 1875 873 1924 Athenienses,
893 1891 942 1916 ne
961 1877 1011 1915 sit
1031 1877 1136 1916 aliud
1151 1877 1367 1916 orationem
1384 1876 1526 1914 habere
1545 1875 1806 1923 commodam,

331 1935 439 1975 aliud
469 1936 628 1987 negotia
657 1937 829 1990 deligere
849 1938 1078 1991 profutura:
1107 1952 1207 1978 neve
1232 1939 1330 1977 illud
1358 1938 1522 1977 oratoris
1542 1937 1604 1984 sit,
1626 1936 1704 1976 hoc
1735 1936 1807 1975 ho-

332 1997 446 2036 minis
481 1998 629 2037 cordati
669 2000 854 2039 officium.
912 2001 994 2039 Vos
1027 2000 1145 2052 igitur
1178 2000 1332 2052 plebeii,
1366 1998 1602 2050 maximique
1638 2004 1729 2036 natu
1765 1998 1805 2036 in

329 2059 479 2111 primis,
518 2059 675 2099 dicendi
702 2061 889 2101 facultate
924 2063 1084 2101 summis
1116 2062 1334 2101 oratoribus
1362 2075 1475 2114 pares
1511 2074 1600 2100 esse
1627 2073 1708 2098 non
1738 2059 1807 2098 de-

329 2123 576 2162 betis—nam
608 2123 648 2162 id
678 2137 812 2163 eorum
845 2126 911 2176 qui
942 2132 1034 2164 sunt
1065 2125 1265 2164 exercitati
1291 2138 1432 2164 munus
1458 2130 1594 2163 est—z
1625 2123 1696 2161 sed
1714 2136 1806 2173 pru-

330 2184 464 2223 dentia
480 2185 542 2224 vel
561 2199 716 2237 aequare
735 2200 817 2234 εοε,
842 2188 904 2226 vel
935 2187 1065 2239 potius
1096 2200 1425 2240 superare—nam
1452 2185 1691 2238 experientia
1708 2184 1806 2222 mul-

328 2253 534 2298 tarumque
553 2261 681 2286 rerum
706 2262 801 2287 usus
828 2262 915 2288 eam
934 2250 1233 2302 ingenerant—-.
1288 2249 1353 2287 Ne
1371 2248 1502 2301 igitur,
1523 2246 1804 2293 Athenienses,

329 2309 559 2348 committite
578 2317 622 2348 ut
651 2310 689 2349 in
719 2312 926 2363 praesentia
944 2311 1020 2350 hoc
1039 2311 1241 2364 ignorasse
1259 2310 1481 2359 videamini,
1502 2310 1708 2348 verborum
1727 2309 1804 2347 for-

329 2370 537 2410 titudinem
556 2378 674 2423 atque
696 2373 916 2419 audaciam,
938 2374 1013 2412 nisi
1040 2374 1173 2426 justus
1193 2380 1403 2426 apparatus
1430 2378 1470 2411 et
1502 2371 1600 2410 vires
1627 2383 1804 2410 accesse-

327 2432 416 2480 rint,
436 2439 481 2471 ut
493 2433 694 2485 jucundas
721 2447 808 2474 esse
829 2435 981 2487 auditu,
1006 2435 1062 2474 sic
1093 2436 1144 2475 ad
1169 2436 1368 2488 agendum
1393 2433 1645 2486 periculosas.
1704 2432 1804 2471 Nam

327 2494 424 2533 illud
445 2495 589 2543 statim,
607 2499 617 2518 ‘
634 2496 898 2548 prohibendas
917 2511 1004 2536 esse
1021 2505 1288 2549 grassatorum
1302 2497 1489 2550 injurias‚'
1509 2494 1697 2548 quamsit
1719 2508 1805 2533 ver-

326 2556 423 2594 bum
441 2556 669 2608 praeclarum
689 2557 843 2596 auditis.
901 2558 954 2597 At
981 2558 1019 2597 in
1049 2559 1181 2610 primis
1210 2572 1290 2598 rem
1320 2559 1445 2611 ipsam
1470 2562 1655 2610 spectate.
1709 2556 1805 2594 Vin-

329 2617 447 2657 cendi
478 2625 570 2658 sunt
604 2617 739 2658 hostes
771 2620 988 2672 pugnando
1023 2621 1072 2660 ab
1104 2621 1151 2660 iis
1180 2621 1245 2674 qui
1270 2621 1385 2673 hujus
1418 2619 1525 2659 verbi
1556 2617 1802 2670 splendorem

327 2680 508 2732 adepturi
524 2681 612 2720 sint.
669 2681 771 2720 Nam
791 2683 897 2722 dictu
915 2683 1084 2735 quidem,
1105 2683 1381 2731 Athenienses,
1401 2683 1532 2722 facilia
1548 2687 1641 2720 sunt
1653 2681 1802 2727 comnia,

327 2742 432 2781 factu
451 2756 542 2783 vero
564 2757 643 2783 non
663 2744 756 2783 item
776 2746 928 2784 omnia:
958 2759 1031 2786 nec
1050 2746 1149 2786 enim
1170 2747 1254 2799 pari
1279 2746 1414 2784 labore
1440 2751 1480 2783 et
1513 2743 1655 2783 sudore
1675 2743 1726 2782 ad
1746 2743 1805 2780 di-

326 2805 496 2844 cendum
515 2811 556 2844 et
575 2806 626 2845 ad
646 2807 845 2858 agendum
864 2808 1100 2860 pervenitur.
1146 2809 1231 2861 Ego
1245 2821 1336 2847 vero
1355 2820 1426 2846 vos
1444 2813 1583 2845 natura
1603 2804 1802 2843 Thebanis

328 2864 450 2905 nihilo
479 2879 568 2906 esse
592 2874 688 2920 puto
719 2869 1182 2910 inferiores—insanirem
1209 2869 1479 2909 etenim-sed
1504 2867 1633 2906 minus
1659 2865 1802 2905 instru-

326 2934 423 2967 ctos.
482 2929 598 2968 Nunc
633 2930 750 2982 igitur
779 2931 817 2970 in
847 2931 978 2984 primis
1000 2945 1135 2984 parare
1158 2944 1228 2971 nos
1250 2931 1452 2978 debemus,
1473 2927 1630 2984 quando
1650 2927 1797 2969 dudum
