1948 3306
356 207 431 242 65⁶2
825 205 880 243 IN
911 203 1248 244 STEPHANUM
1281 204 1335 242 ΙΙ.

354 313 585 345 statuentum
618 307 799 354 condere,
820 308 1032 359 praesertim
1065 306 1114 345 de
1144 307 1314 352 muliere,
1345 319 1433 346 cum
1459 307 1499 346 id
1524 321 1648 359 neque
1674 307 1808 346 liceret

352 368 520 420 legibus,
537 375 577 407 et
595 368 702 408 liberi
722 375 865 408 essent.
923 368 1177 407 Considerate
1197 381 1323 422 porro,
1348 382 1467 420 quare
1493 382 1566 408 nec
1585 369 1618 408 si
1636 369 1721 421 quis
1745 382 1808 408 or-

354 431 427 468 bus
457 437 531 478 est,
561 430 755 469 condendi
783 431 1001 470 testamenti
1034 436 1267 482 potestatem
1298 431 1463 470 habeat:
1492 431 1536 478 si,
1556 430 1692 482 inquit,
1713 430 1810 470 deli-

355 498 426 539 ret,
446 498 514 530 aut
539 499 712 544 aegrotet,
741 501 809 531 aut
834 505 1026 531 venenum
1050 492 1202 540 biberit,
1225 500 1293 532 aut
1323 492 1472 531 mulieri
1493 493 1718 540 obsecutus,
1741 500 1811 532 aut

354 554 475 601 senio,
496 561 562 593 aut
593 555 735 602 furore,
758 560 826 592 aut
855 555 983 605 aliqua
1015 554 1248 593 necessitate
1273 555 1323 594 sit
1351 555 1651 602 circumventus,
1676 555 1712 593 ei
1739 568 1810 606 po·

354 621 531 654 testatem
558 615 664 667 leges
696 621 854 666 negant.
910 615 1000 653 Jam
1038 615 1259 666 expendite,
1289 629 1339 656 an
1369 616 1451 656 sani
1480 615 1647 655 hominis
1685 616 1725 654 id
1751 622 1829 655 te-=

354 684 589 716 stamentum
623 677 812 725 videatur,
840 677 944 729 quod
973 677 1036 716 isti
1065 684 1212 730 patrem
1243 678 1381 717 fecisse
1417 685 1607 718 asserunt.
1671 678 1812 730 Neque

354 752 443 777 vero
476 739 516 776 id
546 739 595 776 ad
627 739 733 777 aliud
762 740 981 792 exemplum
1012 740 1231 788 conferetis,
1257 754 1375 792 quam
1408 741 1458 780 ad
1485 741 1732 789 locationem,
1761 754 1812 780 an

353 801 461 839 vobis
482 807 788 840 consentaneum
815 815 902 840 esse
927 801 1117 849 videatur,
1149 802 1211 841 cui
1243 803 1333 841 artis
1362 815 1441 841 una
1469 802 1673 841 nobiscum
1701 815 1812 841 exer-

354 862 491 900 cendae
513 869 745 914 potestatem
775 862 938 914 negarit,
958 863 992 901 ei
1018 875 1177 902 uxorem
1208 876 1318 902 suam
1339 864 1396 902 uti
1416 863 1579 911 dederit,
1598 870 1638 902 et
1665 865 1812 902 socium

353 937 508 962 suorum
542 924 705 963 liberum
735 937 819 963 esse
848 937 988 976 passus
1019 925 1080 963 sit.
1137 924 1276 976 Neque
1305 924 1504 970 miremini,
1522 924 1554 962 si
1571 937 1650 971 eos,
1676 931 1815 963 caetera

353 985 494 1024 callide
526 992 764 1023 commentos
792 998 880 1036 quae
908 986 949 1024 in
979 985 1173 1024 locatione
1198 992 1302 1034 sunt,
1320 985 1396 1024 hoc
1414 985 1563 1025 fefellit.
1620 986 1815 1025 Fortassis

354 1046 455 1084 enim
476 1046 513 1084 in
533 1047 639 1085 aliud
658 1047 752 1085 nihil
772 1046 908 1086 intenti
933 1047 1107 1094 fuerunt,
1126 1046 1198 1086 nisi
1227 1053 1271 1086 ut
1289 1047 1455 1099 pecunia
1468 1060 1544 1086 nos
1573 1047 1813 1094 fraudarent,

354 1114 393 1145 et
410 1114 559 1162 patrem
578 1114 623 1147 ut
641 1110 852 1148 obaeratum
872 1110 1146 1148 inscriberent:
1178 1108 1320 1149 deinde
1339 1122 1400 1149 me
1430 1122 1509 1149 non
1536 1109 1592 1149 ita
1618 1108 1702 1148 fore
1722 1123 1814 1149 acu-

355 1175 437 1207 tum
456 1171 662 1221 putabant,
681 1179 726 1210 ut
744 1171 782 1209 in
795 1171 881 1210 haec
901 1177 1083 1210 accurate
1104 1171 1346 1223 inquirerem.

412 1232 473 1269 11.
504 1232 759 1271 Considerate
781 1246 895 1285 porro
929 1246 952 1272 a
976 1233 1116 1285 quibus
1145 1231 1252 1284 leges
1283 1233 1515 1286 desponderi
1545 1233 1726 1272 mulieres
1751 1236 1814 1283 ju-

354 1292 484 1339 beant,
503 1300 547 1331 ut
564 1306 612 1331 ex
631 1293 676 1331 iis
698 1293 813 1332 etiam
836 1293 1088 1333 commentitii
1113 1295 1332 1334 testamenti
1361 1294 1503 1334 falsum
1529 1294 1650 1334 fuisse
1673 1301 1815 1334 testem

357 1354 597 1406 Stephanum
618 1347 855 1408 intelligatis.
916 1356 1067 1395 Recita.

1057 1457 1176 1497 LEX.

392 1542 494 1580 Quam
509 1543 647 1583 legitime
659 1543 860 1584 desponderit
871 1527 1070 1581 urreremffel
1085 1549 1186 1584 pater,
1198 1544 1249 1575 vel
1260 1544 1353 1575 frater
1369 1533 1543 1585 germanus,
1557 1545 1608 1576 vel
1624 1556 1700 1577 avus
1716 1550 1816 1586 pater—

356 1604 424 1630 nus,
437 1603 479 1624 ex
503 1604 539 1624 ea
559 1594 650 1625 liberi
668 1594 805 1636 germani
820 1601 920 1626 sunto.
965 1595 1058 1633 Quod
1075 1596 1102 1626 si
1122 1606 1213 1626 nemo
1228 1596 1336 1626 horum
1352 1595 1458 1632 fuerit,
1472 1596 1501 1627 si
1516 1596 1591 1627 orba
1610 1601 1670 1634 est,
1688 1597 1716 1627 is
1731 1599 1818 1637 cujus

357 1649 408 1674 est
422 1645 589 1676 auctoritas
605 1657 670 1677 eam
686 1647 796 1678 habeat
810 1657 818 1676 t
843 1647 871 1677 si
886 1657 945 1678 non
961 1648 1064 1684 fuerit,
1076 1647 1106 1677 in
1122 1648 1190 1687 ejus
1205 1646 1255 1678 oui
1266 1657 1305 1678 ¹se
1320 1647 1497 1689 permiserit
1510 1651 1665 1687 potestate
1679 1652 1759 1679 esto.

359 1720 456 1760 Haec
475 1721 540 1761 lex
559 1721 699 1773 quibus
721 1722 991 1762 auctoritatem
1016 1723 1176 1771 tribuat,
1209 1722 1435 1762 audivistis:
1474 1722 1614 1762 horum
1640 1736 1732 1763 vero
1750 1736 1818 1762 ne-

357 1783 500 1822 minem
543 1785 656 1823 matri
697 1792 892 1824 auctorem
921 1783 1058 1833 fuisse,
1085 1785 1160 1837 ipsi
1190 1785 1288 1824 mihi
1318 1784 1529 1824 adversarii
1557 1784 1820 1824 testimonium

358 1844 550 1884 dixerunt.
607 1846 708 1885 Nam
740 1847 773 1884 si
804 1847 986 1894 fuissent,
1014 1847 1296 1886 exhibuissent.
1350 1848 1414 1885 An
1441 1859 1534 1886 vero
1558 1846 1680 1886 falsos
1698 1852 1818 1885 testes

357 1906 408 1943 ab
429 1906 485 1944 eis
505 1907 661 1946 creditis
682 1909 914 1948 subornatos
934 1915 974 1948 et
991 1915 1227 1948 testamenta
1244 1921 1324 1948 non
1342 1908 1470 1948 facta:
1499 1908 1657 1947 fratrem
1675 1914 1819 1955 autem,

357 1974 427 2007 aut
459 1982 589 2016 avum,
610 1976 677 2008 aut
707 1977 870 2022 patrem,
893 1971 924 2010 si
951 1971 1136 2018 licuisset,
1165 1984 1246 2010 non
1271 1970 1392 2010 fuisse
1414 1969 1672 2023 producturos
1701 1982 1822 2008 causa

358 2030 633 2081 pecuniarum?
670 2031 772 2070 Cum
800 2039 931 2072 autem
947 2032 1084 2071 horum
1103 2033 1298 2072 neminem
1322 2031 1571 2084 superstitem
1588 2031 1711 2070 fuisse
1727 2043 1820 2070 con-

360 2097 451 2140 stet,
470 2099 552 2132 tum
572 2107 732 2133 necesse
752 2100 813 2134 est
826 2101 989 2134 matrem
1009 2101 1181 2134 nostram
1194 2095 1318 2135 fuisse
1334 2093 1537 2148 pupillam.

419 2155 481 2194 12.
511 2155 705 2208 Pupillam
725 2164 854 2196 autem
874 2157 914 2195 in
933 2157 1042 2210 cujus
1062 2170 1149 2197 esse
1173 2163 1367 2210 potestate
1391 2157 1501 2209 leges
1530 2156 1710 2208 jubeant,
1727 2168 1820 2196 con·

362 2215 538 2256 siderate.
596 2218 736 2257 Recita
754 2219 893 2270 legem.

1031 2313 1150 2352 LEX.

406 2390 499 2427 Quod
521 2390 549 2421 si
570 2391 640 2430 quis
656 2403 673 2422 e
690 2392 811 2432 pupilla
827 2392 919 2423 fuerit
933 2396 1034 2429 natus,
1050 2392 1104 2422 ubi
1123 2402 1233 2423 annum
1255 2391 1358 2423 aetatis
1373 2390 1525 2423 decimum
1547 2395 1668 2423 sextum
1689 2391 1824 2431 comple-

363 2441 454 2478 verit,
466 2443 612 2482 pecunias
627 2448 741 2480 teneat,
756 2448 788 2474 et
806 2443 922 2475 victum
938 2444 1027 2474 matri
1043 2443 1239 2474 demetiatur.

362 2527 534 2566 'Proinde
553 2528 616 2567 lex
624 2529 740 2581 jubet
753 2535 916 2568 matrem
935 2528 975 2566 in
990 2527 1156 2567 filiorum
1176 2527 1364 2580 puberum
1381 2539 1464 2567 esse
1478 2531 1674 2580 potestate
1689 2539 1701 2571 ;
1734 2538 1820 2564 eos—

361 2603 439 2641 que
457 2590 601 2629 victum
620 2590 653 2628 ei
668 2591 855 2630 demetiri.
913 2590 981 2629 Me
1002 2596 1131 2629 autern
1150 2596 1306 2629 constat
1325 2596 1365 2629 et
1376 2589 1560 2628 militasse
1578 2595 1617 2627 et
1631 2587 1820 2626 triremem

363 2652 587 2691 instruxisse
606 2652 730 2700 vobis,
751 2666 839 2691 cum
871 2653 944 2691 iste
971 2658 1132 2691 matrem
1161 2664 1289 2690 meam
1322 2652 1360 2690 in
1389 2649 1634 2690 matrimonio
1663 2649 1819 2688 habere.

366 2715 509 2752 Verum
539 2721 584 2753 ut
614 2721 813 2766 appareat,
843 2727 906 2752 me
930 2714 1073 2752 triremi
1102 2713 1330 2765 praefectum
1359 2711 1539 2758 affuisse;
1565 2717 1713 2763 patrem
1738 2710 1820 2762 jam

362 2775 468 2823 olim,
493 2789 581 2815 cum
612 2776 768 2828 nuptias
793 2776 864 2815 iste
885 2776 1113 2821 celebraret,
1132 2775 1299 2819 obiisse;
1329 2787 1391 2813 me
1410 2772 1575 2812 ancillas
1601 2774 1650 2812 ab
1677 2785 1723 2811 eo
1752 2786 1821 2824 po-

363 2837 528 2876 stulasse
548 2838 598 2877 ad
623 2838 898 2890 quaestionem3
926 2837 1090 2889 iis'ipsis
1115 2837 1164 2876 de
1191 2838 1318 2886 rebus,
1331 2849 1387 2878 an
1405 2849 1467 2877 eae
1485 2848 1586 2876 verae
1610 2841 1757 2884 essent,
1780 2840 1822 2873 et

362 2910 453 2936 eum
473 2912 720 2951 provocasse,
739 2913 837 2954 cape
854 2899 946 2940 mihi
967 2899 1241 2940 testimonium.
