1948 3306
332 164 384 201 64
641 160 715 199 DE
746 160 905 199 MALE
935 160 1114 199 GESTA
1145 159 1484 198 LEGATIONE.

328 264 585 315 sagacissima
603 263 829 314 conjectura
853 276 940 302 esse
968 277 1095 310 usum,
1125 263 1194 301 sed
1223 263 1272 301 ab
1291 263 1448 314 ingenio
1474 275 1546 301 suo
1568 262 1797 314 longissime

330 328 542 365 aberrasse.
586 326 692 364 Nihil
712 326 814 364 enim
835 326 1024 377 ejusmodi
1050 339 1091 364 se
1111 326 1422 364 commissurum.
1472 325 1526 362 Ut
1553 332 1682 371 autem
1708 338 1800 363 vera

329 401 392 426 me
414 388 540 426 dicere
555 394 721 435 constet,
741 388 868 439 ipsum
890 388 1192 439 Aristophanem
1212 393 1353 425 testem
1372 386 1597 438 producam.
1627 385 1798 426 Accerse

330 449 626 501 Aristophanem
650 450 891 502 Olynthium,
913 449 1074 502 ejusque
1093 450 1355 488 testimonium
1376 449 1510 496 recita,
1529 461 1596 487 eos
1622 449 1712 487 item
1733 448 1799 500 qui

330 511 407 549 hoc
433 524 481 549 ex
501 511 566 549 illo
587 512 832 558 audiverunt,
854 511 1023 562 mihique
1043 513 1289 558 nunciarunt,
1318 510 1545 563 Dercyllurn
1563 510 1740 549 Autoclis
1761 523 1798 549 F.

331 574 593 625 Hagnusium,
616 581 654 613 et
681 573 892 612 Aristidem
914 573 1115 625 Euphileti
1135 586 1171 612 F.
1203 573 1513 626 Cephisiensem.

859 692 1266 732 TESTIMONIUM.

330 779 468 818 Testes
475 780 653 831 jurantes
666 786 705 819 et
716 780 974 819 testificantes
985 780 1142 827 auditis,
1157 780 1325 819 nefarias
1341 786 1470 818 autem
1484 781 1578 819 istas
1591 781 1797 819 verborum

329 842 510 889 technas,
531 855 628 893 quas
643 843 717 881 iste
733 842 1046 881 adolescentibus
1061 842 1279 893 pollicetur,
1301 842 1518 893 quibusque
1537 855 1642 880 nunc
1663 849 1800 881 contra

321 894 390 943 ⁸rne
411 911 469 943 est
488 906 648 951 abusus,
668 905 844 957 nunquid
865 905 1106 950 meministis,
1128 912 1170 942 ut
1199 905 1347 942 obortae
1375 904 1452 941 sint
1471 904 1505 941 ei
1530 903 1728 956 lacrymae,
1756 911 1800 943 ut

329 965 524 1005 Graeciam
553 966 776 1019 deplorarit,
814 974 856 1004 ut
894 967 1074 1018 Satyrum
1114 967 1307 1005 comicum
1343 965 1568 1004 histrionem
1607 966 1799 1015 laudaret,

327 1028 433 1080 quod
449 1028 624 1080 hospites
646 1029 839 1080 quosdam
859 1042 950 1067 suos
971 1029 1145 1080 captivos
1165 1028 1358 1066 fodientes
1377 1027 1417 1065 in
1435 1027 1604 1079 Philippi
1620 1028 1745 1076 vinea,
1761 1036 1801 1066 et

326 1091 495 1138 vinctos,
520 1092 560 1128 in
588 1091 876 1142 compotatione
903 1104 925 1128 a
946 1090 1126 1141 Philippo
1151 1089 1420 1140 impetrasset:
1449 1089 1526 1128 hoc
1544 1090 1799 1129 fundamento

319 1152 442 1204 jacto,
471 1152 626 1201 adjecit,
649 1158 837 1190 contenta
866 1159 983 1190 acuta
1002 1152 1078 1189 ista
1096 1157 1136 1188 et
1160 1150 1307 1188 nefaria
1334 1163 1442 1197 voce,
1472 1164 1588 1201 quam
1617 1154 1798 1191 acerbum

328 1214 392 1262 sit,
411 1227 499 1252 cum
519 1206 550 1252 is
570 1214 635 1264 qui
657 1214 844 1252 Cariones
873 1220 912 1251 et
931 1213 1124 1251 Xantliias
1145 1218 1412 1263 repraesentet,
1441 1213 1540 1250 adeo
1563 1227 1798 1264 generosum

327 1283 367 1314 et
386 1276 676 1327 magnanimum
699 1289 741 1313 se
761 1275 982 1326 praebuerit,
1004 1287 1065 1312 me
1085 1274 1151 1324 qui
1172 1274 1244 1312 sim
1271 1274 1354 1311 urbi
1375 1275 1551 1312 maximae
1570 1288 1594 1312 a
1613 1277 1798 1325 consiliis,

328 1339 393 1390 qui
413 1339 501 1376 illos
524 1351 568 1376 x.
590 1350 636 1375 M.
673 1337 846 1375 Arcadas
874 1337 1121 1382 admoneam,
1151 1335 1409 1386 petulantiam
1436 1349 1562 1374 meam
1587 1350 1666 1375 non
1691 1352 1801 1376 cocr-

327 1401 470 1448 cuisse,
487 1400 555 1438 sed
576 1400 705 1438 calore
721 1405 914 1445 evectum,
933 1412 1020 1436 curn
1036 1411 1108 1435 nos
1125 1397 1282 1448 quidam
1303 1410 1350 1435 ex
1371 1396 1542 1448 Philippi
1563 1399 1696 1437 amicis
1719 1399 1797 1438 Xe-

323 1462 501 1501 nodocus
519 1461 696 1499 convivio
716 1460 948 1511 excepisset,
974 1458 1125 1510 capillis
1157 1459 1335 1506 traxisse,
1366 1463 1405 1496 et
1433 1458 1524 1497 loris
1545 1458 1709 1511 arreptis
1729 1475 1795 1501 ca-

323 1525 468 1577 ptivam
485 1523 688 1561 mulierem
709 1521 958 1574 flagellasse?
991 1521 1114 1572 Igitur
1136 1520 1168 1559 si
1189 1534 1258 1559 vos
1282 1521 1317 1559 ei
1345 1520 1624 1579 credidissetis,
1646 1529 1684 1560 et
1705 1524 1795 1562 Ari-

324 1586 534 1638 stophanes
560 1597 640 1623 una
659 1597 748 1623 curn
769 1597 815 1622 eo
835 1597 896 1621 me
921 1596 991 1635 per
1019 1583 1266 1621 mendacium
1295 1583 1569 1634 oppressisset,
1605 1586 1654 1623 ob
1683 1591 1797 1638 turpe

325 1649 472 1687 crimen
486 1647 575 1699 jure
593 1646 811 1698 periissem.
858 1645 1001 1684 Sinetis
1021 1645 1137 1697 igitur
1156 1659 1244 1683 eum
1274 1645 1340 1697 qui
1359 1645 1448 1684 talis
1468 1645 1518 1683 sit
1539 1659 1650 1685 meus
1668 1648 1798 1688 malus

326 1710 464 1762 genius
489 1709 610 1760 (absit
627 1709 730 1747 enim
750 1715 793 1746 ut
812 1707 922 1747 vobis
944 1708 1021 1755 sit),
1046 1707 1195 1755 sinetis,
1215 1707 1388 1759 inquam,
1414 1708 1559 1746 versari
1577 1709 1677 1748 inter
1695 1709 1799 1749 vos?

326 1771 385 1810 Ac
411 1771 638 1810 concionem
659 1770 817 1821 quidem
836 1770 1064 1814 lustrabitis,
1086 1769 1126 1807 in
1148 1769 1315 1809 decretis
1336 1776 1467 1808 autem
1483 1777 1577 1809 vota
1594 1785 1660 1823 per
1677 1771 1797 1812 istum

325 1832 505 1872 facietis?
535 1833 589 1871 Et
617 1832 828 1871 exercitum
860 1832 940 1870 sive
970 1832 1192 1884 pedestrem
1221 1832 1301 1870 sive
1329 1832 1507 1872 navalem
1536 1833 1797 1886 ablegabitis'?

325 1896 448 1948 Atqui
467 1894 667 1933 Hesiodus
688 1895 740 1932 ait
756 1906 765 1932 :

631 1982 719 2020 Saepe
737 1979 797 2011 viri
815 1991 887 2020 gens
902 1984 967 2011 tota
982 1979 1040 2010 luit
1057 1979 1162 2009 scelus
1178 1978 1268 2009 unius
1285 1984 1386 2016 atrox,

631 2032 694 2069 Qui
711 2042 852 2072 praeceps
867 2031 967 2071 agitur
979 2031 1057 2062 male
1075 2030 1141 2061 sani
1157 2030 1294 2070 pectoris
1309 2033 1399 2060 aestu.

381 2119 447 2157 50.
479 2117 610 2154 Unum
631 2116 761 2155 adhuc
776 2115 1041 2167 superioribus
1061 2113 1255 2164 adjiciam.
1298 2113 1402 2151 Nam
1418 2113 1539 2165 siqua
1553 2115 1665 2154 estin
1681 2116 1796 2156 rebus

325 2180 503 2218 humanis
523 2178 764 2230 improbitas,
789 2177 900 2229 cujus
925 2190 999 2227 ego
1030 2189 1110 2214 non
1128 2175 1341 2227 principem
1373 2189 1460 2214 esse
1485 2177 1797 2217 Demosthenem

323 2243 607 2286 demonstraro,
629 2240 725 2278 mori
743 2253 821 2277 non
847 2252 1001 2277 recuso.
1033 2238 1112 2276 Sed
1132 2238 1259 2276 multis
1281 2251 1369 2276 reus
1389 2237 1684 2278 difficultatibus
1702 2254 1796 2279 con-

324 2305 509 2349 flictatur,
523 2309 562 2340 et
577 2302 748 2340 animum
764 2302 812 2339 ab
826 2302 883 2339 ira
894 2300 1110 2352 periculum
1124 2299 1174 2338 ad
1187 2299 1324 2338 salutis
1337 2306 1495 2339 revocat
1507 2300 1795 2343 defensionem:

326 2379 374 2404 ac
393 2364 583 2416 dispicere
602 2363 729 2414 jubet,
748 2377 797 2401 ne
817 2363 940 2400 ullum
961 2361 1222 2400 accusationis
1243 2368 1363 2413 caput
1380 2362 1681 2413 praetermiserit.
1717 2365 1796 2404 Ita-

324 2440 404 2478 que
432 2424 546 2463 simul
566 2431 606 2463 et
623 2424 732 2462 vobis
754 2432 792 2462 et
812 2424 903 2461 mihi
924 2424 1080 2473 objecta
1100 2423 1260 2462 crimina
1285 2424 1324 2462 in
1345 2423 1568 2462 memoriam
1588 2426 1795 2466 revocabo.

326 2488 586 2527 Considerate
615 2486 730 2537 igitur
759 2485 927 2536 singula,
953 2485 1235 2534 Athenienses,
1260 2500 1338 2538 quo
1361 2486 1518 2525 decreto
1547 2501 1620 2538 ego
1649 2489 1794 2540 scripto

324 2563 504 2599 accuser,
526 2556 595 2588 aut
622 2562 699 2600 qua
717 2548 803 2599 lege
823 2549 1024 2598 abrogata,
1052 2555 1120 2584 aut
1140 2561 1217 2598 qua
1240 2548 1427 2600 impedita
1451 2562 1530 2600 quo
1557 2549 1684 2587 minus
1707 2564 1795 2601 per-

325 2613 504 2656 ferretur,
523 2618 591 2649 aut
604 2611 744 2661 quibus
764 2609 1008 2660 pactionibus
1028 2622 1096 2660 pro
1116 2609 1316 2660 republica
1333 2610 1461 2656 factis,
1482 2616 1550 2648 aut
1567 2610 1707 2660 quibus
1728 2613 1796 2652 de-

326 2673 443 2715 cretis
471 2673 521 2711 de
541 2685 637 2724 pace
657 2671 811 2716 deletis,
841 2678 908 2709 aut
927 2671 1067 2721 quibus
1087 2684 1173 2721 quae
1201 2671 1309 2709 vobis
1335 2673 1498 2723 probata
1519 2672 1687 2719 fuerunt,
1714 2688 1794 2714 non

326 2735 563 2787 adscriptis?
593 2734 683 2772 Non
711 2734 893 2784 placebat
918 2746 995 2784 pax
1015 2732 1249 2783 quibusdam
1273 2740 1481 2771 oratorum.
1534 2734 1674 2773 Nonne
1702 2749 1794 2774 vero

327 2807 410 2837 tum
440 2796 638 2848 refragari,
659 2809 735 2833 non
756 2808 858 2833 nunc
878 2808 941 2833 me
968 2808 1152 2832 accusare
1181 2794 1425 2832 debuerunt?
1453 2795 1693 2835 Ditabantur
1710 2798 1795 2848 qui-

326 2861 417 2898 dam
430 2859 532 2899 bello
546 2859 595 2910 de
610 2857 749 2896 vestris
765 2857 916 2896 tributis
931 2864 970 2894 et
984 2856 1150 2908 publicis
1167 2855 1437 2908 vectigalibus.
1467 2858 1644 2900 Quorum
1657 2859 1793 2897 messis

327 2935 435 2962 nunc
449 2920 578 2960 desiit.
628 2919 711 2958 Pax
729 2919 833 2958 enim
858 2918 978 2957 otium
1005 2931 1082 2957 non
1104 2918 1186 2957 alit.
1227 2918 1258 2956 Ii
1277 2931 1371 2969 ergo
1391 2918 1458 2970 qui
1482 2931 1561 2958 non
1581 2919 1792 2966 laeduntur,
