1965 3356
598 207 655 244 IN
686 204 1158 244 OLYMPIODORUM.
1527 207 1598 243 671

141 307 364 360 tranquillis
402 309 540 348 animis
572 310 619 348 de
657 310 767 348 istius
801 308 1061 360 postulatione
1095 308 1363 347 disseruimus.
1422 308 1474 347 Iis
1513 323 1603 346 vero

139 369 316 418 Judices,
335 384 423 422 quae
449 372 548 410 inter
573 384 644 410 nos
675 371 723 409 de
750 370 1025 409 controversiis
1045 370 1183 408 nostris
1200 370 1350 420 egimus
1370 384 1604 409 commemo-

138 433 282 480 randis,
303 434 392 486 quid
416 442 485 473 aut
502 435 610 473 vobis
631 433 831 484 negotium
850 432 1055 478 facessam,
1069 440 1136 470 aut
1155 432 1345 483 meipsum
1365 432 1603 484 defatigem?

139 493 254 532 finem
276 502 402 533 autem
427 496 493 547 qui
513 501 747 533 consecutus
777 502 848 539 est,
869 507 938 532 vos
959 494 1092 532 andire
1116 507 1280 532 necesse
1306 501 1376 532 est.
1436 495 1521 545 Ego
1540 495 1604 533 isti

132 555 258 606 judex
269 557 336 603 fui,
349 564 389 595 et
400 558 472 595 iste
491 556 596 602 mihi,
611 562 653 593 ut
669 563 825 606 uterque
844 565 1017 594 nostrum
1033 555 1231 594 semissem
1249 555 1440 606 acciperet
1454 569 1601 601 eorum,

137 630 228 668 quae
250 619 385 657 Conon
407 618 638 669 reliquisset,
658 631 784 668 neque
811 618 931 655 ullum
952 618 1138 669 deinceps
1159 624 1263 655 esset
1281 619 1379 655 inter
1398 631 1469 656 nos
1491 619 1605 657 dissi-

137 679 259 718 dium.
317 680 417 718 Nam
447 680 580 726 malui,
606 679 782 726 Judices‚
811 680 910 718 ultro
935 680 998 718 isti
1027 680 1212 731 impertiri
1238 680 1380 731 potius,
1401 693 1518 732 quam
1538 694 1604 718 ex-

136 740 413 792 peririjudicio
433 755 521 780 cum
551 755 597 780 eo
627 742 743 780 affine
772 755 856 780 meo
877 750 917 780 et
936 741 1089 779 molesti
1116 741 1261 792 aliquid
1289 742 1415 780 dicere
1440 742 1478 779 in
1500 756 1601 788 enm,

134 802 293 842 fratrem
326 803 457 842 uxoris
484 817 582 842 meae
603 810 643 841 et
662 805 897 842 avunculum
918 817 1090 842 meorum
1111 803 1285 850 liberum,
1316 811 1355 842 et
1373 805 1421 842 ab
1442 804 1516 842 isto
1537 819 1605 843 au-

136 864 220 903 dire
239 865 455 904 convicium
477 865 651 918 aliquod.
684 866 759 904 His
774 868 954 904 omnibus
969 866 1236 912 consideratis,
1257 866 1355 904 cessi
1376 866 1436 904 ei:
1467 874 1605 918 postea

133 933 254 978 pacta
272 928 570 980 conscripsimus
590 928 688 966 inter
707 941 777 967 nos
798 929 978 967 omnibus
1004 928 1054 966 de
1084 928 1209 974 rebus,
1229 936 1267 966 et
1288 936 1464 966 sanctum
1477 929 1604 981 jusju-

136 988 300 1027 randum
321 990 417 1029 alter
436 990 544 1029 alteri
564 989 756 1037 dedimus,
776 1004 845 1029 nos
861 990 1019 1029 omnino
1032 1003 1119 1041 quae
1133 991 1237 1028 bona
1252 990 1458 1030 manifesta
1475 999 1607 1030 essent

127 1050 233 1102 juste
252 1051 458 1100 divisuros,
479 1060 518 1091 et
536 1059 714 1090 neutrum
731 1053 879 1091 meliori
900 1053 983 1091 fore
1001 1052 1222 1091 conditione
1243 1066 1360 1104 quam
1380 1053 1545 1092 alterum
1566 1055 1603 1092 in

135 1111 181 1151 iis
201 1126 288 1164 quae
307 1114 446 1153 Conon
467 1115 704 1166 reliquisset,
724 1122 762 1153 et
781 1122 920 1154 caetera
939 1114 1069 1153 omnia
1096 1116 1352 1153 communiter
1373 1116 1604 1167 quaesituros

132 1181 172 1212 et
190 1181 410 1222 exacturos,
429 1175 530 1214 inter
548 1190 620 1215 nos
640 1177 896 1214 deliberantes
915 1177 1008 1227 quid
1028 1177 1166 1227 quovis
1187 1185 1361 1228 tempore
1376 1179 1481 1216 facto
1501 1186 1606 1217 esset

131 1250 244 1288 opus.
303 1238 607 1289 Suspicabamur
628 1239 744 1285 enim,
777 1239 953 1284 Judices,
981 1246 1166 1276 venturos
1199 1238 1313 1276 etiam
1338 1239 1432 1277 alios
1463 1240 1528 1290 qui
1556 1241 1604 1279 de

135 1299 308 1338 Cononis
330 1300 558 1340 haereditate
579 1301 766 1352 litigaturi
787 1307 932 1346 essent,
958 1307 1013 1346 ut,
1043 1308 1082 1339 et
1107 1301 1264 1338 fratrem
1295 1314 1440 1351 meum,
1467 1302 1604 1341 eodem

133 1371 242 1415 patre
261 1362 371 1401 illum
390 1364 563 1415 quidem,
584 1364 654 1402 sed
675 1370 796 1402 matre
816 1377 895 1401 non
919 1363 1054 1401 eadem
1076 1371 1224 1409 natum,
1244 1364 1308 1414 qui
1341 1377 1501 1414 peregre
1536 1367 1604 1403 ab·

128 1432 236 1464 erat:
266 1425 373 1477 qnod
389 1426 421 1464 si
438 1426 524 1477 quis
545 1426 643 1466 alius
662 1426 963 1465 controversiam
984 1426 1095 1464 nobis
1124 1426 1253 1464 facere
1272 1426 1402 1473 vellet,
1423 1441 1494 1465 nos
1517 1441 1602 1478 pro-

131 1487 264 1526 hibere
283 1502 363 1527 non
382 1502 498 1541 posse
514 1503 524 1533 ;
556 1503 644 1527 cum
659 1490 767 1541 leges
786 1488 906 1529 cuivis
926 1489 1022 1526 dent
1037 1488 1197 1540 petendi
1217 1495 1462 1539 potestatem.
1506 1490 1606 1529 Haec

131 1549 248 1600 igitur
267 1551 396 1589 omnia
416 1551 679 1602 providentes,
701 1557 813 1603 pacta
830 1550 1129 1601 conscripsimus
1146 1556 1185 1588 et
1203 1549 1318 1588 fidem
1340 1559 1473 1589 mutuo
1495 1551 1605 1590 dedi-

131 1624 233 1657 mus,
255 1619 298 1650 ut
314 1613 443 1651 neutri
459 1620 633 1651 nostrum
655 1612 716 1650 vel
736 1611 884 1650 volenti
903 1611 965 1649 vel
981 1612 1099 1649 invito
1119 1612 1251 1650 liceret
1270 1612 1478 1663 quicquam
1496 1628 1601 1652 seor-

132 1675 204 1714 sim
224 1688 354 1727 agere,
376 1676 445 1714 sed
465 1683 509 1715 ut
527 1676 576 1714 de
596 1675 793 1714 communi
813 1674 974 1713 consilio
1001 1682 1041 1712 et
1070 1675 1265 1713 sententia
1291 1688 1494 1726 ageremus
1520 1691 1603 1716 om-

132 1736 223 1775 nia:
253 1744 292 1775 et
308 1737 446 1776 harum
466 1751 591 1776 rerum
610 1744 730 1776 testes
758 1738 920 1776 fecimus
946 1736 1110 1788 primum
1139 1737 1248 1782 deos,
1269 1751 1435 1788 quorum
1461 1752 1603 1778 numen

132 1798 231 1837 alter
263 1798 373 1837 alteri
402 1799 630 1851 juravimus,
661 1807 699 1838 et
736 1806 924 1850 cognatos
951 1806 1120 1844 nostros,
1153 1799 1294 1837 deinde
1327 1801 1604 1842 Androclidem

130 1859 439 1905 Acharnensem,
460 1862 564 1913 apud
585 1875 700 1912 quem
721 1868 836 1912 pacta
851 1860 1115 1911 deposuimus.
1174 1861 1315 1911 Legam
1338 1861 1453 1912 igitur
1479 1865 1602 1911 vobis,

131 1921 308 1969 Judices‚
332 1922 473 1974 legem,
497 1936 576 1975 qua
593 1930 708 1975 pacta
728 1921 1030 1973 conscripsimus
1051 1922 1150 1959 inter
1170 1935 1254 1969 nos,
1281 1931 1319 1961 et
1339 1924 1602 1964 testimonium

129 1985 213 2037 ejus
235 1985 300 2037 qui
320 1992 436 2037 pacta
453 1985 585 2025 habet.
645 1986 785 2025 Recita
805 1984 932 2036 legem
953 1985 1130 2036 primum.

803 2142 925 2179 LEX.

131 2230 233 2284 Lege
254 2238 295 2271 et
314 2232 561 2272 Androclidae
581 2234 856 2274 testimonium.

659 2381 1074 2421 TESTIMONIUM.

183 2475 220 2512 3.
242 2474 457 2526 Postquam
477 2477 595 2515 fidem
614 2485 749 2516 mutuo
770 2478 965 2529 dedimus,
986 2480 1166 2532 pactione
1197 2481 1300 2532 apud
1320 2482 1598 2522 Androclidem

129 2537 312 2589 reposita,
341 2539 441 2577 duas
461 2553 537 2589 ego
557 2547 686 2592 partes
701 2541 789 2588 feci,
808 2541 985 2580 Judices.
1044 2544 1101 2581 Ac
1118 2543 1241 2582 altera
1260 2557 1350 2595 pars
1370 2551 1467 2591 erat,
1493 2545 1598 2583 aedes

129 2597 169 2636 in
191 2599 329 2651 quibus
349 2600 543 2640 habitarat
563 2602 646 2654 ipse
677 2603 830 2650 Conon,
849 2610 889 2642 et
914 2605 1105 2656 mancipia
1126 2607 1190 2656 qui
1209 2619 1347 2645 saccos
1384 2607 1596 2646 texebant:

129 2661 250 2701 altera
268 2675 356 2714 pars
375 2671 486 2701 erant
500 2664 588 2702 aliae
615 2665 719 2703 aedes
737 2673 777 2704 et
796 2666 988 2718 mancipia
1008 2668 1236 2718 seplasiarii.
1296 2669 1335 2706 Si
1357 2669 1450 2719 quid
1470 2677 1599 2707 autern

130 2723 307 2774 pecuniae
326 2725 542 2765 manifestae
565 2727 704 2765 Conon
731 2735 799 2766 aut
828 2727 866 2765 in
898 2742 1033 2767 mensa
1061 2729 1281 2769 Heraclidae
1309 2731 1530 2781 reliquerat,
1561 2732 1599 2769 id

130 2795 245 2823 omne
262 2785 342 2825 fere
360 2786 602 2840 insumptum
623 2789 696 2827 fuit
715 2789 753 2827 in
775 2790 1010 2841 sepulturam
1031 2799 1071 2830 et
1091 2801 1234 2831 caetera
1254 2793 1430 2831 funebria
1449 2800 1488 2831 et
1506 2794 1599 2832 aedi-

128 2845 347 2885 ficationem
368 2850 621 2889 monumenti.
679 2851 765 2902 Ego
797 2850 914 2903 igitur
940 2853 1055 2892 factis
1085 2855 1236 2893 duabus
1266 2854 1373 2892 hisce
1407 2856 1599 2906 partibus,

129 2907 326 2959 optionem
346 2911 627 2964 Olympiodoro
656 2912 747 2951 dedi
775 2922 900 2952 utram
931 2914 1049 2953 vellet
1068 2916 1260 2967 eligendi:
1293 2923 1409 2968 atque
1430 2917 1461 2956 is
1481 2917 1601 2970 elegit

129 2968 376 3021 seplasiarios
399 2980 437 3011 et
464 2974 584 3020 aedes,
604 2988 679 3025 ego
700 2988 790 3013 vero
819 2977 954 3027 accepi
986 2990 1188 3015 saccorum
1221 2985 1392 3017 textores
1424 2988 1462 3018 et
1495 2981 1601 3018 aedes
