1998 3306
342 218 421 255 536
708 216 1004 256 ADVERSUS
1035 216 1437 258 PHORMIONEM.

341 319 490 358 ensium
516 319 642 358 sorum
674 320 926 372 ingredimur,
952 321 1063 360 nulla
1081 322 1163 372 jam
1182 322 1294 360 nobis
1315 320 1419 360 actio
1438 320 1656 360 conveniet.
1714 319 1802 371 Ego

339 394 429 419 vero
450 393 539 419 cum
561 382 688 420 animo
711 395 798 421 meo
820 389 971 434 reputo,
993 383 1178 435 quidnam
1197 383 1236 420 in
1257 382 1525 434 exceptionem
1543 381 1801 433 inscripturus

341 443 469 489 fuerit,
491 444 523 482 si
542 444 765 484 Theodotus
785 445 834 484 de
864 459 985 485 causa
1006 446 1316 498 pronunciasset,
1347 457 1435 483 cum
1455 457 1572 492 nunc,
1590 450 1805 496 postquam

341 505 515 544 decrevit
546 506 771 546 Theodotus
801 506 837 545 in
868 507 1057 559 judicium
1078 507 1187 546 nobis
1216 520 1303 546 esse
1329 506 1575 554 veniendum,
1595 506 1803 546 convenire

339 567 451 605 nobis
472 569 664 607 actionem
686 569 789 621 apud
808 582 877 608 vos
897 576 1029 621 neget,
1058 569 1107 608 ad
1134 582 1230 620 quos
1249 569 1313 607 ille
1332 568 1445 608 nobis
1463 581 1551 608 esse
1579 567 1803 607 abeundum

339 629 622 678 pronunciavit.
679 631 927 683 Iniquissime
957 638 1060 670 certe
1081 643 1233 670 mecum
1261 637 1455 682 ageretur,
1477 643 1567 669 cum
1586 629 1692 681 leges
1711 642 1806 669 oon-

338 695 532 728 tractuum
553 691 617 742 qui
638 692 801 731 Athenis
821 693 919 731 fiunt
938 693 1111 731 actiones
1127 692 1208 731 dari
1229 692 1333 744 apud
1358 692 1529 733 sexviros
1549 692 1740 744 jubeant;
1772 693 1804 730 si

337 763 407 788 vos
433 749 627 790 actionem
648 754 857 804 negaretis,
880 754 944 805 qui
954 754 1173 805 juraveritis
1193 766 1261 791 vos
1283 754 1496 793 secundum
1519 753 1628 805 leges
1651 754 1805 806 judica-

341 819 460 852 turos.
517 816 580 853 Ac
597 823 731 854 mutuo
754 816 855 854 datae
877 829 900 854 a
919 816 1031 855 nobis
1050 816 1226 867 pecuniae
1245 822 1284 854 et
1301 817 1431 867 pactio
1450 821 1489 854 et
1505 815 1576 854 iste
1594 815 1678 868 ipse
1698 816 1805 854 testis

339 881 421 913 est:
450 876 613 914 redditae
643 883 772 914 autem
793 888 906 914 nemo
924 877 1034 915 testis
1062 883 1125 915 est
1144 883 1283 927 praeter
1303 877 1535 928 Lampidem
1561 877 1710 926 injuriae
1743 890 1805 916 so-

341 936 455 974 cium.
511 938 574 975 Ac
606 938 679 975 iste
702 936 859 987 quidem
884 937 942 974 ad
974 937 1084 975 illum
1117 937 1243 975 solum
1276 937 1531 976 redditionem
1562 938 1703 977 refert:
1732 951 1805 989 ego

339 1011 431 1036 vero
450 1005 490 1036 et
509 999 557 1038 ad
580 998 806 1048 Lampidem
826 997 953 1049 ipsum
972 1005 1012 1036 et
1041 998 1092 1036 ad
1119 1010 1186 1036 eos
1212 998 1278 1048 qui
1310 998 1518 1037 audierunt
1547 1012 1634 1038 eum
1657 1012 1804 1050 negan-

339 1068 417 1098 tem
437 1073 477 1097 se
490 1059 692 1109 'recepisse
721 1071 871 1096 aurum.
930 1059 1001 1097 Isti
1025 1059 1120 1097 licet
1148 1071 1255 1096 meos
1285 1065 1408 1098 testes
1438 1072 1641 1106 accusare,
1677 1061 1709 1099 si
1738 1074 1806 1100 eos

338 1134 430 1160 vera
449 1120 556 1172 loqui
575 1128 718 1171 negat:
750 1133 824 1172 ego
838 1133 935 1159 ,vero
954 1120 1048 1172 quid
1074 1133 1164 1159 curn
1189 1120 1291 1159 illius
1312 1122 1478 1160 testibus
1502 1134 1617 1173 agam
1641 1135 1718 1160 non
1736 1122 1807 1162 ha-

336 1182 423 1228 beo,
452 1182 519 1233 qui
553 1175 721 1220 se'scire
752 1181 889 1220 dicunt
924 1189 1110 1221 testatum
1149 1194 1236 1220 esse
1268 1181 1502 1234 Lampidem
1541 1196 1583 1221 se
1615 1183 1807 1235 recepisse

338 1258 487 1284 aurum.
523 1243 625 1281 Nam
646 1243 677 1281 si
695 1243 958 1282 testimonium
975 1244 1172 1296 Lampidis
1192 1244 1254 1283 hic
1274 1244 1520 1296 proferretur,
1537 1244 1612 1296 ipsi
1627 1244 1807 1284 fortassis

338 1318 493 1357 aequum
519 1317 607 1343 esse
631 1304 803 1343 dicerent
822 1312 866 1343 ut
883 1306 921 1344 in
950 1319 1040 1344 eum
1061 1318 1243 1357 agerem.
1274 1318 1377 1344 nunc
1403 1319 1530 1357 neque
1563 1306 1603 1344 id
1633 1306 1804 1345 testimo—

285 1378 294 1383 *
338 1367 444 1404 nium
464 1366 603 1412 habeo,
624 1372 664 1405 et
684 1364 758 1404 iste
788 1379 830 1404 se
859 1366 1082 1406 indemnem
1109 1380 1197 1405 esse
1216 1373 1344 1418 putat,
1362 1366 1471 1406 nullo
1503 1368 1615 1406 firmo
1645 1367 1806 1420 pignore

336 1429 481 1467 relicto·
490 1441 623 1467 eorum
648 1442 736 1479 quae
757 1442 823 1467 vos
840 1429 1048 1468 decernere
1068 1429 1255 1481 postulat.

396 1492 458 1528 16.
488 1490 592 1534 Quid
606 1503 698 1529 vero
719 1491 800 1528 fieri
816 1498 934 1542 queat
951 1490 1156 1529 absurdius
1176 1504 1291 1542 quam
1310 1503 1393 1537 vos,
1409 1504 1499 1529 cum
1519 1490 1602 1542 ipse
1624 1490 1807 1529 Phormio

341 1564 382 1589 se
401 1559 619 1590 mutuatum
640 1565 728 1591 esse
749 1553 933 1599 fateatur,
961 1553 1033 1591 sed
1052 1552 1270 1591 reddidisse
1292 1553 1411 1599 dicat,
1432 1552 1471 1590 id
1497 1551 1603 1602 quod
1631 1551 1704 1590 iste
1723 1552 1807 1603 ipse

337 1614 544 1652 confitetur
572 1613 700 1653 facere
732 1614 892 1661 irritum,
913 1615 952 1652 id
977 1627 1068 1653 vero
1088 1615 1195 1665 quod
1226 1615 1266 1652 in
1294 1614 1558 1653 controversia
1587 1619 1648 1652 est
1678 1619 1804 1652 ratum

337 1688 423 1714 esse
457 1675 692 1714 decernere?
733 1677 833 1714 Cum
865 1677 1043 1730 Lampis,
1059 1690 1137 1728 quo
1169 1677 1241 1716 iste
1273 1677 1397 1715 fretus
1429 1682 1504 1723 est,
1540 1675 1805 1714 testimonium

338 1736 457 1784 dicat,
477 1738 541 1789 qui
573 1739 621 1776 ab
648 1737 754 1776 initio
785 1751 826 1776 se
851 1739 1045 1790 recepisse
1070 1751 1206 1777 aurum
1228 1737 1413 1789 negavit:
1443 1750 1515 1775 vos
1535 1736 1567 1775 si
1587 1736 1806 1775 decernetis

336 1798 377 1836 id
411 1813 499 1837 eum
531 1800 740 1851 recepisse,
774 1812 854 1838 non
887 1799 1006 1837 futuri
1038 1800 1130 1839 estis
1163 1806 1285 1838 testes
1315 1798 1489 1850 negotii?
1540 1798 1591 1835 Iis
1607 1811 1695 1849 quae
1715 1811 1805 1837 vere

337 1859 446 1906 dixit,
464 1872 543 1897 non
561 1860 723 1897 utemini
743 1872 813 1910 pro
832 1866 1060 1910 argumento
1078 1873 1087 1898 :
1118 1873 1207 1910 quae
1237 1871 1328 1898 vero
1354 1866 1596 1897 commentus
1615 1866 1676 1898 est
1696 1859 1804 1897 dein-

336 1933 444 1972 ceps,
463 1926 673 1971 postquam
707 1925 912 1970 corruptus
941 1920 1028 1965 fuit,
1052 1932 1101 1958 ea
1119 1919 1365 1958 credibiliora
1394 1932 1482 1958 esse
1511 1919 1805 1958 existimabitis?

337 1982 459 2032 Atqui
479 1982 600 2019 multo
614 1982 759 2029 justius
780 1987 852 2026 est,
869 1981 1139 2027 Athenienses,
1153 1994 1199 2019 ex
1216 1981 1274 2019 his
1294 1994 1383 2032 quae
1403 1982 1451 2018 ab
1470 1980 1578 2019 initio
1592 1981 1697 2020 dicta
1712 1989 1805 2020 sunt

334 2043 595 2094 conjecturam
615 2054 753 2093 capere
782 2041 911 2092 potius
937 2054 1055 2092 quam
1074 2054 1121 2079 ex
1142 2042 1187 2079 iis
1208 2055 1293 2092 quae
1312 2048 1452 2092 postea
1469 2042 1702 2081 concinnata
1719 2043 1804 2081 fue-

336 2111 447 2142 runt:
477 2116 566 2141 nam
587 2115 634 2141 ea
651 2115 729 2141 non
751 2102 927 2148 edoctus,
949 2103 1018 2141 sed
1037 2102 1210 2140 veritatis
1231 2102 1361 2141 studio
1383 2103 1549 2149 dicebat,
1566 2104 1652 2142 haec
1672 2111 1803 2155 poste-

336 2166 436 2204 riora
464 2178 529 2216 per
546 2164 795 2203 mendacium
818 2170 858 2203 et
881 2164 932 2202 ad
951 2177 1062 2202 suam
1082 2165 1303 2203 utilitatem.
1361 2164 1635 2204 Recordamini
1655 2180 1804 2218 quaeso,

336 2227 609 2272 Athenienses,
630 2238 701 2264 nec
729 2225 857 2278 ipsum
878 2226 1102 2278 Lampidem
1118 2239 1301 2277 negasse,
1320 2227 1414 2277 quin
1434 2227 1587 2273 dixerit,
1605 2239 1646 2265 se
1665 2241 1802 2266 aurum

335 2301 415 2326 non
435 2288 650 2339 recepisse:
681 2287 750 2326 sed
770 2288 995 2326 confessum
1014 2301 1100 2327 esse
1124 2288 1281 2338 quidem
1300 2301 1341 2326 se
1359 2287 1399 2326 id
1420 2287 1580 2335 dixisse,
1606 2300 1804 2327 commen-

336 2357 419 2388 tum
437 2355 566 2388 autem
595 2356 677 2387 tum
709 2348 857 2388 dixisse
884 2363 973 2388 cum
996 2363 1071 2388 non
1092 2349 1197 2402 apud
1220 2363 1262 2388 se
1283 2355 1402 2388 esset.
1458 2350 1684 2388 Absurdum
1716 2364 1803 2402 pro·

334 2410 439 2449 fecto
471 2411 556 2458 erit,
589 2411 622 2449 si
653 2410 736 2462 ejus
766 2411 1040 2457 testimonium,
1060 2417 1253 2462 quatenus
1277 2410 1564 2450 fraudatoribus
1596 2412 1803 2451 commodo

335 2478 408 2518 est,
428 2478 472 2510 ut
490 2484 624 2510 verum
644 2472 836 2518 audietur,
857 2479 1050 2524 quatenus
1070 2485 1161 2512 vero
1183 2486 1205 2511 a
1225 2472 1413 2512 fraudatis
1438 2472 1534 2511 facit
1553 2473 1670 2511 fidem
1697 2473 1802 2526 apud

334 2546 403 2572 vos
424 2533 573 2571 nullam
592 2533 775 2572 inveniet.
835 2533 1107 2585 Nequaquam,
1127 2534 1149 2572 J
1155 2534 1301 2572 udices.

393 2596 454 2632 17.
485 2594 589 2632 Nam
604 2607 673 2633 vos
689 2594 805 2633 iidem
825 2596 933 2641 estis,
950 2596 1015 2647 qui
1036 2609 1137 2643 eum,
1153 2596 1219 2646 qui
1238 2609 1259 2634 e
1279 2601 1454 2634 mercatu
1482 2607 1665 2647 magnam
1684 2608 1802 2646 pecu·-

335 2655 439 2693 niam
457 2655 560 2693 ultra
579 2667 664 2694 eam
684 2668 801 2706 quam
829 2656 877 2694 ab
905 2655 986 2694 aliis
1009 2662 1214 2708 acceperat
1233 2661 1432 2694 mutuatus
1452 2654 1616 2707 pignora
1633 2656 1801 2694 credito-

337 2705 451 2754 ribus'
462 2729 540 2755 non
561 2715 801 2762 exhibuerat,
831 2717 956 2768 capite
977 2717 1339 2764 condemnaveritis,
1357 2715 1529 2755 delatum
1548 2716 1652 2768 apud
1677 2730 1802 2768 popu-

337 2775 432 2823 lum,
450 2790 612 2828 eumque
632 2777 755 2816 civem
774 2783 944 2816 vestrum
960 2785 1001 2816 et
1013 2779 1134 2830 patris
1153 2777 1387 2829 imperatorii
1405 2777 1540 2816 filium.
1561 2802 1564 2804 -
1598 2777 1801 2817 Putabatis

337 2838 440 2875 enim
461 2840 508 2876 ab
529 2852 575 2877 eo
595 2851 735 2891 genere
762 2839 961 2877 hominum
981 2853 1058 2878 non
1080 2840 1205 2878 solum
1225 2853 1292 2878 eos
1311 2840 1376 2891 qui
1395 2839 1434 2878 in
1454 2839 1542 2878 illos
1560 2838 1800 2886 incidissent,

339 2898 409 2938 sed
429 2907 639 2938 mercatum
663 2913 815 2952 quoque
839 2908 1008 2940 vestrum
1037 2901 1141 2940 laedi.
1199 2901 1356 2941 Merito.
1413 2900 1599 2945 Quaestus
1631 2900 1734 2940 enim
1762 2907 1801 2938 et
