1965 3356
0 3210 21 3356 ‘3⁷5
0 3167 17 3182 „j
13 3113 17 3120 .

608 223 663 261 IN
698 221 1039 261 STEPHANUM
1071 221 1099 257 Ι.
1507 219 1578 256 641

123 329 194 370 sed
215 337 254 369 et
268 343 313 368 ex
330 329 429 368 illius
446 330 559 368 factis
579 329 644 381 qui
659 341 746 366 eum
764 325 999 372 subornavit,
1019 337 1106 375 quae
1132 322 1198 361 ille
1217 322 1350 361 fecerit
1369 322 1457 361 volo
1475 322 1585 361 vobis

124 391 342 444 explicare:
373 391 478 443 quod
511 404 601 430 vero
631 390 738 429 initio
759 389 840 428 dixi
864 387 1060 432 orationis,
1077 384 1297 431 ostendam,
1318 398 1383 423 eos
1403 398 1427 423 a
1445 391 1586 423 semet-

123 453 217 506 ipsis
238 453 425 492 accusari.

179 517 241 553 ll.
262 515 421 554 Actioni
441 528 549 561 meae,
570 515 608 552 in
628 527 705 565 qua
734 513 807 551 ista
826 511 1045 551 testimonia
1065 509 1170 547 dicta
1192 515 1294 552 sunt,
1315 509 1586 559 exceptionem

119 577 306 629 opposuit
324 576 519 622 Phormio,
541 575 589 613 de
623 588 701 613 non
735 574 867 613 danda
899 573 991 611 mihi
1025 572 1194 616 actione,
1217 569 1324 622 quod
1352 582 1425 621 ego
1453 582 1586 607 seeum

120 638 428 677 controversiam
448 637 739 688 transegissem.
798 635 843 674 Id
864 641 993 674 autem
1011 647 1084 685 ego
1102 632 1348 671 mendacium
1374 643 1461 669 esse
1487 630 1584 676 scio,

120 707 162 738 et
181 713 405 751 coarguam,
425 712 515 737 cum
533 699 573 736 in
594 712 661 738 eos
680 705 801 737 testes
830 711 945 750 egero
975 696 1041 749 qui
1073 696 1140 734 illa
1169 694 1370 733 dixerunt:
1401 693 1474 732 iste
1493 706 1586 730 vero

119 761 194 800 hoc
214 761 342 800 dicere
361 774 439 800 non
459 767 598 813 potest.
645 760 760 805 Quod
784 761 816 799 si
835 772 966 799 veram
985 771 1072 797 esse
1092 757 1247 796 creditis
1267 755 1586 801 transactionem,

119 825 175 863 sic
193 824 267 863 iste
279 824 364 863 falsi
378 823 588 863 testimonii
602 823 663 862 vel
679 823 846 862 maxime
862 822 1126 868 convincetur,
1143 827 1182 859 et
1197 818 1451 859 commentitii
1465 824 1587 856 testa-

118 885 240 925 menti
271 885 393 925 fuisse
416 886 540 925 testis.
614 885 710 928 Quis
739 885 841 924 enim
870 884 925 922 ita
953 889 1014 922 est
1041 896 1176 921 amens
1196 888 1242 920 ut
1261 893 1391 920 coram
1420 879 1586 918 testibus

117 948 309 1000 transigat
327 961 405 1000 quo
418 955 504 987 rata
523 947 596 986 sibi
616 947 666 985 sit
684 946 914 986 transactio:
945 945 1147 997 pactiones
1167 950 1298 983 autern
1314 949 1354 982 et
1372 948 1587 980 testamen-

117 1015 159 1048 ta
178 1016 218 1048 et
242 1009 404 1062 reliqua,
421 1010 470 1049 de
490 1009 630 1061 quibus
651 1008 853 1061 transegit,
875 1007 1080 1060 obsignata
1100 1013 1237 1046 contra
1258 1019 1299 1044 se
1314 1005 1446 1057 jacere
1462 1003 1588 1042 sinat?

117 1071 288 1110 Proinde
312 1071 506 1111 contraria
535 1078 596 1110 est
617 1072 793 1110 omnibus
828 1070 940 1110 dictis
965 1069 1130 1109 ‘testium
1157 1068 1355 1120 excepti0;
1393 1067 1588 1105 contraria

116 1132 225 1181 item,
243 1146 360 1185 quam
376 1133 486 1173 vobis
518 1133 635 1172 modo
661 1133 818 1172 recitavi
846 1132 1098 1177 locationem,
1118 1136 1354 1169 testamento
1376 1128 1457 1167 illi:
1492 1127 1587 1166 nihil

117 1194 284 1247 denique
297 1202 426 1235 actum
446 1202 506 1234 est
519 1195 624 1246 quod
637 1195 698 1234 vel
710 1195 908 1247 probabile
923 1194 983 1232 vel
1003 1193 1165 1245 simplex
1180 1192 1242 1231 vel
1261 1193 1387 1244 ipsum
1402 1190 1474 1229 sibi
1493 1203 1587 1228 con-

116 1264 344 1296 sentaneum
363 1257 429 1302 sit;
451 1257 523 1296 sed
535 1256 612 1295 hoc
631 1263 745 1309 pacto
764 1256 1027 1296 commentitia
1044 1261 1084 1293 et
1101 1254 1270 1293 conficta
1289 1266 1336 1291 ea
1355 1265 1439 1291 esse
1460 1252 1588 1290 omnia

116 1320 372 1373 reperiuntur.

174 1383 238 1420 12.
259 1381 405 1420 Verum
433 1381 551 1434 igitur
578 1394 661 1420 esse
695 1381 975 1427 testimonium,
996 1394 1126 1432 neque
1156 1380 1271 1417 istum
1299 1378 1439 1430 ipsum,
1458 1389 1586 1428 neque

116 1443 231 1483 alium
251 1443 334 1495 ejus
353 1450 558 1496 patronum
579 1443 785 1482 ostendere
803 1456 920 1494 posse
940 1442 1139 1481 existimo:
1161 1441 1233 1479 sed
1253 1440 1372 1479 talem
1388 1439 1586 1490 quandam

117 1505 381 1547 defensionem
399 1518 485 1544 esse
504 1505 731 1544 meditatum
750 1505 880 1552 audio,
898 1518 939 1543 se
959 1503 1242 1557 provocationis
1262 1516 1347 1542 esse
1366 1515 1488 1548 reum,
1509 1514 1588 1540 non

115 1567 341 1614 testimonii,
360 1574 412 1616 et,
431 1567 482 1607 ad
496 1567 574 1606 duo
590 1567 663 1606 sibi
682 1580 769 1606 esse
789 1567 1122 1620 respondendum,
1140 1579 1217 1605 non
1238 1566 1290 1604 ad
1310 1565 1439 1604 omnia
1458 1564 1588 1616 capita

117 1629 390 1677 accusationis,
416 1630 582 1681 primum
615 1642 666 1668 an
696 1629 958 1669 conditionem
991 1642 1079 1668 earn
1105 1628 1287 1668 Phormio
1330 1628 1422 1666 mihi
1457 1627 1589 1665 tulerit

115 1704 252 1739 necne,
272 1691 427 1738 deinde,
449 1697 580 1729 utrum
600 1704 687 1730 eam
708 1704 783 1743 ego
802 1705 879 1731 non
900 1691 1126 1744 acceperim.
1184 1692 1246 1730 Ea
1263 1691 1365 1730 enirn
1385 1691 1417 1728 si
1441 1689 1586 1741 simpli-

117 1753 213 1793 citer
231 1767 303 1806 pro
322 1754 546 1793 testimonio
566 1754 782 1793 affirmasse
798 1754 926 1794 dicet:
959 1760 1104 1794 caetera
1116 1754 1226 1792 illum
1254 1754 1293 1792 in
1312 1752 1586 1805 provocatione

117 1815 308 1868 posuisse,
325 1829 413 1868 quae
431 1829 575 1856 verane
594 1829 644 1855 an
665 1816 765 1855 falsa
784 1816 873 1863 sint,
894 1830 965 1855 sua
980 1816 1076 1855 nihil
1095 1816 1296 1856 interesse.

175 1879 240 1917 13.
270 1878 469 1917 Adversus
498 1878 617 1931 igitur
644 1892 731 1918 eam
760 1878 974 1918 orationem
1006 1885 1046 1917 et
1074 1878 1369 1931 impudentiam,
1399 1876 1586 1929 optimum

120 1946 182 1979 est
210 1939 345 1992 paucis
373 1953 444 1978 vos
469 1940 715 1992 praemoneri,
743 1954 792 1979 ne
818 1940 1079 1993 decipiamini.
1136 1940 1309 1978 Primum
1337 1938 1469 1991 igitur,
1497 1952 1587 1977 cum

119 2000 249 2039 dicere
279 2000 501 2048 instituerit,
530 2015 574 2040 se
601 2015 681 2041 non
702 2001 874 2040 omnium
906 2015 993 2042 esse
1023 2015 1146 2050 reum,
1171 2001 1358 2053 cogitate,
1387 2000 1475 2053 lege
1498 2013 1587 2052 pro-

119 2069 255 2114 pterea
286 2069 445 2101 cautum
464 2075 550 2101 esse
574 2070 620 2102 ut
642 2063 907 2103 testimonium
932 2064 1075 2103 tabulis
1099 2064 1388 2111 inscriberetur,
1408 2077 1456 2102 ne
1480 2064 1588 2114 quic-

118 2137 236 2176 quam
254 2123 406 2177 scriptis
424 2124 486 2163 vel
505 2124 598 2163 addi
616 2125 678 2163 vel
697 2123 848 2163 detrahi
867 2131 1013 2176 posset.
1063 2125 1166 2164 Tum
1186 2126 1304 2177 igitur
1324 2138 1372 2164 ea
1389 2125 1509 2163 deleri
1521 2125 1587 2176 ju-

118 2189 211 2226 bere
231 2186 376 2235 debuit,
392 2200 481 2239 quae
494 2199 538 2226 se
555 2200 660 2226 nunc
679 2187 823 2226 dixisse
841 2194 973 2239 negat,
990 2201 1070 2227 non
1086 2201 1205 2236 nunc,
1217 2194 1426 2240 postquam
1438 2189 1587 2233 insunt,

120 2249 363 2301 impudenter
391 2248 556 2288 mentiri.
612 2248 770 2287 Deinde
802 2249 897 2287 illud
916 2249 1032 2288 etiam
1058 2249 1300 2302 perpendite,
1321 2249 1497 2301 nunquid
1526 2263 1586 2288 me

121 2317 274 2364 arrepta
291 2310 438 2350 tabella
454 2310 667 2364 quidquam
684 2310 904 2350 adscribere
920 2311 1162 2363 pateremini.
1202 2311 1294 2351 Non
1316 2312 1458 2363 utique.
1491 2311 1587 2350 Pro-

122 2373 213 2412 inde
232 2387 306 2412 nec
324 2372 389 2412 isti
408 2380 453 2412 ut
471 2372 604 2412 deleat
622 2373 829 2424 quicquam
847 2388 867 2413 e
887 2373 1041 2425 scriptis
1061 2373 1367 2427 permittendum
1385 2382 1446 2412 est
1462 2387 1470 2411 :
1501 2374 1587 2426 quis

123 2436 224 2474 enim
238 2448 409 2487 unquam
422 2434 512 2475 falsi
524 2435 735 2475 testimonii
750 2436 1018 2482 convincetur,
1035 2436 1069 2475 si
1087 2443 1127 2475 et
1144 2436 1349 2475 testabitur
1362 2449 1450 2487 quae
1469 2436 1587 2479 volet,

124 2503 164 2537 et
181 2511 342 2550 quorum
367 2498 520 2537 libitum
545 2498 618 2537 erit
636 2498 825 2538 rationem
846 2499 1006 2543 reddet?
1060 2499 1139 2537 Sed
1158 2512 1238 2538 non
1259 2500 1314 2538 ita
1338 2498 1423 2538 haec
1442 2498 1503 2537 vel
1530 2498 1587 2536 di-

72 2567 75 2570 ’
122 2560 264 2599 stincta
289 2559 377 2612 lege
401 2568 506 2609 sunt,
524 2560 587 2600 vel
612 2560 809 2600 audienda
828 2562 962 2601 vobis:
991 2561 1062 2600 sed
1082 2561 1178 2600 illud
1196 2561 1361 2613 simplex
1380 2567 1420 2600 et
1438 2567 1587 2599 rectum

124 2628 198 2669 est,
244 2621 366 2674 quid
412 2622 666 2675 scriptum
710 2622 822 2662 est?
878 2623 999 2675 quid
1047 2630 1286 2662 testatus
1335 2623 1419 2662 es?
1479 2622 1587 2660 haec

126 2696 242 2723 esse
275 2696 401 2722 vera
439 2684 682 2724 ostende.
742 2684 843 2723 Nam
871 2685 975 2724 litem
1010 2685 1064 2723 ita
1096 2691 1338 2723 contestatus
1371 2696 1426 2730 es,
1464 2696 1588 2721 vera

128 2758 234 2784 sum
281 2753 547 2794 testatus,
583 2752 822 2786 testatus
872 2760 929 2786 ea
979 2760 1092 2798 quae
1143 2747 1358 2785 suntin
1399 2744 1588 2783 tabula

128 2800 348 2858 scripta,
380 2820 476 2847 non
507 2808 669 2856 illud,
706 2808 787 2847 vel
832 2809 991 2856 illud,
1028 2809 1080 2846 in
1123 2808 1322 2847 tabula.
1382 2807 1586 2845 Utautem

127 2867 211 2906 haec
227 2868 279 2906 ita
297 2882 338 2908 se
355 2869 497 2910 habere
512 2877 677 2918 constet,
697 2884 792 2923 cape
806 2870 931 2922 ipsam
952 2871 1029 2909 litis
1042 2870 1381 2909 contestationem.
1410 2868 1562 2907 Recita.

877 3043 947 3077 42<
