1915 3356
551 182 776 222 CONTRA
802 178 1164 230 TIMARCHUM.
1544 174 1594 215 33

121 290 239 330 istum
258 288 517 334 asseetemini‚
538 300 664 338 neque
685 297 851 337 usquam
870 284 1047 323 aberrare
1065 281 1280 333 patiamini,
1299 287 1368 318 aut
1380 278 1593 318 rationibus

122 350 258 389 alienis
279 363 303 388 a
322 363 443 389 causa
461 350 553 388 niti:
585 349 669 394 sed,
691 344 1021 399 quemadmodum
1035 343 1076 380 in
1091 342 1383 380 decursionibus
1405 340 1595 392 equestri-

120 412 211 457 bus,
238 412 278 449 in
306 412 434 462 ipsum
454 410 601 462 negotii
627 422 784 447 cursum
809 405 1064 456 compellatis.
1116 403 1216 447 Quae
1243 404 1275 440 si
1301 403 1484 449 feceritis,
1513 415 1594 440 non

120 474 436 519 contemnemini,
458 473 528 512 sed
557 472 696 510 iisdem
716 470 854 508 animis
870 469 976 506 eritis
996 468 1035 505 in
1058 465 1262 504 sententiis
1287 466 1477 512 dicendis,
1507 466 1593 517 qui-

120 536 194 578 bus
224 536 315 575 estis
343 536 383 574 in
402 536 554 586 legibus
581 532 777 571 ferendis:
810 532 871 569 sin
898 531 1041 576 minus,
1070 528 1359 574 existimabunt,
1392 541 1474 574 vos,
1503 541 1604 566 cumr

122 597 404 636 committenda
423 602 538 635 erunt
556 594 760 640 maleficia,
779 592 1004 645 praesentire
1025 598 1140 642 atque
1158 589 1290 635 irasci,
1309 589 1374 626 ubi
1391 590 1597 628 commissa

122 659 279 706 fuerint,
300 658 395 697 nihil
424 671 471 696 ea
499 670 648 695 curare.
695 657 754 695 Ac
783 663 825 694 ut
863 653 1082 694 summatim
1119 652 1264 698 dicam,
1305 651 1338 689 si
1374 651 1597 702 puniveritis

123 720 336 766 maleficos,
356 720 463 771 leges
482 725 623 757 vestrae
641 725 681 757 et
698 718 877 756 honestae
897 722 1012 755 erunt
1029 722 1069 753 et
1096 723 1218 753 ratae:
1250 713 1310 753 sin
1339 712 1594 758 absolveritis,

121 780 300 821 honestae
319 781 526 825 duntaxat,
548 793 627 819 non
645 781 736 819 item
755 786 865 818 ratae.
1144 816 1147 819 .

176 844 242 881 35.
271 843 426 887 Quibus
442 849 572 881 autern
591 842 640 880 de
655 842 784 881 causis
803 841 888 878 haec
903 839 1044 885 dicam,
1059 852 1139 876 non
1153 838 1341 877 dubitabo
1355 837 1476 875 libere
1491 835 1598 888 apud

61 916 64 917 ’
121 918 191 943 vos
211 917 416 956 exponere,
447 904 566 956 idque
593 903 768 943 adducto
795 902 988 954 exemplo.
1031 901 1113 938 Cur
1131 900 1295 952 putatis,
1317 898 1600 947 Athenienses,

123 966 234 1018 leges
261 981 329 1006 vos
355 968 498 1006 habere
518 967 655 1017 bonas„
675 967 837 1005 decreta
863 978 957 1004 vero
979 964 1187 1010 deteriora,
1206 969 1246 1002 et
1266 962 1481 1001 sententias
1494 962 1601 1014 judi—

124 1029 271 1068 ciorum
292 1029 505 1081 aliquando
525 1028 785 1081 reprehendi?
816 1028 904 1080 Ego
924 1040 1067 1066 causas
1087 1026 1307 1065 ostendam.
1355 1025 1473 1069 Quod
1491 1025 1602 1076 leges

126 1092 301 1139 sancitis,
320 1092 445 1131 omnis
461 1091 656 1144 aequitatis
671 1091 806 1130 habita
824 1090 988 1136 ratione,
1003 1102 1082 1127 non
1101 1088 1235 1140 injusti
1250 1087 1347 1127 lucri
1367 1099 1502 1134 causa,
1523 1100 1604 1126 non

126 1167 174 1192 ex
186 1154 407 1202 inimicitiis,
425 1155 495 1193 sed
507 1155 546 1192 in
557 1155 681 1206 ipsam
693 1155 884 1206 justitiam
897 1153 1090 1192 duntaxat
1105 1160 1145 1191 et
1162 1151 1370 1191 utilitatem
1383 1152 1603 1195 intuentes;

125 1229 214 1254 cum
229 1223 360 1255 autem
376 1216 607 1255 dexteritate
625 1217 873 1268 ingeniorum
889 1215 973 1254 aliis
993 1214 1255 1260 antecellatis,
1276 1227 1355 1252 non
1374 1215 1515 1252 mirum
1531 1220 1605 1260 est,

125 1291 195 1316 vos
220 1277 501 1332 pulcherrimas
532 1279 682 1317 sancire
714 1278 849 1330 leges:
885 1279 925 1316 in
947 1277 1202 1316 concionibus
1223 1283 1352 1315 autem
1373 1284 1413 1315 et
1432 1277 1606 1329 judiciis,

126 1353 234 1392 saepe
256 1340 449 1392 neglectis
471 1340 643 1392 ipsorum
673 1341 917 1392 negotiorum
945 1339 1173 1384 rationibus,
1201 1340 1249 1377 ab
1269 1339 1547 1391 impostoribus
1568 1347 1608 1379 et

128 1402 433 1440 ostentatoribus
453 1402 492 1439 in
511 1402 688 1441 fraudem
711 1401 922 1440 illieimini:
954 1401 1238 1440 consuetudine
1259 1401 1297 1438 in
1317 1403 1607 1442 controversias

129 1465 302 1503 omnium
329 1464 586 1516 injustissima
605 1464 844 1503 introducta.
886 1464 1116 1502 Permittitis
1136 1465 1250 1510 enim,
1272 1470 1317 1502 ut
1335 1464 1359 1502 ii
1378 1466 1444 1516 qui
1465 1479 1606 1505 causas

130 1526 280 1573 dicunt,
298 1527 594 1565 recriminentur
607 1537 691 1573 eos,
711 1539 735 1564 a
753 1526 892 1577 quibus
912 1533 1161 1564 accusantur.
1194 1526 1330 1577 Itaque
1350 1527 1476 1565 avulsi
1496 1541 1518 1566 a
1538 1528 1607 1566 de-

128 1588 319 1635 fensione,
334 1588 553 1640 animisque
573 1589 624 1626 ad
639 1589 716 1627 alia
728 1588 933 1635 traductis,
949 1588 987 1625 in
1005 1588 1264 1627 accusationis
1281 1589 1519 1628 oblivionem
1534 1591 1608 1629 irn-

130 1650 248 1702 pulsi,
275 1663 296 1687 e
317 1650 505 1701 praetoriis
521 1650 739 1696 disceditis,
756 1650 803 1688 de
819 1657 958 1688 neutro
974 1651 1102 1702 poenis
1120 1651 1287 1702 sumptis
1303 1664 1312 1689 ε
1335 1665 1462 1702 neque
1476 1653 1525 1691 de
1541 1666 1607 1691 ac—

132 1719 326 1758 cusatore,
344 1712 578 1751 -calculus
598 1713 699 1751 enim
721 1719 860 1751 contra
881 1725 970 1750 eum
993 1726 1070 1750 non
1097 1713 1279 1759 datur—‚
1301 1727 1426 1764 neque
1446 1715 1495 1753 de
1526 1729 1605 1754 reo.

137 1773 237 1812 Aliis
250 1773 353 1812 enim
369 1774 636 1821 criminandis,
649 1775 879 1826 objectasibi
895 1775 1057 1813 crimina
1073 1775 1341 1827 propulsando
1357 1777 1494 1828 effugit
1508 1779 1602 1830 eju-

133 1835 257 1873 dicio:
285 1835 395 1886 leges
412 1842 543 1874 autem
562 1837 815 1887 abrogantur‚
836 1845 875 1876 et
894 1837 1118 1887 respublica
1139 1837 1282 1883 interit,
1302 1846 1339 1875 et
1360 1842 1607 1880 consuetudo

134 1897 220 1936 haec
239 1896 318 1935 late
332 1903 511 1948 vagatur.
542 1897 674 1935 Facile
687 1899 789 1935 enim
805 1912 1072 1950 saepenumero
1085 1899 1235 1949 absque
1249 1900 1328 1938 vita
1341 1900 1509 1941 honesta
1521 1917 1610 1955 pro-

131 1959 233 1998 batis
255 1960 484 2002 orationem.
514 1959 810 1999 Lacedaemonii
828 1974 921 2000 vero
942 1974 1022 1999 non
1041 1961 1095 1999 ita
1115 1961 1280 2000 faciunt:
1311 1962 1521 2002 honestum
1542 1979 1609 2004 au-

106 2055 108 2057 ,
135 2027 214 2060 tem
233 2028 307 2066 est,
326 2021 442 2059 etiam
471 2028 691 2059 exterorum
712 2022 873 2061 virtutes
894 2023 1048 2061 imitari.
1087 2023 1189 2061 Nam
1209 2036 1298 2061 cum
1318 2023 1477 2074 quidam
1505 2029 1612 2078 apud

133 2083 221 2122 illos
241 2083 469 2122 concionem
483 2082 697 2131 habuisset,
710 2085 768 2122 vir
781 2091 826 2123 ut
838 2085 928 2123 vitae
944 2085 1163 2136 flagitiosae,
1179 2086 1235 2123 ita
1246 2099 1408 2125 summae
1422 2088 1610 2140 eloquen-

135 2145 214 2192 tiae,
234 2152 350 2196 atque
372 2145 676 2193 Lacedaemonii,
693 2154 736 2185 ut
753 2146 874 2193 aiunt,
889 2147 928 2184 in
943 2150 1025 2195 ejus
1039 2147 1272 2185 sententiam
1288 2148 1377 2186 ituri
1390 2159 1534 2197 essent,
1551 2165 1611 2191 se—

137 2220 231 2246 num
242 2207 402 2258 quidam
416 2208 575 2259 prodiit,
590 2221 690 2259 quos
705 2208 760 2246 illi
772 2216 810 2247 et
826 2216 1021 2256 verentur,
1036 2216 1076 2248 et
1088 2216 1286 2247 metuunt:
1302 2217 1363 2248 est
1378 2211 1478 2249 enim
1494 2214 1611 2253 moris

137 2282 286 2315 eorum,
305 2282 500 2308 summum
519 2270 804 2321 magistratum,
823 2271 922 2309 illius
942 2271 1069 2309 aetatis
1093 2279 1355 2322 cognomento
1381 2272 1585 2313 honestare
1603 2290 1611 2314 :

137 2331 366 2382 deliguntur
385 2338 516 2370 autem
535 2332 725 2380 homines,
745 2332 811 2384 qui
832 2345 855 2370 a
873 2333 1039 2384 pueritia
1059 2346 1183 2385 usque
1203 2333 1252 2371 ad
1270 2342 1509 2374 senectutem
1531 2350 1612 2375 mo-

137 2393 251 2432 deste
269 2393 472 2431 vixerunt:
501 2393 638 2432 horum
660 2395 777 2446 igitur
795 2408 895 2433 unus
907 2395 1098 2446 prodiisse
1116 2394 1251 2441 fertur,
1274 2404 1314 2434 et
1331 2398 1468 2436 acriter
1483 2400 1613 2451 objur-

137 2469 253 2508 gasse
275 2455 611 2503 Lacedaemonios,
641 2470 686 2495 ae
707 2457 783 2496 tale
803 2458 1003 2509 quoddam
1024 2459 1062 2496 in
1095 2471 1162 2497 eos
1192 2459 1440 2497 maledictum
1454 2461 1614 2512 jecisse,

138 2530 218 2557 non
237 2517 305 2556 diu
327 2518 506 2569 Spartam
527 2518 610 2557 fore
629 2519 678 2557 ab
699 2519 828 2558 hostili
848 2520 1031 2559 violentia
1054 2521 1315 2559 incolumem:
1347 2522 1378 2559 si
1407 2523 1549 2561 talibus
1576 2524 1614 2561 in

137 2581 330 2622 concione
359 2582 584 2620 suasoribus
608 2589 820 2622 uterentur.
869 2583 1094 2635 Eademque
1116 2597 1235 2636 opera
1262 2585 1476 2623 accersisse
1496 2586 1614 2623 alium

139 2643 337 2695 quendam
368 2643 723 2692 Lacedaemonium,
751 2645 876 2684 virum
904 2645 1011 2684 haud
1039 2659 1135 2684 sane
1165 2647 1369 2692 disertum,
1400 2646 1467 2684 sed
1497 2648 1613 2685 rebus

138 2706 244 2745 bello
273 2705 395 2756 gestis
424 2706 628 2754 illustrem,
652 2707 882 2759 justitiaque
913 2715 952 2746 et
983 2709 1223 2747 continentia
1259 2716 1509 2760 praestantem
1525 2722 1533 2746 :
1568 2723 1614 2748 ac

133 2768 316 2821 jussisse,
335 2773 380 2805 ut
411 2769 569 2807 easdem
589 2770 811 2813 sententias,
838 2783 934 2821 quas
963 2771 1066 2821 prior
1091 2771 1154 2809 ille
1184 2778 1313 2809 orator
1341 2770 1513 2815 dixisset,
1544 2785 1614 2822 pro

140 2844 213 2870 sua
229 2829 327 2867 virili
347 2836 544 2882 utcunque
565 2838 783 2884 repeteret:
815 2840 871 2879 ut,
891 2831 1027 2883 inquit,
1050 2833 1335 2875 Lacedaemonii
1356 2833 1404 2870 de
1435 2833 1501 2870 viri
1523 2834 1614 2871 boni

141 2892 336 2932 sententia
355 2893 581 2942 decernant,
601 2895 832 2946 ignavorum
855 2902 982 2932 autem
1004 2903 1120 2946 atque
1137 2896 1398 2947 improborum
1416 2896 1614 2934 hominum

142 2969 192 2995 ne
209 2969 346 2995 vocem
364 2956 520 3007 quidem
540 2958 698 2996 auribus
719 2957 940 2996 admittant.
981 2958 1079 2997 Haec
1101 2971 1221 2997 senex
1242 2957 1318 3002 ille,
1342 2971 1364 2996 a
1383 2971 1499 3010 puero
1519 2967 1614 2997 tem-

826 3019 902 3056 *F
