1948 3306
367 207 443 246 654
834 207 891 246 IN
921 204 1258 246 STEPHANUM
1289 206 1343 246 11.

422 310 483 346 14.
503 307 696 360 Perquam
711 308 825 361 igitur
840 323 862 348 e
878 310 986 349 vobis
999 323 1172 360 quaerere
1187 310 1300 349 velim
1320 310 1368 349 de
1387 309 1493 349 hisce
1507 310 1700 359 omnibus,
1711 324 1814 350 nun-

363 370 457 422 quid
476 371 636 410 civitatis
655 372 821 424 legibus,
841 385 890 410 an
906 384 995 410 vero
1013 372 1058 410 iis
1079 385 1175 423 quas
1196 372 1277 424 ipse
1297 372 1479 411 Phormio
1495 372 1566 411 sibi
1583 372 1683 419 tulit,
1693 373 1811 424 jurati

357 432 423 483 jus
444 431 610 471 dicatis?
644 433 728 485 Ego
748 433 903 484 quidem
922 433 992 471 has
1011 433 1120 471 vobis
1138 433 1299 473 exhibeo
1315 441 1354 473 et
1372 433 1536 473 ostendo
1554 447 1619 473 eas
1639 435 1687 472 ab
1706 440 1812 473 utro-

363 507 440 545 que
459 507 545 533 esse
562 494 722 533 violatas
743 508 752 532 :
777 501 823 536 et,
842 495 1113 533 Phormionem
1138 495 1186 533 ab
1204 494 1314 534 initio
1332 495 1444 533 nobis
1465 495 1605 534 fecisse
1622 494 1810 546 injuriam,

363 562 403 594 et
420 555 586 607 pecunia
602 556 821 602 fraudasse,
843 569 960 608 quam
980 556 1090 595 nobis
1108 563 1216 608 pater
1234 556 1400 609 reliquit,
1421 563 1461 595 et
1480 556 1539 595 isti
1557 557 1698 596 locavit
1721 570 1811 595 cum

362 629 498 656 mensa
518 624 558 656 et
575 618 751 662 officina3
782 618 1020 670 Stephanum
1038 624 1166 657 autem
1185 618 1284 657 falsa
1298 631 1385 657 esse
1405 625 1602 666 testatum,
1619 625 1658 658 et
1675 624 1832 657 contra=

361 679 504 729 legem.

421 742 481 778 15.
502 740 604 778 Illud
622 746 822 791 praeterea,
842 740 865 778 J
871 739 1018 785 udices,
1037 739 1282 779 considerare
1308 747 1366 779 est
1392 754 1518 793 operae
1545 740 1724 792 pretium,
1743 753 1811 779 ne-

362 802 504 840 minem
518 815 689 854 unquam
705 802 925 841 testamenti
938 801 1159 853 exemplum
1174 802 1333 841 fecisse:
1354 803 1394 841 in
1411 802 1640 856 syngraphis
1655 802 1811 854 quidem

362 863 400 902 id
430 863 512 902 fieri
532 864 645 911 solet,
664 877 712 901 ne
741 876 809 915 per
835 863 1113 914 ignorationem
1138 864 1177 902 in
1203 877 1268 902 eas
1296 872 1471 916 peccent,
1490 870 1811 904 testamentorum

362 925 439 964 alia
457 926 553 964 ratio
569 932 641 964 est.
698 926 794 964 Eam
814 926 913 963 enim
934 926 983 964 ob
1001 938 1082 963 rem
1101 938 1148 963 ea
1165 931 1372 964 testatores
1390 926 1620 979 relinquunt,
1635 932 1680 964 ut
1697 939 1810 964 nemo

363 988 464 1025 norit
480 987 665 1038 quidnam
695 987 977 1025 constituerint.
1034 988 1123 1030 Quo
1150 993 1269 1038 pacto
1295 987 1411 1038 igitur
1442 1002 1512 1026 vos
1540 987 1661 1033 scitis,
1680 999 1811 1025 exem-

362 1048 469 1100 plum
489 1061 574 1087 esse
592 1048 813 1086 testamenti
833 1047 1023 1094 Pasionis‚
1042 1061 1089 1086 ea
1106 1061 1193 1099 quae
1212 1048 1251 1086 in
1271 1048 1408 1087 tabulis
1429 1049 1570 1101 scripta
1587 1047 1766 1087 suerunt?

422 1110 482 1148 16.
504 1108 586 1161 Ovro
606 1115 736 1148 autem
757 1122 825 1148 vos
843 1122 990 1155 omnes,
1005 1109 1179 1156 Judices,
1198 1115 1236 1147 et
1250 1110 1435 1157 obtestor,
1451 1116 1496 1148 ut
1519 1116 1559 1148 et
1578 1122 1638 1147 me
1655 1108 1812 1160 juvetis,

365 1177 406 1210 et
417 1183 484 1209 eos
497 1171 563 1222 qui
581 1171 635 1210 ita
655 1170 794 1222 cupide
808 1171 907 1209 falsa
920 1170 1173 1209 testificantur
1191 1171 1373 1221 puniatis,
1390 1177 1473 1212 tum
1485 1176 1613 1210 vestra
1626 1169 1811 1222 ipsorum,

365 1239 446 1273 tum
465 1245 564 1282 mea,
584 1239 666 1272 tum
679 1232 854 1285 justitiae,
868 1239 952 1274 tum
969 1231 1101 1284 legum
1120 1243 1253 1271 causa.
