1948 3306
318 148 369 183 74
769 146 827 184 IN
859 145 1307 185 CTESIPHONTEM.

316 249 408 287 dum
428 248 523 299 legis
549 248 774 300 aequitatem
794 249 956 288 ferenda
976 249 1168 288 sententia
1198 256 1271 296 est,
1293 262 1370 287 non
1391 248 1557 288 dicentis
1578 248 1782 300 impuden-

317 311 424 349 tiam.

371 373 409 409 9.
439 372 531 410 Jam
562 372 612 410 de
632 372 709 419 illa,
731 385 848 423 quam
870 372 1163 411 Demosthenes
1189 372 1528 425 inexpugnabilem
1550 372 1617 419 ait,
1637 373 1785 412 ratione

318 446 443 484 pauca
463 434 707 486 praemittam.
741 434 860 472 Dicet
873 434 973 472 enim
995 434 1083 483 iste,
1105 449 1124 473 e
1139 448 1199 487 go
1226 434 1370 472 muris
1398 434 1685 472 reficiendis
1711 448 1786 473 cu-

317 502 449 534 rator
499 510 615 544 sum,
653 497 821 542 fateor,
857 496 942 534 sed
988 497 1143 535 minas
1191 504 1380 535 centum
1431 495 1644 546 largitus
1683 509 1786 533 sum

318 557 522 604 civitati,
555 565 701 609 atque
741 570 856 609 opus
893 557 1003 596 inde
1053 559 1259 609 amplius
1298 558 1448 596 multo
1481 556 1637 595 effeci.
1694 558 1784 596 Cu-

312 622 388 668 jus
420 619 572 670 igitur
606 621 673 658 rei
704 619 815 656 mihi
849 619 975 656 ratio
1011 619 1273 658 referenda
1311 627 1397 667 est,
1436 619 1531 657 nisi
1569 618 1702 657 forte
1742 626 1789 658 et

320 683 677 721 benevolentiae
726 683 788 720 sit
843 681 968 719 ratio
1026 681 1189 732 aliqua
1238 681 1524 720 referenda?
1586 681 1788 719 Adversus
1834 678 1838 689 “

319 758 407 782 eum
449 752 576 782 autem
617 750 846 795 praetextum
877 742 1009 781 audite
1047 756 1108 781 me
1137 744 1285 794 paucis,
1326 756 1442 794 quam
1472 756 1586 794 aequa
1614 750 1654 780 et
1681 742 1790 781 vobis

318 807 428 844 utilia
457 806 528 843 sim
556 805 748 843 dicturus.
796 805 841 842 In
870 806 946 843 hac
975 805 1077 843 enim
1106 812 1217 844 tanta
1245 812 1284 843 et
1312 811 1391 843 tam
1420 805 1542 843 veteri
1576 805 1789 856 republica,

317 880 433 906 nemo
455 874 515 905 est
534 880 666 904 eorum
687 867 753 917 qui
780 867 830 904 ad
850 880 971 918 remp.
1000 867 1354 919 quomodocunque
1381 866 1620 904 accesserint
1645 867 1711 917 qui
1730 880 1790 905 re-

317 928 563 967 ferendarum
582 929 775 966 rationum
785 929 935 979 judicio
954 929 1004 967 sit
1023 929 1187 967 solutus.
1221 928 1346 980 quue
1360 941 1430 967 vos
1449 928 1495 966 iis
1515 928 1693 967 edocebo
1712 929 1789 980 pri-

315 1004 420 1029 mum
439 1005 526 1041 quae
546 990 739 1042 plerisque
766 990 863 1030 mira
897 991 1115 1030 videantur.
1167 990 1398 1042 Cujusmodi
1429 997 1501 1036 est,
1522 989 1627 1041 quod
1652 990 1790 1028 Sacer-

316 1054 432 1099 dotes
450 1066 577 1091 mares
595 1054 840 1104 feminasque
869 1053 931 1092 lex
951 1054 1166 1093 rationibus
1192 1053 1404 1092 reddendis
1426 1052 1594 1104 subjicit,
1613 1058 1653 1090 et
1672 1065 1790 1103 gene—

315 1116 428 1154 ratim
460 1128 595 1154 omnes
616 1122 657 1155 et
673 1129 988 1167 unumquemque
1007 1116 1219 1168 sigillatim,
1247 1117 1312 1167 qui
1331 1116 1526 1155 duntaxat
1542 1116 1790 1154 honorarium

316 1177 475 1228 aliquod
495 1177 695 1229 accipiunt
714 1185 754 1216 et
772 1184 861 1216 vota
874 1192 943 1230 pro
964 1179 1074 1217 vobis
1090 1178 1163 1216 diis
1178 1178 1349 1217 faciunt:
1380 1179 1499 1230 idque
1518 1191 1597 1216 non
1611 1177 1791 1230 privatim

315 1247 481 1287 tantum,
500 1242 568 1279 sed
588 1242 844 1280 communiter
863 1242 980 1279 etiam
999 1248 1102 1280 totas
1119 1242 1299 1290 familias,
1317 1240 1586 1293 Eumolpidas,
1606 1242 1792 1293 Cerycas,

316 1309 358 1340 et
376 1303 546 1353 reliquos
565 1316 713 1339 omnes.
745 1303 899 1340 Rursus
919 1304 1169 1341 Trierarchos
1190 1304 1377 1342 rationem
1399 1303 1562 1341 reddere
1586 1303 1652 1340 lex
1667 1303 1793 1354 jubet,

316 1364 383 1415 qui
403 1377 529 1414 neque
558 1362 719 1414 publica
737 1368 965 1409 tractarunt,
987 1376 1116 1414 neque
1138 1377 1159 1401 e
1190 1364 1448 1413 vectigalibus
1468 1363 1607 1401 vestris
1626 1365 1793 1402 multum

319 1425 508 1478 suffurati,
543 1425 723 1475 exiguum
761 1437 853 1462 vero
893 1424 1081 1474 quiddam
1112 1430 1379 1467 numerantes,
1407 1424 1538 1475 largiri
1567 1438 1609 1462 se
1643 1425 1693 1472 de
1722 1438 1793 1463 suo

320 1487 469 1533 dicunt,
486 1498 575 1523 cum
595 1492 726 1524 vestra
743 1486 852 1524 vobis
872 1486 1096 1533 restituunt,
1117 1486 1187 1524 sed
1206 1485 1272 1537 qui
1293 1485 1390 1524 citra
1405 1487 1710 1525 controversiam
1730 1500 1798 1539 pa-

317 1548 500 1587 trimonia
517 1561 588 1586 sua
606 1547 719 1586 vestri
740 1547 869 1586 studio
889 1548 1196 1599 insumpserunt.
1225 1547 1368 1599 Neque
1384 1561 1474 1586 vero
1493 1548 1693 1588 trierarchi
1708 1549 1794 1596 soli,

317 1610 390 1649 sed
409 1609 581 1648 maxima
604 1610 776 1648 omnium
796 1623 883 1661 quae
903 1610 942 1647 in
962 1610 1116 1648 civitate
1144 1616 1235 1648 sunt
1260 1609 1438 1656 concilia,
1452 1609 1631 1662 judicum
1654 1610 1793 1649 suffra-

317 1672 424 1723 gium
453 1673 636 1711 subeunt.
680 1671 852 1709 Primum
883 1672 984 1710 enim
1018 1671 1338 1723 Areopagiticum
1373 1672 1563 1710 Senatum
1583 1672 1699 1723 jubet
1729 1673 1794 1711 lex

316 1734 486 1772 rationes
517 1747 608 1772 suas
636 1734 742 1785 apud
763 1733 970 1785 praefectos
995 1733 1285 1772 ratiociniorum
1312 1734 1466 1780 referre,
1485 1734 1653 1786 illosque
1673 1735 1795 1773 maxi-

319 1808 468 1833 marum
484 1803 523 1833 et
535 1795 848 1847 gravissimarum
863 1809 1071 1834 causarum
1091 1795 1252 1834 arbitros
1270 1802 1401 1834 vestro
1421 1796 1575 1847 subjicit
1593 1796 1792 1848 suffragio.

318 1858 588 1908 Nunquamne
614 1870 706 1908 ergo
728 1858 978 1896 coronabitur
1003 1859 1169 1896 Senatus
1190 1857 1514 1907 Areopagitieus?
1542 1858 1645 1904 Non,
1666 1872 1793 1909 neque

319 1920 422 1957 enim
439 1919 515 1957 hoc
534 1918 612 1956 illis
640 1919 808 1970 patrium
830 1926 897 1957 aut
916 1920 1104 1957 usitatum
1123 1925 1196 1957 est.
1245 1918 1336 1956 Non
1358 1919 1554 1958 ducuntur
1573 1920 1703 1958 studio
1723 1919 1793 1958 ho-

320 1980 452 2018 noris?
482 1981 692 2018 Ducuntur
723 1994 830 2027 sane,
861 1994 994 2018 verum
1025 1993 1102 2018 non
1132 1980 1226 2018 satis
1255 1980 1414 2026 habent,
1444 1981 1475 2018 si
1503 1981 1590 2031 quis
1618 1981 1725 2033 apud
1753 1995 1794 2020 se

315 2043 425 2094 ipsos
445 2042 589 2080 nemini
608 2042 728 2080 faciat
755 2042 948 2093 injuriam,
969 2042 1040 2080 sed
1069 2042 1101 2079 si
1120 2042 1205 2092 quis
1229 2041 1447 2093 deliquerit,
1479 2043 1698 2094 castigant:
1727 2057 1793 2082 ve-

313 2105 389 2142 -stri
410 2111 541 2142 autem
561 2110 733 2142 oratores
762 2103 920 2141 licentia
950 2103 1174 2142 efferuntur.
1224 2103 1419 2142 Praeterea
1448 2104 1636 2142 Senatum
1671 2105 1794 2149 Quin-

321 2172 524 2218 gentorum
545 2166 745 2217 legislator
764 2165 977 2204 referendis
996 2165 1210 2204 rationibus
1239 2165 1333 2204 fecit
1356 2166 1582 2213 obnoxium,
1606 2173 1721 2218 atque
1746 2168 1792 2206 iis

319 2228 386 2278 qui
406 2228 574 2266 rationes
590 2227 764 2265 nondum
783 2228 1000 2266 retulerunt
1017 2241 1141 2278 usque
1161 2228 1260 2266 adeo
1281 2227 1431 2275 diffidit,
1449 2236 1494 2266 ut
1512 2227 1642 2266 statim
1660 2228 1792 2280 legum

270 2328 275 2332 ,
320 2289 429 2326 initio
446 2289 576 2327 dicat:
613 2289 944 2341 Magistratus
978 2290 1259 2327 rationibus
1288 2303 1314 2326 n
1331 2303 1353 2327 o
1367 2304 1392 2327 n
1422 2289 1607 2328 relatis
1623 2303 1681 2328 ne
1715 2304 1790 2342 pe—

321 2364 366 2388 re
378 2363 457 2401 gre
497 2351 839 2402 proficiscitor.
897 2350 962 2387 Dii
1000 2351 1114 2389 boni!
1145 2351 1339 2389 exclamet
1363 2350 1519 2402 aliquis,
1556 2363 1653 2389 eone
1686 2353 1792 2402 quod

319 2412 592 2463 magistratum
614 2412 732 2463 gessi,
753 2424 831 2449 non
852 2425 1014 2463 peregre
1042 2411 1293 2463 proficiscar?
1324 2412 1483 2451 Scilicet
1509 2425 1557 2450 ne
1579 2412 1794 2465 intercepta

319 2474 490 2526 pecunia
509 2473 666 2525 publica
686 2479 753 2511 aut
779 2473 944 2523 negotiis
970 2474 1065 2511 mala
1071 2474 1153 2522 fide
1170 2474 1287 2524 gestis
1306 2473 1344 2510 in
1372 2474 1506 2525 fugam
1528 2480 1565 2512 te
1595 2474 1792 2525 conjicias.

321 2535 476 2574 Rursus
497 2547 587 2573 eum
619 2533 685 2585 qui
715 2535 882 2573 rationes
910 2535 1030 2573 debet
1055 2548 1180 2586 neque
1209 2535 1417 2574 facultates
1442 2548 1534 2574 suas
1563 2548 1793 2574 consecrare

322 2596 426 2643 sinit,
465 2609 591 2647 neque
628 2595 790 2635 donaria
819 2596 974 2648 templis
1005 2596 1257 2647 suspendere,
1289 2610 1417 2647 neque
1445 2596 1636 2647 adoptari,
1665 2610 1792 2648 neque

318 2663 595 2696 testamentum
622 2657 763 2704 facere,
783 2657 906 2697 aliave
925 2658 1129 2709 permulta.
1169 2659 1258 2696 Uno
1292 2666 1335 2696 ut
1361 2658 1488 2697 dicam
1508 2659 1639 2705 verbo,
1659 2671 1791 2698 eorum

321 2720 387 2771 qui
399 2719 476 2758 hoc
492 2719 640 2770 judicio
660 2726 842 2758 tenentur
860 2720 965 2758 bona
984 2719 1182 2771 legislator
1196 2720 1235 2757 in
1255 2720 1396 2771 pignus
1418 2719 1563 2772 arripit,
1587 2720 1716 2759 donec
1738 2722 1792 2760 ci-

320 2782 430 2820 vitati
447 2781 635 2821 rationem
649 2781 863 2820 retulerint.
896 2781 1002 2826 Esto,
1024 2782 1094 2820 sed
1115 2788 1187 2828 est,
1206 2782 1271 2833 qui
1291 2795 1340 2820 ex
1358 2782 1528 2833 pecunia
1545 2782 1705 2833 publica
1723 2796 1792 2822 ne-

321 2855 397 2892 que
426 2843 590 2895 sumpsit
613 2843 820 2894 quicquam
850 2855 975 2893 neque
1001 2843 1218 2895 insumpsit,
1250 2843 1299 2882 ad
1333 2842 1502 2893 aliquam
1529 2848 1660 2881 tamen
1692 2844 1790 2896 reip.

324 2905 490 2943 accessit
518 2910 684 2956 partem.
735 2904 859 2943 Etiam
880 2903 983 2943 hunc
995 2905 1109 2956 jubet
1127 2905 1190 2943 lex
1212 2905 1378 2943 rationes
1397 2905 1538 2943 referre
1563 2904 1667 2957 apud
1697 2918 1793 2957 prae-
