1998 3306
375 215 452 252 582
822 212 1113 252 ADVERSUS
1143 211 1389 251 BOEOTUM

372 317 534 357 tandum
553 323 656 357 esset
674 317 817 358 saltet?
846 318 1000 358 Etenim
1020 330 1137 364 nunc,
1156 316 1222 355 ubi
1240 316 1304 355 alii
1324 316 1523 368 Tamynas
1543 315 1706 368 profecti
1725 321 1831 361 sunt,

362 379 446 429 ,iste
467 379 596 418 Choas
630 393 750 432 agens
783 380 847 420 hic
875 380 1084 419 remansit:
1119 379 1429 418 Bacchanalibus
1460 378 1555 417 item
1581 377 1766 417 remansit
1793 382 1834 416 et

374 440 544 489 saltavit,
577 447 622 479 ut
651 441 842 481 videbatis
875 455 1011 480 omnes
1044 441 1110 492 qui
1142 440 1324 480 aderatis.
1382 439 1587 493 Regressis
1624 445 1754 478 autem
1782 451 1834 477 ex

374 501 524 541 Euboea
543 503 743 552 militibus,
758 511 802 543 ut
818 504 995 543 ordinum
1016 504 1192 541 desertor
1212 503 1353 542 citatus
1369 509 1449 547 est;
1471 514 1636 554 egoque,
1652 500 1717 552 qui
1736 513 1834 539 meae

372 564 494 602 tribus
514 565 669 603 ordines
691 566 898 612 ducebam,
921 579 1006 605 sum
1027 571 1186 604 coactus
1205 571 1342 603 contra
1360 577 1502 603 nomen
1523 576 1651 602 meum
1669 562 1836 614 patrium

374 625 579 665 admittere
599 628 809 675 actionem,
830 635 882 678 et,
903 628 934 667 si
960 640 1107 666 merces
1131 627 1328 679 judicibus
1359 633 1561 665 numerata
1580 631 1696 672 esset,
1715 624 1836 664 intro·
1886 649 1891 659 ι

372 687 576 727 duxissent
598 702 659 727 me
685 690 792 728 haud
813 689 951 728 dubie:
982 703 1030 728 ea
1049 702 1140 728 vero
1159 689 1233 726 nisi
1252 687 1491 739 consignatis
1505 688 1588 740 jam
1609 686 1749 726 arculis
1769 699 1836 725 ac-

370 750 707 798 cidissent,etiam
736 758 855 789 testes
881 753 990 789 vobis
1020 751 1303 802 produxissem.
1360 751 1469 788 Esto.
1527 749 1633 794 Quid
1666 748 1698 787 si
1728 761 1837 800 pere-

373 813 564 864 grinitatis
585 812 815 851 accusetur?
843 812 1052 851 multorum
1073 818 1204 850 autem
1220 811 1310 850 odia
1325 811 1500 863 suscipit,
1514 823 1642 862 neque
1660 809 1838 862 ignotum

371 882 446 922 est,
464 888 541 925 quo
561 881 677 926 pacto
700 887 790 912 eum
818 881 927 925 pater
956 874 1141 925 adoptare
1170 873 1219 911 sit
1241 880 1417 912 coactus.
1472 873 1555 912 Vos
1584 879 1729 920 autem,
1747 885 1837 911 cum

370 943 482 987 pater
500 949 589 975 eum
606 949 686 974 non
706 936 922 988 adoptaret,
943 941 1105 973 matrem
1121 935 1203 986 ejus
1217 948 1350 972 verum
1372 935 1500 974 dicere
1520 934 1740 986 putabatis:
1770 934 1838 972 ubi

370 1010 463 1035 vero
489 999 543 1036 ita
570 1004 686 1036 natus
710 998 765 1036 ita
791 996 1038 1035 turbulentus
1058 996 1185 1044 fuerit,
1205 1009 1356 1035 rursum
1377 996 1486 1034 vobis
1507 996 1715 1047 aliquando
1733 996 1839 1034 vide-

370 1058 557 1098 biturille
578 1059 721 1097 dixisse
739 1071 886 1098 verum.
942 1058 1046 1101 Quid
1074 1071 1179 1104 vero,
1204 1058 1236 1097 si
1267 1071 1309 1096 se
1334 1058 1423 1097 falsi
1448 1057 1658 1096 testimonii
1677 1058 1838 1097 convin-

369 1121 537 1159 cendum
555 1128 712 1173 putans,
728 1127 883 1173 propter
901 1121 1050 1159 locatas
1070 1120 1148 1159 suis
1169 1119 1391 1172 gregalibus
1407 1132 1559 1171 operas,
1574 1120 1837 1159 vadimonium

371 1176 618 1222 deseruerit?
657 1183 861 1234 Numquid
888 1182 973 1221 leve
995 1182 1137 1221 ducitis
1160 1182 1467 1229 incommodum,
1487 1182 1759 1230 Athenienses,
1778 1188 1837 1221 to-

370 1250 452 1282 tam
471 1245 628 1296 exigere
647 1244 767 1283 vitam
786 1245 826 1283 in
845 1245 1120 1284 communione
1137 1244 1430 1283 existimationis
1444 1250 1483 1282 et
1496 1244 1685 1282 factorum
1704 1244 1839 1282 istius?

371 1307 435 1344 An
463 1313 592 1345 autem
621 1319 681 1352 ea,
703 1320 792 1358 quae
821 1308 996 1346 recensui
1015 1307 1140 1355 vobis,
1160 1306 1304 1345 frustra
1322 1313 1507 1354 metuam,
1526 1311 1713 1358 spectate.
1757 1306 1840 1344 Iste

365 1366 449 1419 jam
481 1367 684 1418 aliquoties
716 1364 873 1419 publice
900 1375 1111 1407 accusatus
1138 1373 1211 1415 est,
1245 1367 1518 1415 Athenienses,
1551 1366 1693 1418 quibus
1723 1367 1838 1406 rebus

372 1442 447 1480 ego
467 1442 625 1481 prorsus
645 1430 791 1477 insons,
807 1443 886 1468 una
904 1430 944 1468 in
959 1430 1105 1468 crimen
1123 1441 1262 1475 vocor;
1285 1435 1326 1468 et
1344 1429 1392 1468 de
1408 1442 1454 1467 eo
1469 1429 1839 1480 magistratu,‘quem

370 1503 442 1529 vos
473 1491 568 1530 mihi
596 1491 867 1538 decreveratis,
885 1492 1110 1536 contendit;
1142 1491 1342 1542 multaque
1361 1491 1526 1530 molesta
1553 1490 1665 1529 nobis
1683 1497 1840 1543 propter

371 1564 514 1590 nomen
534 1553 776 1603 acciderunt,
793 1566 972 1605 quorum,
991 1561 1034 1592 ut
1055 1553 1201 1601 sciatis,
1224 1553 1467 1604 singulorum
1491 1549 1613 1592 testes
1628 1552 1738 1592 vobis
1752 1565 1840 1604 pro-

374 1613 531 1653 ducam.

1000 1758 1211 1797 TESTES.

425 1855 463 1891 6.
493 1853 659 1899 Videtis,
679 1853 953 1899 Athenienses,
981 1866 1069 1905 quae
1098 1852 1207 1900 fiant,
1236 1859 1277 1891 et
1301 1853 1417 1904 hujus
1445 1852 1590 1905 negotii
1620 1853 1839 1893 molestiam

371 1915 573 1966 spectatis.
630 1915 748 1959 Quod
777 1915 810 1954 si
837 1915 948 1953 nulla
968 1929 1015 1954 ex
1037 1915 1111 1953 hac
1135 1928 1175 1953 re
1204 1915 1386 1953 molestia
1406 1914 1582 1962 oriretur,
1601 1928 1727 1966 neque
1757 1929 1839 1955 om-

371 1976 463 2015 nino
482 1977 564 2014 fieri
588 1990 666 2015 non
682 1984 816 2029 posset
833 1986 876 2015 ut
892 1978 994 2016 idem
1011 1989 1155 2016 nornen
1170 1976 1413 2020 haberemus,
1432 1990 1524 2015 num
1543 1968 1699 2028 aeqiium
1719 1987 1839 2025 esset,

371 2045 415 2077 ut
434 2038 506 2077 iste
523 2046 671 2091 partem
691 2052 864 2078 mearum
885 2040 1115 2080 facultatum
1133 2052 1202 2091 per
1219 2039 1466 2091 adoptionem
1482 2046 1645 2087 teneret,
1660 2039 1710 2079 ad
1723 2054 1839 2092 quam

369 2107 519 2152 patrem
539 2100 685 2154 adegit,
706 2115 780 2153 ego
801 2109 930 2140 autem
950 2101 1106 2140 nomine
1128 2101 1326 2153 spoliarer,
1348 2101 1454 2153 quod
1486 2101 1578 2139 mihi
1601 2101 1737 2141 volens
1758 2109 1799 2141 et
1817 2116 1840 2142 a

369 2162 523 2201 nemine
543 2170 703 2202 coactus
723 2164 826 2202 idem
846 2163 1057 2216 imposuit?
1088 2163 1283 2215 Equidem
1303 2176 1382 2202 non
1401 2163 1594 2202 existimo.
1639 2165 1693 2202 Ut
1709 2170 1839 2205 autem

371 2224 514 2270 sciatis,
532 2237 594 2263 me
614 2237 637 2262 a
655 2231 763 2276 patre
783 2238 861 2264 non
881 2226 998 2264 modo
1018 2226 1123 2278 apud
1144 2225 1308 2264 curiales
1328 2225 1402 2271 sic,
1418 2232 1463 2263 ut
1476 2225 1677 2264 atestibus
1690 2226 1838 2265 dictum

370 2292 442 2333 est,
459 2286 688 2338 inscriptum
708 2300 809 2334 esse,
830 2287 901 2326 sed
921 2288 1074 2327 decima
1093 2287 1208 2326 etiam
1228 2287 1334 2326 facta
1352 2299 1496 2326 nomen
1527 2286 1602 2326 hoc
1621 2286 1715 2326 mihi
1738 2286 1838 2326 indi-

370 2354 468 2396 tum,
488 2361 584 2400 cape
604 2355 643 2387 et
660 2348 737 2387 hoc
758 2349 1036 2388 testimonium.

906 2493 1312 2532 TESTIMONIUM.

370 2585 543 2634 Auditis,
564 2587 838 2635 Athenienses,
859 2601 1001 2627 nomen
1019 2588 1093 2628 hoc
1113 2588 1207 2627 mihi
1238 2589 1359 2628 fuisse
1379 2589 1484 2628 omni
1510 2596 1700 2642 tempore,
1721 2590 1838 2628 istum

371 2661 464 2687 vero
483 2649 664 2688 Boeotum
684 2663 707 2688 a
724 2656 848 2701 patre,
868 2656 1075 2701 postquam
1095 2658 1256 2690 coactus
1276 2658 1349 2699 est,
1368 2664 1456 2690 esse
1475 2651 1704 2703 inscriptum
1732 2651 1838 2703 apud

371 2709 560 2749 curiales?
589 2711 774 2750 Libenter
793 2718 922 2750 autem
940 2711 1209 2763 interrogarim
1229 2725 1316 2751 eum
1337 2726 1467 2752 coram
1486 2713 1612 2759 vobis,
1630 2713 1706 2751 nisi
1723 2713 1839 2752 obiis-

372 2779 433 2810 set
451 2779 575 2822 pater,
590 2773 775 2824 quidnam
795 2774 940 2825 egisses
961 2773 1065 2825 apud
1083 2773 1316 2826 populares?
1356 2775 1446 2814 Non
1465 2775 1707 2827 permisisses
1723 2775 1778 2813 illi
1797 2781 1840 2813 ut

373 2840 412 2872 te
444 2834 623 2874 Boeotum
644 2835 902 2875 inscriberet?
935 2837 989 2875 At
1015 2837 1227 2875 absurdum
1259 2836 1400 2876 fuisset
1425 2851 1473 2876 ea
1503 2838 1553 2877 de
1581 2851 1622 2877 re
1644 2837 1838 2890 judicium

373 2896 552 2947 adipisci,
572 2911 735 2949 eamque
755 2911 888 2937 rursus
909 2898 1123 2951 prohibere.
1181 2898 1298 2942 Quod
1317 2899 1350 2937 si
1367 2900 1625 2951 permisisses,
1645 2900 1783 2939 eodem
1799 2905 1838 2938 te

372 2958 491 2998 modo
511 2959 769 3012 inscripsisset
796 2960 902 3013 apud
935 2961 1157 3013 populares,
1176 2974 1254 3014 quo
1274 2961 1375 3015 apud
1393 2962 1573 3004 curiales.
1618 2962 1836 3004 Ferendum
