1948 3306
371 193 449 231 692
779 192 1071 233 ADVERSUS
1102 194 1418 233 POLYCLEM.

371 300 411 332 et
434 307 568 333 eorum
587 295 653 346 qui
672 301 752 334 tum
769 297 960 349 stipendia
980 303 1194 348 exegerunt
1206 305 1246 336 et
1260 298 1530 350 praefectorum
1550 298 1688 338 classis
1704 311 1714 337 ε
1735 310 1829 350 cog-

369 357 541 395 noscetis
568 357 670 396 enim
698 371 761 397 me
789 359 982 411 stipendia
1000 359 1208 411 remigibus
1229 366 1269 398 et
1285 359 1470 398 militibus
1499 360 1661 412 singulis
1689 361 1831 400 mensi-

369 418 442 456 bus
472 418 639 466 dedisse,
660 433 683 458 a
712 420 875 460 ducibus
896 428 1116 460 commeatu
1145 422 1334 461 duntaxat
1359 428 1534 473 accepto,
1554 428 1715 474 excepto
1733 422 1832 460 duo-

368 492 453 517 rum
473 482 663 521 mensium
684 483 889 535 stipendio,
908 490 992 522 toto
1012 496 1115 523 anno
1136 491 1176 523 et
1195 484 1364 536 quinque
1380 484 1580 522 mensibus
1598 497 1609 527 ;
1635 490 1675 522 et
1693 490 1831 522 nautas

370 554 394 579 a
411 555 472 581 me
492 545 726 590 conductos,
746 552 786 583 et
815 551 1004 596 quantum
1030 546 1206 598 pecuniae
1235 546 1376 598 singuli
1401 546 1637 597 acceperint,
1656 545 1762 584 unde
1792 552 1833 584 et

368 616 498 644 meum
518 607 705 653 studium,
727 613 766 645 et
794 608 1044 659 quamobrem
1072 608 1144 647 iste
1174 621 1197 647 a
1228 621 1291 646 me
1317 621 1453 648 navem
1473 608 1582 647 finito
1601 607 1839 655 trierarchiae*

368 679 465 706 meae
484 674 656 721 tempore
676 669 850 721 accipere
869 669 1050 718 noluerit,
1070 669 1327 722 perspicietis.

924 831 1276 871 TESTIMONIA.

419 925 458 961 4.
490 923 557 962 Me
586 925 700 976 igitur
718 925 810 964 nihil
823 926 918 965 falsi
937 926 1082 966 dixisse
1110 926 1215 978 apud
1233 938 1316 973 vos,
1341 925 1513 973 Judiees‚
1535 938 1562 964 e
1580 925 1749 964 recitatis
1776 931 1832 964 te-

366 985 554 1024 stimoniis
571 987 731 1028 audistis
746 1001 756 1026 :
790 1002 836 1026 ea
851 1001 965 1040 porro
980 1002 1068 1039 quae
1084 988 1208 1027 dicam
1223 1001 1315 1026 vera
1328 1001 1425 1035 esse,
1441 999 1576 1026 omnes
1589 987 1681 1025 mihi
1697 1000 1832 1025 assen-

364 1047 522 1085 tiemini.
546 1048 729 1087 Triremis
750 1050 1055 1089 destructionem
1076 1063 1163 1088 esse
1182 1056 1336 1088 constat
1354 1050 1533 1101 primum,
1549 1048 1675 1099 siquis
1689 1048 1834 1099 stipen-

364 1107 471 1146 dium
491 1122 570 1160 non
591 1109 735 1148 solvat:
767 1111 922 1158 deinde,
943 1111 975 1150 si
991 1111 1078 1163 quis
1098 1111 1247 1150 interea
1265 1111 1304 1149 in
1320 1111 1512 1149 Piraeeum
1526 1109 1696 1148 redierit.
1730 1110 1833 1148 Nam

364 1176 404 1208 et
422 1172 591 1209 maxima
609 1172 654 1209 fit
672 1172 854 1219 desertio,
874 1179 914 1210 et
933 1180 1063 1210 nautae
1088 1172 1154 1223 qui
1178 1179 1380 1210 remanent
1403 1171 1543 1210 nolunt
1568 1185 1720 1210 rursum
1740 1184 1833 1210 con-

363 1232 566 1280 scendere,
586 1232 658 1271 nisi
679 1233 732 1271 eis
754 1234 830 1272 alia
849 1234 1015 1285 pecunia
1043 1233 1156 1272 detur
1175 1232 1224 1272 ad
1248 1246 1330 1272 rem
1349 1233 1576 1271 familiarem
1593 1233 1833 1273 constituen-

363 1293 482 1332 dam:
511 1308 601 1345 quae
637 1308 728 1349 cum
760 1302 925 1347 utraque
952 1295 1046 1333 mihi
1077 1309 1151 1334 usu
1171 1295 1359 1343 venerint,
1393 1294 1570 1343 Judices,
1589 1294 1711 1347 pluris
1740 1294 1833 1332 mihi

362 1356 589 1394 trierarchia
621 1356 811 1395 constitit.
850 1357 1003 1396 Etenim
1037 1356 1147 1395 nulla
1175 1357 1353 1395 mercede
1373 1369 1396 1395 a
1415 1356 1516 1395 duce
1549 1362 1714 1408 accepta
1744 1363 1833 1395 octo

361 1418 560 1456 mensibus
587 1418 663 1456 huc
698 1419 842 1471 appuli,
862 1420 1015 1470 legatos
1042 1418 1202 1466 vehens,
1234 1424 1439 1470 propterea
1471 1418 1578 1469 quod
1606 1426 1694 1456 mea
1725 1418 1832 1456 navis

361 1480 505 1532 optime
527 1480 717 1520 instructa
737 1488 833 1520 erat.
891 1482 946 1520 Et
973 1481 1064 1520 hinc
1091 1495 1181 1520 cum
1201 1494 1334 1519 rursus
1356 1494 1379 1518 a
1395 1480 1541 1532 populo
1559 1479 1652 1518 mihi
1671 1479 1834 1518 manda-

362 1549 445 1581 tum
465 1550 571 1582 esset
589 1550 634 1582 ut
653 1544 864 1582 Menonem
882 1544 1023 1582 ducem
1052 1543 1091 1581 in
1112 1543 1411 1595 Hellespontum
1437 1540 1619 1582 Autoclis
1640 1543 1703 1581 cui
1721 1543 1833 1581 abro-

362 1608 497 1656 gatum
530 1612 614 1644 erat
644 1606 846 1657 imperium
875 1605 961 1644 loco
993 1605 1187 1651 veherem,
1214 1605 1389 1644 celeriter
1421 1605 1532 1652 solvi,
1558 1611 1598 1644 et
1625 1605 1665 1642 in
1698 1617 1833 1643 eorum

361 1673 568 1706 nautarum
589 1668 654 1718 qui
673 1681 735 1706 me
754 1669 990 1720 reliquerant
1006 1668 1136 1707 locum
1152 1668 1323 1706 conduxi
1343 1666 1453 1716 alios,
1468 1667 1580 1706 donis
1600 1673 1640 1706 et
1655 1674 1833 1706 auctora-

361 1729 503 1767 mentis
532 1730 681 1781 magnis
714 1730 829 1777 datis,
850 1730 1045 1769 veteribus
1065 1736 1195 1768 autem
1223 1730 1351 1769 nautis
1378 1729 1443 1782 qui
1473 1736 1742 1783 remanserunt
1764 1728 1834 1767 ali-

362 1792 458 1844 quid
477 1792 640 1844 largitus
672 1806 757 1831 sum
782 1792 886 1844 quod
916 1792 1020 1831 domi
1050 1792 1312 1843 relinquerent
1337 1791 1385 1831 ad
1415 1791 1727 1830 constituendam
1753 1803 1834 1828 rem

360 1853 606 1901 familiarem,
631 1861 773 1906 praeter
801 1854 841 1891 id
869 1854 976 1905 quod
1005 1854 1110 1906 prius
1140 1860 1387 1905 acceperant,
1408 1866 1487 1891 non
1517 1853 1715 1905 ignorans,
1739 1852 1833 1905 quid

361 1915 504 1968 cuique
523 1916 562 1953 in
583 1916 791 1968 praesentia
808 1922 912 1954 esset
939 1929 1038 1966 opus
1054 1928 1064 1953 ε
1094 1928 1183 1953 cum
1202 1921 1328 1953 autem
1350 1916 1433 1967 ipse
1451 1915 1505 1953 ita
1524 1927 1692 1966 egerem,
1710 1922 1755 1953 ut
1779 1914 1834 1952 ita

362 1989 425 2016 me
444 1984 547 2016 amet
564 1977 718 2030 Jupiter
739 1985 779 2016 et
795 1977 936 2029 Apollo
954 1990 1068 2015 nemo
1087 1983 1259 2015 vestrum
1278 1977 1427 2025 credat,
1447 1977 1514 2029 qui
1533 1990 1612 2015 non
1631 1990 1720 2016 vere
1740 1990 1835 2028 cog-

362 2039 488 2078 nitum
519 2046 664 2077 statum
687 2053 814 2077 rerum
839 2052 1014 2078 mearum
1029 2039 1161 2085 habet,
1182 2045 1221 2077 et
1238 2038 1404 2077 fundum
1424 2038 1696 2090 Thrasylocho
1715 2045 1832 2090 atque

362 2101 567 2140 Archeneo
586 2100 918 2152 oppignerassem‚
937 2101 1097 2151 triginta
1114 2101 1225 2139 minis
1246 2102 1295 2140 ab
1315 2102 1370 2140 eis
1388 2107 1522 2139 mutuo
1538 2101 1700 2152 sumptis
1716 2106 1831 2151 atque

362 2163 464 2201 inter
493 2169 632 2201 nautas
652 2162 881 2208 distributis,
903 2162 1000 2201 solvi
1024 2163 1300 2215 profectusque
1321 2176 1422 2210 sum,
1440 2170 1486 2201 nt
1512 2175 1561 2200 ne
1586 2162 1680 2213 quid
1698 2174 1831 2200 eorum

361 2239 450 2276 quae
467 2225 762 2273 mandaveratis,
782 2225 965 2277 populus,
984 2225 1091 2276 quod
1119 2225 1160 2263 in
1184 2239 1247 2264 me
1268 2225 1425 2277 quidem
1445 2232 1563 2271 esset,
1580 2224 1832 2263 desideraret.

365 2287 517 2331 Quibus
545 2288 661 2325 rebus
689 2287 855 2339 populus
875 2285 1018 2325 auditis
1044 2300 1108 2325 me
1130 2294 1168 2326 et
1196 2287 1432 2326 collaudavit
1461 2293 1502 2326 et
1530 2286 1580 2325 ad
1610 2298 1758 2324 coenam
1791 2285 1831 2322 in

363 2349 510 2387 curiam
531 2349 718 2387 invitavit.
755 2349 852 2386 Haec
871 2361 960 2387 vere
982 2362 1005 2387 a
1024 2362 1085 2387 me
1104 2349 1193 2398 dici,
1207 2349 1309 2388 lecto
1328 2347 1549 2388 testimonio
1568 2354 1607 2387 et
1623 2347 1831 2400 plebiscito

364 2410 627 2462 cognoscetis.

658 2554 1065 2595 TESTIMONIUM.
1125 2556 1523 2595 PLEBISCITUM.

418 2654 456 2691 5.
487 2652 705 2704 Postquam
725 2658 853 2690 autem
872 2652 911 2690 in
933 2651 1231 2702 Hellespontum
1250 2651 1441 2698 venimus,
1461 2662 1580 2701 quum
1595 2647 1829 2687 trierarchiae

364 2727 462 2752 meae
481 2721 634 2766 tempus
654 2714 812 2759 exisset,
835 2721 874 2752 et
893 2713 1087 2765 stipendia
1113 2726 1192 2750 non
1220 2712 1294 2750 nisi
1322 2713 1486 2750 duorum
1515 2710 1702 2749 mensium
1731 2710 1830 2748 mili-

363 2776 467 2814 tibus
503 2776 633 2814 soluta
663 2783 809 2823 essent,
838 2783 955 2827 atque
989 2775 1088 2813 alius
1122 2775 1330 2826 imperator
1352 2773 1626 2812 Timomachus
1659 2772 1829 2819 adesset,

363 2837 472 2888 isque
493 2837 621 2876 nullos
652 2839 808 2876 navium
836 2850 1082 2877 successores
1114 2836 1340 2882 adduceret,
1359 2835 1471 2874 multi
1501 2848 1522 2873 e
1552 2834 1647 2873 meis
1667 2833 1828 2885 abjectis

363 2898 501 2937 animis
517 2913 614 2938 nave
634 2899 768 2938 relicta
790 2900 982 2945 abierunt,
1007 2899 1070 2937 alii
1097 2898 1134 2936 in
1155 2898 1288 2936 Asiam
1309 2897 1526 2942 militatum,
1545 2896 1610 2935 alii
1634 2896 1674 2934 in
1692 2895 1828 2934 Thasi-

363 2973 471 2998 orum
492 2967 531 3000 et
552 2961 832 3000 Maronitarum
868 2976 1000 3010 naves,
1020 2960 1170 3012 magnis
1194 2959 1354 2999 adducti
1386 2958 1585 3011 stipendiis
1611 2969 1827 3009 magnaque

1934 3126 1943 3172 aum
1934 3079 1945 3095 A:
