1948 3306
386 167 465 206 736
757 166 980 205 CONTRA
1012 166 1479 207 DIONYSODORUM.

386 270 502 322 pham
531 276 650 308 totam
672 282 748 308 non
769 272 1012 309 aboleremus
1033 280 1075 309 ut
1094 272 1184 322 ipse„
1205 270 1432 317 mandabat,
1452 269 1663 308 secundum
1679 269 1761 320 Jam
1781 281 1850 308 an-

385 345 477 370 num
498 338 632 370 nostra
655 331 775 371 habet
802 340 841 371 et
860 333 1035 384 pecuniis
1060 333 1191 379 utitur,
1212 340 1250 371 et
1271 332 1375 384 quod
1396 339 1457 370 est
1475 331 1646 370 omnium
1666 331 1849 383 gravissi·

385 408 504 441 mum,
519 395 694 440 Judices,
710 383 795 447 ipse
815 398 863 434 ab
885 396 967 433 aliis
989 396 1146 434 navales
1162 409 1294 434 usuras
1311 395 1432 446 exigit
1447 394 1496 433 de
1515 400 1649 432 nostra
1667 393 1850 445 pecunia,

383 471 500 508 quam
521 470 598 495 non
621 458 781 496 Athenis
802 457 990 495 mutuavit
1008 470 1079 495 nec
1101 457 1288 502 Athenas,
1311 458 1379 495 sed
1403 456 1586 495 Rhodum
1606 462 1647 493 et
1668 455 1704 492 in
1728 456 1847 506 AEgy-

383 526 509 572 ptum,
531 519 641 557 nobis
663 532 753 557 vero
774 519 840 570 qui
870 519 908 556 in
938 527 1105 557 vestrum
1125 527 1336 557 mercatum
1358 517 1614 556 mutuavimus
1634 516 1728 555 nihil
1747 515 1848 567 aequi

383 581 650 632 praestandum
671 587 818 618 censet.
878 579 974 618 Haec
1003 588 1046 617 ut
1079 594 1101 618 a
1130 594 1189 619 me
1209 594 1295 619 vere
1315 580 1389 618 dici
1411 586 1579 626 constet,
1601 577 1851 641 recitabimus

383 642 493 683 vobis
513 641 838 694 provocationem,
857 654 934 693 qua
952 641 1038 681 haec
1056 643 1105 680 ab
1125 655 1171 681 eo
1192 641 1485 695 postulavaus.

921 798 1292 840 PROVOCATIO.

385 896 448 935 Ad
479 896 584 935 hunc
612 896 786 946 modum,
815 896 993 944 Judices,
1012 909 1100 935 cum
1132 894 1445 947 Dionysodorum
1471 907 1574 946 saepe
1598 908 1850 947 provocasse-2

384 971 485 1004 mus,
506 965 545 996 et
573 972 640 1010 per
673 959 892 1010 complures
925 959 1007 997 dies
1037 958 1351 1010 provocationem
1378 956 1727 1008 proposuissemus,
1753 958 1847 996 sim-

383 1020 502 1071 plices
529 1034 601 1058 nos
629 1021 783 1072 penitus
813 1021 866 1059 ait
896 1035 981 1059 esse
1013 1021 1203 1069 homines,
1223 1020 1253 1058 si
1283 1027 1507 1071 putaremus
1537 1032 1661 1070 usque
1687 1020 1784 1058 adeo
1804 1033 1846 1058 se

381 1081 711 1120 inconsideratum
741 1096 840 1129 esse,
860 1090 902 1121 ut
930 1083 980 1121 ad
1012 1083 1194 1121 arbitrum
1222 1082 1305 1129 iret,
1327 1093 1414 1119 cum
1445 1079 1484 1117 in
1510 1088 1644 1132 aperto
1675 1089 1778 1119 esset
1805 1094 1846 1119 se

381 1144 683 1182 condemnatum
704 1144 745 1181 iri
762 1144 810 1182 ad
828 1143 1054 1182 solvendam
1072 1143 1288 1195 pecuniam,
1309 1155 1396 1181 cum
1419 1140 1490 1179 sibi
1511 1155 1691 1180 nummos
1711 1142 1848 1181 serenti

381 1204 510 1243 venire
539 1206 574 1243 in
599 1206 787 1257 judicium
819 1206 977 1244 liceret:
1008 1206 1164 1253 deinde,
1194 1206 1225 1243 si
1253 1218 1322 1243 vos
1350 1202 1533 1241 deludere
1552 1211 1698 1255 posset,
1718 1203 1845 1242 abitu-

380 1279 464 1304 rum
481 1280 568 1305 cum
590 1268 714 1306 aliena
736 1269 914 1319 pecunia,
935 1268 992 1306 sin
1010 1268 1149 1314 minus,
1165 1275 1245 1305 tum
1263 1267 1418 1305 demum
1434 1265 1652 1304 soluturum
1672 1273 1714 1304 ut
1728 1265 1844 1304 homo

379 1340 456 1366 non
472 1330 560 1381 jure
581 1329 714 1375 fretus,
736 1331 802 1368 sed
825 1331 942 1369 vestri
961 1331 1173 1382 periculum
1193 1330 1382 1368 facturus.

415 1391 472 1431 ,6.
504 1392 602 1433 Quae
619 1391 737 1442 igitur
756 1405 779 1429 a
801 1392 1073 1444 Dionysodoro
1092 1392 1198 1430 facta
1217 1399 1320 1437 sunt,
1342 1393 1519 1440 audistis,
1539 1392 1721 1431 Judices:
1755 1404 1844 1443 quae

381 1451 473 1489 dum
509 1452 666 1499 auditis,
704 1453 941 1505 jamdudum
979 1467 1046 1492 vos
1085 1453 1211 1492 mirari
1244 1454 1404 1492 arbitror
1432 1454 1597 1493 hominis
1629 1453 1844 1500 audaciam,

377 1527 501 1565 quave
522 1529 562 1553 re
581 1515 703 1554 fretus
723 1515 800 1554 huc
821 1516 870 1554 sit
888 1516 1103 1568 ingressus,
1122 1517 1305 1568 cogitare.
1360 1516 1452 1555 Non
1465 1515 1573 1555 ‘enirn
1588 1515 1751 1554 audacia
1771 1521 1845 1562 est,

379 1576 410 1614 si
432 1578 532 1628 quis,
561 1590 607 1615 ex
637 1584 807 1616 mercatu
836 1578 1131 1617 Atheniensium
1164 1578 1364 1630 pecuniam
1391 1585 1602 1624 mutuatus,
1621 1577 1660 1616 in
1682 1590 1844 1630 syngra-

378 1638 494 1690 pham
514 1639 654 1691 apertis
685 1639 811 1678 verbis
831 1640 1039 1693 inscripsit,
1060 1654 1101 1679 se
1132 1654 1269 1679 navem
1290 1641 1328 1679 in
1349 1649 1521 1680 vestrum
1549 1648 1766 1679 mercatum
1785 1653 1845 1679 re-

379 1699 602 1747 ducturum,
622 1701 728 1752 quod
763 1702 832 1740 nisi
861 1702 1008 1749 fecerit,
1029 1703 1188 1755 duplum
1218 1703 1445 1750 soluturum,
1465 1716 1569 1750 eum,
1598 1715 1686 1741 cum
1706 1714 1845 1740 navem

377 1774 451 1800 nec
471 1761 509 1799 in
529 1761 679 1801 Piraeeo
699 1763 899 1815 appulerit,
920 1777 1047 1815 neque
1070 1764 1269 1816 pecuniam
1291 1765 1544 1804 creditoribus
1563 1763 1786 1810 restituerit,
1805 1769 1846 1802 et

376 1823 614 1863 frumentum
650 1824 779 1863 Rhodi
811 1835 1063 1865 exoneratum
1096 1826 1325 1872 vendiderit,
1359 1826 1419 1865 his
1451 1833 1581 1865 tamen
1609 1825 1844 1865 facinoribus

378 1887 520 1926 audere
541 1894 691 1925 vestros
711 1888 842 1927 vultus
873 1896 989 1940 atque
1020 1902 1085 1927 ora
1112 1889 1275 1928 intueri?
1306 1889 1411 1932 Quid
1431 1896 1561 1928 autem
1588 1889 1640 1928 ad
1671 1889 1756 1927 haec
1784 1902 1844 1928 re-

378 1950 584 2002 spondeat,
617 1964 749 2002 quaeso
782 1952 926 1990 audite.
984 1952 1136 1991 Navem
1170 1966 1217 1991 ex
1248 1953 1417 2006 AEgypto
1440 1953 1665 1992 redeuntem
1691 1960 1844 2005 ruptam

378 2025 463 2066 esse
483 2012 591 2059 dicit,
610 2026 733 2064 eaque
756 2027 799 2052 se
820 2014 868 2053 de
886 2027 1005 2053 causa
1025 2022 1203 2053 coactum
1226 2015 1412 2053 Rhodum
1440 2015 1636 2068 appellere
1656 2021 1771 2067 atque
1791 2014 1843 2054 ibi
1864 2036 1866 2038 ·

376 2074 613 2113 frumentum
635 2089 855 2114 exonerare.
915 2077 1012 2129 Ejus
1027 2077 1080 2115 rei
1101 2085 1373 2128 argumentum
1394 2078 1491 2116 illud
1510 2090 1597 2117 esse
1612 2077 1720 2126 dicit,
1736 2077 1844 2129 quod

378 2136 509 2176 Rhodi
532 2138 686 2189 navigia
706 2138 937 2177 conduxerit
962 2148 1002 2178 et
1036 2141 1218 2178 mercium
1238 2149 1384 2191 partem
1415 2140 1492 2179 huc
1524 2139 1682 2179 miserit.
1741 2139 1841 2179 Haec

375 2198 614 2238 defensionis
636 2200 735 2239 illius
756 2214 831 2239 una
852 2215 941 2252 pars
962 2209 1034 2239 est.
1094 2201 1226 2239 Altera
1246 2202 1325 2241 illa.
1366 2202 1434 2240 Ait
1454 2209 1617 2241 caeteros
1633 2202 1845 2241 creditores

376 2261 621 2301 concessisse
643 2263 713 2300 sibi
735 2276 871 2301 usuras
896 2264 1077 2302 Rhodum
1098 2276 1243 2315 usque:
1276 2264 1447 2314 iniquum
1465 2264 1581 2315 igitur
1600 2265 1695 2311 fore,
1717 2263 1748 2302 si
1769 2277 1850 2305 nos

376 2324 513 2362 eadem
543 2338 631 2376 quae
663 2325 716 2363 illi
748 2327 963 2364 concedere
992 2326 1170 2363 nolimus.
1230 2326 1375 2372 Tertia,
1398 2327 1536 2378 jubere
1564 2326 1841 2379 syngrapham,

375 2394 605 2425 conservata
625 2401 740 2433 nave,
762 2388 871 2426 reddi
891 2388 1120 2439 pecuniam:
1151 2401 1289 2428 navem
1318 2397 1447 2428 autem
1471 2389 1510 2427 in
1541 2389 1730 2428 Piraeeum
1754 2402 1840 2441 per·

379 2447 468 2487 duci
490 2462 566 2486 non
587 2450 772 2501 potuisse.

430 2512 467 2549 7.
489 2510 572 2550 Vos
599 2511 730 2562 igitur,
762 2512 938 2560 Jndiees,
969 2520 1124 2553 nostras
1155 2520 1291 2554 contra
1323 2515 1460 2554 horum
1494 2514 1648 2566 singula
1670 2514 1843 2553 rationes

377 2572 523 2611 audite.
581 2572 751 2610 Primum
786 2574 891 2625 quod
917 2583 1068 2626 ruptam
1095 2589 1180 2614 esse
1210 2589 1345 2615 navem
1367 2576 1476 2623 dicit,
1495 2575 1642 2627 liquere
1663 2575 1842 2614 omnibus

376 2634 552 2681 arbitror,
572 2648 659 2674 eum
676 2635 841 2674 mentiri.
900 2637 1002 2675 Nam
1021 2638 1052 2675 si
1071 2637 1111 2676 id
1135 2637 1223 2676 navi
1242 2637 1463 2684 accidisset,
1481 2651 1530 2676 ne
1551 2637 1734 2676 Rhodum
1754 2637 1839 2690 qui-

375 2695 461 2735 dem
484 2697 685 2736 incolumis
703 2698 956 2749 pervenisset,
978 2693 1102 2750 neque
1119 2706 1252 2752 postea
1270 2698 1508 2751 navigationi
1526 2698 1662 2738 fuisset
1674 2698 1839 2739 idonea:

375 2771 478 2798 nunc
498 2772 583 2798 eam
614 2759 797 2798 Rhodum
827 2762 1052 2812 pervenisse
1077 2768 1248 2809 constat,
1268 2769 1307 2800 et
1338 2774 1471 2800 rursus
1502 2760 1591 2800 inde
1623 2760 1779 2799 missam
1798 2760 1840 2799 in

374 2818 602 2871 AEgyptum‚
622 2826 662 2859 et
694 2834 798 2860 nunc
832 2821 948 2861 etiam
980 2823 1117 2875 quovis
1149 2822 1345 2875 navigare,
1364 2829 1621 2875 praeterquam
1652 2821 1838 2861 Athenas.

378 2881 518 2920 Nonne
540 2895 628 2921 vero
648 2883 858 2922 absurdum
879 2891 952 2932 est,
977 2898 1067 2924 cum
1087 2885 1126 2924 in
1145 2884 1443 2924 Atheniensium
1463 2890 1677 2923 mercatum
1695 2883 1838 2936 perdu-

374 2942 497 2980 cenda
517 2951 573 2981 est
592 2945 713 2990 navis,
733 2944 860 2983 dicere
881 2946 1042 2985 fractam
1066 2960 1172 2985 esse:
1203 2960 1322 2997 quum
1351 2952 1481 2985 autem
1511 2945 1643 2984 Rhodi
1669 2945 1837 2984 frumen-
