1948 3306
283 156 357 193 110
745 152 801 190 ΙΝ
832 152 1275 193 CTESIPHONTEM.

281 258 388 308 leges
409 256 517 294 vobis
539 255 587 293 de
611 255 817 306 praeconiis
850 257 1033 306 percurri,
1062 256 1203 307 quibus
1230 255 1373 295 diserte
1403 256 1650 295 interdictum
1675 262 1750 303 est,

281 319 419 368 nequis
439 331 462 354 a
483 316 627 368 populo
647 329 793 354 corona
812 317 981 354 donatus
1001 324 1111 355 extra
1131 317 1358 355 concionem
1378 317 1632 368 praedicetur:
1663 331 1750 357 ora·

283 390 343 419 tor
356 394 445 419 vero
467 380 532 431 qui
554 387 617 417 est
634 392 724 417 reus
744 391 823 416 non
838 379 946 429 leges
960 385 1108 417 tantum
1132 387 1398 429 transgressus
1415 385 1487 424 est,
1505 379 1573 417 sed
1595 386 1635 416 et
1654 386 1750 417 tem-

283 457 357 494 pus
378 449 417 480 et
439 442 569 479 locuni
598 439 887 492 praedicationis
907 442 1153 488 commutavit,
1181 439 1370 491 siquidem
1395 453 1473 479 non
1495 441 1534 478 in
1563 441 1752 479 concione

283 505 356 544 sed
376 505 414 542 in
440 505 606 548 theatro,
629 515 707 541 non
733 502 1039 541 Atheniensibus
1071 503 1109 540 in
1143 502 1370 541 concionem
1398 503 1649 553 congregatis
1682 502 1753 541 sed

283 567 474 618 tragoedis
508 566 546 603 in
580 578 740 604 scenam
769 565 851 617 jam
883 564 1105 615 prodituris,
1140 564 1374 615 praeconium
1404 564 1487 601 fieri
1515 563 1755 602 decerneret.

286 630 358 666 His
379 628 581 680 expositis,
602 640 729 678 pauca
750 626 798 664 de
818 626 976 677 privatis
997 625 1089 672 dixi,
1110 639 1290 677 magnam
1311 632 1436 664 autern
1456 633 1605 677 partem
1625 626 1664 663 in
1683 639 1755 677 pu-

284 691 394 729 blicis
413 691 534 742 ipsius
556 689 778 727 criminibus
799 688 922 726 oratio
944 701 1032 725 inea
1049 693 1204 725 versata
1224 694 1300 726 est.

339 755 404 790 70.
439 753 503 789 Sic
522 751 638 802 igitur
659 757 697 788 et
727 764 750 788 a
781 749 1050 788 Demosthene
1069 749 1274 800 postuletis
1296 755 1340 787 ut
1360 748 1626 787 defensionem
1648 749 1757 786 insti-

285 822 385 861 tuat,
404 815 526 865 primo
548 813 598 851 ad
619 813 746 864 legem
765 812 813 850 de
833 812 877 849 iis
906 812 974 863 qui
1005 812 1222 850 rationibus
1244 811 1456 850 reddendis
1477 817 1569 849 sunt
1589 810 1759 856 obnoxii,

284 877 427 915 deinde
447 876 496 914 ad
517 876 645 926 legem
664 874 714 912 de
735 874 938 926 praeconiis
963 874 1189 923 respondeat,
1211 874 1324 912 tertio
1345 873 1434 911 loco
1455 873 1506 910 ad
1529 872 1625 912 iliud
1651 872 1758 923 quod

285 939 497 977 maximum
518 937 621 983 dico,
650 949 729 974 non
756 949 843 974 csse
865 936 1025 986 dignum
1046 949 1136 973 eum
1156 948 1312 974 corona.
1358 934 1476 977 Quod
1506 934 1539 973 si
1567 948 1636 973 vos
1662 940 1759 980 oret,

285 1009 331 1040 ut
349 1002 397 1039 de
419 1000 553 1038 ordine
573 999 733 1038 dicendi
755 1012 826 1037 suo
846 1012 887 1037 se
909 998 1064 1036 arbitrio
1077 998 1133 1036 uti
1153 997 1392 1043 concedatis,
1413 996 1611 1048 pollicitus
1630 1010 1670 1035 se
1686 997 1760 1034 sub

286 1063 403 1100 finem
421 1062 659 1101 ,defensionis
680 1061 826 1099 crimen
852 1060 902 1098 de
932 1060 1091 1098 decreto
1117 1065 1255 1097 contra
1273 1059 1382 1109 leges
1401 1058 1508 1096 facto
1529 1058 1761 1105 soluturum,

287 1136 533 1174 nequaquam
552 1123 770 1168 concedite,
791 1135 916 1172 neque
932 1135 1001 1160 vos
1017 1121 1141 1172 fugiat
1161 1120 1343 1159 callidam
1358 1120 1464 1160 hanc
1479 1134 1566 1158 esse
1579 1120 1762 1158 technam
1788 1155 1792 1160 .

289 1187 339 1224 ad
359 1185 610 1224 eluctandum
627 1184 822 1236 judicium
840 1198 848 1222 :
880 1197 1079 1235 nunquam
1101 1184 1204 1221 enim
1224 1189 1362 1234 postea
1381 1182 1432 1221 ad
1451 1182 1595 1221 crimen
1615 1182 1763 1220 decreti

287 1254 424 1287 contra
452 1247 562 1298 leges
582 1247 678 1286 facti
704 1245 968 1298 respondebit,
997 1245 1080 1292 sed,
1110 1258 1199 1283 cum
1225 1244 1321 1283 nihil
1346 1244 1492 1283 habeat
1523 1244 1627 1295 quod
1654 1245 1762 1295 juste

287 1310 415 1362 possit
434 1309 577 1356 dicere,
597 1309 759 1347 aliarum
792 1321 920 1346 rerum
945 1307 1153 1356 injectione
1174 1308 1212 1345 in
1244 1306 1477 1345 oblivionem
1504 1305 1763 1345 accusationis

288 1386 359 1411 vos
393 1371 588 1409 adducere
609 1371 769 1422 cogitat.
827 1369 1168 1413 Quemadmodum
1190 1368 1308 1418 igitur
1338 1367 1376 1404 in
1395 1367 1670 1405 certaminibus
1694 1381 1764 1420 gy-

289 1435 429 1479 mnicis
447 1434 588 1472 videtis
605 1432 756 1484 pugiles
778 1433 877 1469 inter
893 1445 935 1469 se
955 1431 1003 1468 de
1024 1436 1127 1467 statu
1148 1429 1365 1474 decertare,
1387 1427 1443 1466 sic
1459 1434 1499 1466 et
1519 1441 1588 1467 vos
1607 1443 1696 1467 eum
1717 1443 1764 1468 eo

290 1504 416 1535 totum
437 1496 540 1534 diem
560 1508 631 1546 pro
651 1494 806 1532 civitate
825 1499 865 1531 et
884 1493 932 1531 de
950 1492 1106 1530 dicendi
1125 1490 1260 1529 ordine
1280 1490 1519 1542 depugnate,
1535 1503 1660 1542 neque
1677 1504 1765 1530 eum

291 1558 405 1597 sinite
423 1564 534 1596 extra
552 1556 696 1595 crimen
716 1555 871 1594 violatae
887 1555 983 1606 legis
1006 1567 1073 1606 per
1088 1554 1273 1605 ambages
1289 1553 1472 1599 evadere,
1489 1553 1558 1592 sed
1572 1554 1767 1593 audiendo

288 1620 344 1659 illi
362 1620 611 1658 immorantes
632 1624 746 1669 atque
766 1617 982 1655 insidentes
1003 1617 1103 1655 intra
1122 1628 1252 1656 causae
1270 1615 1389 1667 ipsius
1409 1615 1552 1655 limites
1571 1616 1766 1656 hominem

291 1689 481 1728 coercete,
502 1683 786 1731 verborumque
807 1681 889 1732 ejus
910 1680 1142 1718 diverticula
1161 1686 1200 1718 et
1220 1679 1419 1719 anfractus
1439 1681 1658 1719 observate.

343 1746 409 1782 71.
428 1745 528 1786 Quae
548 1750 676 1781 autem
695 1742 805 1780 vobis
826 1748 1015 1780 eventura
1034 1742 1125 1789 sint,
1140 1741 1211 1780 nisi
1231 1742 1306 1780 hoc
1320 1742 1438 1780 modo
1459 1735 1767 1782 Demosthenem

291 1806 477 1853 audiatis,
496 1820 649 1858 aequum
669 1812 727 1844 est
755 1811 799 1843 ut
816 1804 1040 1856 praedicem.
1081 1804 1310 1843 Introducet
1328 1805 1430 1844 enim
1453 1804 1648 1855 Ctesiphon
1667 1819 1766 1857 prae-

293 1868 534 1920 stigiatorem
556 1868 664 1906 illum
681 1875 718 1906 et
740 1880 1011 1906 crumenarum
1030 1873 1220 1905 sectorem
1235 1862 1281 1905 et'
1292 1867 1516 1918 reipublicae
1531 1866 1766 1905 carnificem.

295 1932 371 1970 Hic
390 1938 429 1969 et
448 1932 602 1970 facilius
622 1931 750 1982 plorat
767 1943 882 1981 quam
903 1929 967 1967 alii
987 1929 1129 1974 rident,
1151 1936 1190 1967 et
1207 1929 1428 1967 mortalium
1449 1928 1617 1967 omnium
1640 1935 1698 1966 est
1718 1930 1769 1967 ad

293 1994 549 2045 pejerandum
582 1992 918 2044 promptissimus:
951 2005 1077 2042 neque
1096 2003 1189 2029 vero
1210 1991 1390 2037 mirabor,
1421 1992 1453 2029 si
1486 1991 1615 2029 subita
1642 1997 1770 2029 muta-

293 2056 399 2094 tione
412 2055 518 2094 facta
530 2055 567 2092 in
580 2068 646 2092 eos
664 2054 728 2105 qui
745 2053 837 2091 soris
854 2053 1144 2091 circumsistunt
1160 2051 1369 2090 maledicta
1381 2057 1578 2102 congeret,
1594 2051 1774 2103 dicetque

293 2117 468 2155 homines
488 2129 704 2168 paucorum
733 2115 923 2167 potentiae
944 2115 1157 2162 studiosos,
1184 2115 1233 2152 ab
1259 2114 1343 2166 ipsa
1372 2113 1488 2152 etiam
1507 2113 1670 2152 veritate
1690 2114 1770 2152 dis-

296 2185 424 2218 cretos
446 2186 486 2217 et
505 2179 782 2221 dinumeratos,
804 2177 853 2215 ad
875 2176 1114 2215 accusatoris
1137 2182 1384 2226 suggestum,
1410 2175 1619 2226 populares
1640 2183 1770 2214 autem

293 2242 345 2280 ad
360 2241 414 2279 rei
434 2240 633 2287 subsellia,
652 2240 895 2278 convenisse.
941 2240 1040 2276 Haec
1060 2239 1178 2288 igitur
1197 2250 1285 2275 cum
1300 2237 1417 2283 dicet,
1436 2237 1475 2275 id
1498 2237 1532 2276 ei
1552 2244 1689 2277 contra
1708 2251 1768 2277 se-

295 2303 458 2341 ditiosas
475 2302 546 2340 has
567 2302 761 2340 orationes
791 2300 990 2352 opponite,
1023 2300 1062 2338 si
1089 2299 1159 2337 tui
1198 2299 1385 2337 similes
1421 2299 1648 2348 fuissent,
1681 2300 1768 2339 De-

296 2364 591 2410 mosthenes,
630 2363 709 2414 qui
742 2363 979 2415 populum
1017 2362 1333 2401 exsulantem
1373 2373 1396 2399 a
1433 2361 1598 2413 Phyla
1636 2361 1771 2400 redu-

296 2433 488 2474 xerunt,
534 2438 774 2475 nunquam
816 2425 896 2462 hic
934 2425 1195 2476 popularis
1235 2430 1396 2463 status
1439 2423 1625 2463 fuisset
1662 2437 1769 2462 con-

299 2489 525 2528 stitutus.
588 2487 724 2525 Nunc
764 2486 841 2524 illi
879 2492 993 2537 post
1031 2486 1348 2536 gravissimas
1388 2486 1556 2524 clades
1587 2498 1769 2538 rempu—

296 2551 476 2589 blicam
509 2555 893 2593 conservarunt,
930 2548 1268 2600 pulcherrimo
1305 2548 1397 2586 ilIo
1432 2554 1480 2586 et
1512 2549 1567 2586 ab
1604 2547 1771 2587 huma-

297 2614 453 2653 nitate
481 2612 859 2663 disciplinaque
886 2611 1111 2663 profecto
1136 2612 1280 2649 verbo
1305 2617 1562 2662 usurpato,
1590 2623 1647 2648 NE
1669 2624 1770 2654 Qms

299 2687 595 2715 INJURIARUM
646 2685 1064 2719 REMIMSCERETUR,
1112 2679 1162 2711 at
1206 2678 1255 2711 tu
1295 2672 1498 2711 vulnera
1536 2674 1665 2711 nobis
1705 2686 1772 2711 re-

298 2738 469 2784 fricas,
499 2737 771 2788 majorque
807 2735 899 2773 tibi
929 2735 1325 2785 quotidianarum
1355 2734 1629 2773 orationum
1654 2748 1773 2774 cura

301 2807 376 2839 est
406 2812 543 2851 quam
574 2797 789 2850 publicae
825 2797 1020 2835 salutis.
1425 2846 1427 2850 ι

354 2865 420 2900 72.
453 2863 554 2901 Cum
574 2868 707 2899 autem
727 2860 845 2898 horno
865 2859 904 2897 in
925 2859 1103 2911 perjuriis
1122 2866 1298 2898 versatus
1319 2859 1370 2898 ad
1389 2858 1503 2897 fidem
1517 2859 1775 2911 jurejurando

300 2924 523 2963 faciendam
542 2922 776 2974 confugerit,
796 2922 894 2961 illud
913 2935 1001 2960 eum
1023 2927 1285 2971 commonete,
1310 2921 1405 2970 viro,
1424 2921 1489 2973 qui
1516 2927 1555 2961 et
1581 2935 1687 2974 saepe
1707 2935 1773 2974 pe-
