1915 3356
723 217 1012 258 EPISTOLAE.
1511 221 1588 258 845

141 325 242 357 stare
275 317 409 370 ignoto
446 319 561 359 alicui
590 334 677 360 esse
709 329 843 361 notum
881 334 994 372 quam
1029 322 1305 374 rempublicam
1345 336 1393 362 ex
1428 322 1593 362 utilitate

139 379 272 431 populi
291 380 572 421 administrare.
609 383 724 428 Nam,
744 391 788 421 ut
806 384 852 431 is,
871 385 936 435 qui
956 383 1096 422 suadet
1113 383 1257 434 aliquid
1279 392 1346 423 aut
1364 386 1592 436 magistratu

138 441 325 492 fungitur,
360 443 513 494 placeat
542 444 732 490 omnibus,
752 444 833 483 fieri
860 458 938 483 non
958 451 1110 497 potest:
1141 452 1284 491 tamen,
1315 446 1432 495 siquis
1461 445 1594 498 populi

137 504 250 541 rebus
272 517 317 541 ex
337 505 464 542 animo
485 505 700 543 consultum
721 506 839 557 cupit,
861 507 1002 558 dignus
1023 513 1080 543 est
1095 506 1158 557 qui
1180 516 1444 545 conservetur.
1476 508 1593 552 Quod

137 564 211 601 nisi
230 565 307 609 fiet,
328 565 516 604 docebitis
536 579 684 613 omnes,
714 567 808 606 alios
840 570 966 620 potius
1000 581 1085 606 esse
1105 569 1306 614 colendos,
1335 582 1446 619 quam
1468 583 1591 621 popu-

135 624 229 671 lum,
251 633 290 664 et
318 627 530 665 cavendum
566 641 652 665 esse
682 630 818 680 nequis
850 630 993 681 aliquid
1021 630 1112 668 utile
1131 631 1239 668 vobis
1270 631 1435 681 gessisse
1455 631 1594 668 intelli-

136 694 261 737 gatur.
334 688 502 727 Omnino
537 697 664 728 autem
698 705 901 730 commune
935 694 1115 743 probrum
1149 701 1221 739 est,
1252 694 1523 740 Athenienses,
1555 701 1595 732 et

135 749 253 788 totius
271 750 437 788 civitatis
457 751 670 798 calamitas,
688 754 792 804 quod
826 754 970 792 invidia
989 755 1073 806 plus
1106 756 1233 793 valere
1254 756 1357 807 apud
1387 768 1456 793 vos
1476 768 1593 806 quam

136 810 270 860 gratiae
301 813 482 863 putatur:
511 826 599 851 cum
620 815 833 865 praesertim
860 815 925 853 illa
949 817 1105 854 morbus
1125 814 1187 862 sit,
1207 816 1268 854 hae
1288 817 1325 854 in
1347 816 1504 854 deorum
1525 830 1597 854 nu-

134 883 282 910 merum
302 872 530 912 referantur.
588 877 646 914 At
675 890 747 915 nec
778 877 967 929 Pytheam
998 878 1288 929 praetermittam
1313 879 1378 930 qui
1410 891 1478 930 pro
1501 891 1594 929 sug—

135 941 248 985 gesto
268 935 460 974 duntaxat
484 937 683 988 popularis
704 945 780 985 est,
799 946 936 990 postea
955 952 1045 977 vero
1075 948 1234 991 paratus
1268 940 1319 978 ad
1351 939 1479 978 omnia
1505 953 1593 991 quae

132 996 243 1035 vobis
273 997 539 1036 adversantur.
597 999 736 1047 Quem,
767 1000 860 1038 dum
881 1008 1030 1040 vestras
1059 1001 1096 1039 in
1129 1001 1300 1053 gerenda
1330 1003 1528 1054 republica
1556 1009 1596 1040 et

134 1058 386 1098 concionibus
404 1060 593 1099 habendis
613 1070 742 1113 partes
761 1064 1055 1114 tuebatur,Aquis
1079 1065 1202 1103 nescit
1223 1073 1265 1102 ut
1285 1078 1435 1103 servum
1457 1064 1595 1115 agitari

133 1124 174 1157 et
191 1120 471 1172 peregrinitatis
503 1124 678 1162 accusari
707 1124 862 1162 solitum
892 1138 1087 1177 propeque
1114 1126 1390 1164 vaenundatum
1422 1127 1468 1164 ab
1496 1126 1593 1173 istis,

134 1181 274 1232 quibus
302 1196 405 1222 nunc
433 1183 643 1223 inserviens
677 1186 872 1225 orationes
902 1187 989 1225 illas
1015 1195 1150 1226 contra
1179 1202 1240 1227 me
1260 1188 1437 1239 scripsit?
1481 1188 1594 1227 Post-

131 1254 247 1292 quam
278 1251 408 1282 autem
439 1244 523 1296 ipse
553 1259 657 1284 nunc
685 1260 732 1285 ea
762 1248 868 1294 facit,
889 1256 1045 1300 propter
1066 1264 1153 1301 quae
1179 1258 1259 1289 tum
1293 1251 1388 1288 alios
1417 1250 1594 1289 crimina-

129 1303 258 1352 batur,
277 1304 331 1343 ita
349 1319 434 1344 esse
465 1306 714 1359 locupletem,
743 1316 787 1347 ut
818 1316 857 1348 et
890 1310 987 1349 duas
1015 1312 1282 1350 meretriculas
1311 1313 1404 1358 alat,
1433 1326 1521 1363 quae
1543 1312 1593 1350 ad

129 1366 259 1404 tabern
288 1381 376 1418 eum
394 1381 532 1419 usque,
551 1370 707 1420 optimae
740 1384 833 1409 sane
863 1373 1056 1418 mulieres,
1078 1374 1335 1426 redegerunt;
1367 1381 1406 1413 et
1423 1374 1594 1425 quinque

131 1426 278 1466 talenta
302 1429 457 1467 mulctae
483 1431 636 1469 nomine
655 1432 806 1471 facilius
836 1448 939 1473 nunc
969 1436 1139 1483 solverit,
1159 1449 1275 1487 quam
1308 1436 1397 1474 olim
1431 1437 1594 1475 totidem

131 1489 335 1530 drachmas
369 1492 516 1530 solvere
553 1495 758 1545 potuisset,
788 1504 828 1535 et
863 1505 1002 1549 praeter
1039 1498 1123 1536 haec
1160 1513 1183 1537 a
1216 1499 1323 1537 vobis
1362 1512 1440 1537 non
1477 1500 1593 1537 modo

129 1551 342 1591 admissum
372 1554 422 1592 ad
441 1555 705 1605 gubernacula
731 1556 911 1605 ci⁷vitatis‚
946 1560 1051 1611 quod
1077 1574 1281 1599 commune
1319 1562 1500 1612 probrum
1533 1569 1595 1600 est

130 1615 323 1662 omnibus,
344 1616 413 1654 sed
448 1624 486 1655 et
513 1619 636 1669 patria
657 1633 769 1658 sacra
789 1621 952 1672 Delphis
980 1636 1050 1673 pro
1070 1623 1179 1661 vobis
1202 1623 1370 1661 fecisse?
1418 1623 1534 1667 Quod
1562 1625 1595 1663 si

128 1676 222 1715 talia
251 1687 290 1715 et
319 1684 429 1716 tanta
455 1681 633 1732 exempla
656 1681 821 1721 viderint
845 1697 992 1731 omnes,
1020 1685 1069 1723 de
1098 1686 1238 1737 quibus
1267 1699 1381 1724 nemo
1409 1693 1468 1724 est
1498 1687 1593 1737 quin

127 1739 261 1789 populi
288 1740 458 1792 deligere
477 1749 517 1780 et
538 1744 635 1782 tueri
655 1753 782 1795 partes
804 1746 1062 1797 perniciosum
1094 1761 1178 1786 esse
1203 1747 1365 1799 judicet,
1391 1761 1524 1786 vereor
1543 1761 1591 1786 ne

129 1800 337 1852 aliquando
365 1803 461 1841 nulli
482 1805 600 1843 futuri
626 1806 704 1844 sint
733 1808 797 1858 qui
831 1822 987 1847 causam
1018 1817 1184 1848 vestram
1218 1816 1411 1857 tueantur,
1432 1810 1463 1848 si
1492 1824 1592 1861 prae-

125 1863 258 1900 sertim
279 1864 372 1902 alios
391 1872 541 1904 naturae
561 1867 732 1906 debitum
753 1876 791 1907 et
811 1870 966 1908 fortuna
987 1878 1027 1909 et
1056 1879 1149 1909 aetas
1169 1871 1380 1917 sustulerit,
1409 1878 1452 1909 ut
1483 1872 1589 1910 Nau-

127 1924 274 1972 siclem,
295 1932 337 1964 ut
356 1927 577 1975 Charetem,
597 1936 639 1967 ut
668 1930 895 1979 Diotimum,
921 1940 965 1970 ut
985 1933 1269 1979 Menestheum,
1301 1940 1344 1971 ut
1370 1933 1589 1979 Eudoxum,

124 1994 388 2040 praetereaque
409 1990 627 2029 Eudemum
659 1999 698 2031 et
728 1993 948 2045 Ephialtem
978 2002 1017 2033 et
1041 1995 1274 2048 Lycurgum,
1296 1995 1390 2034 alios
1411 1996 1482 2046 ipsi
1503 2009 1592 2047 pro-

119 2049 306 2097 jeceritis,
325 2058 368 2088 ut
398 2052 674 2092 Charidemum
706 2062 745 2094 et
776 2056 990 2095 Philoclem
1010 2064 1051 2096 et
1068 2071 1143 2103 me,
1164 2057 1304 2108 quibus
1329 2071 1399 2096 vos
1426 2071 1498 2096 nec
1519 2058 1591 2109 ipsi

126 2109 228 2149 ullos
249 2112 364 2150 vestri
386 2125 474 2152 esse
503 2115 752 2155 stodiosiores
785 2118 931 2169 putatis
953 2132 962 2157 :
990 2119 1020 2157 si
1042 2132 1132 2157 vero
1159 2119 1348 2171 quosdam
1376 2133 1486 2171 aeque
1509 2127 1591 2158 stu-

126 2172 270 2219 di0s0s‚
295 2187 373 2213 non
392 2174 558 2215 invideo.
615 2179 766 2217 Vellem
799 2187 942 2228 autem,
964 2182 995 2219 si
1022 2195 1090 2220 vos
1117 2182 1170 2220 ita
1197 2190 1240 2220 ut
1260 2197 1414 2234 aequum
1442 2190 1502 2221 est
1523 2196 1589 2221 eos

125 2236 357 2284 tractabitis,
377 2251 503 2290 neque
534 2240 588 2279 ita
622 2249 665 2280 ut
694 2256 764 2281 nos
794 2244 893 2282 male
926 2245 1176 2292 mulctabitis,
1209 2258 1275 2284 eos
1311 2260 1397 2285 esse
1428 2246 1590 2298 posthac

123 2289 441 2350 qffamplurimos.
500 2302 566 2340 Sin
586 2303 688 2351 talia,
709 2305 838 2355 qualia
857 2319 975 2353 nunc,
995 2307 1174 2359 exempla
1188 2308 1398 2355 edideritis,
1412 2309 1498 2360 quis
1515 2315 1589 2356 est,

124 2360 188 2410 qui
210 2374 251 2399 se
275 2368 356 2401 toto
375 2364 504 2403 animo
523 2366 560 2404 in
583 2365 698 2404 istum
724 2367 899 2421 ordinem
919 2369 1012 2408 dare
1032 2370 1151 2408 velit?
1196 2371 1273 2415 Qui
1292 2372 1446 2424 quidem
1469 2372 1588 2410 simu-

123 2421 218 2469 lent,
238 2430 281 2461 ut
298 2423 504 2473 hactenus,
531 2427 585 2465 sic
617 2428 731 2466 etiam
760 2429 961 2482 deinceps,
981 2444 1058 2469 non
1091 2432 1266 2470 deerunt.
1324 2433 1439 2471 Absit
1458 2439 1587 2471 autem

121 2489 167 2521 ut
185 2496 317 2523 eorum
337 2487 454 2525 animi
483 2489 539 2526 sic
567 2490 696 2540 palam
721 2492 1026 2543 conspiciantur,
1048 2500 1091 2532 ut
1118 2493 1293 2541 istorum,
1314 2495 1378 2546 qui
1398 2509 1485 2546 quae
1505 2502 1587 2532 tum

122 2546 250 2596 palam
282 2547 564 2597 inficiabantur,
587 2564 633 2590 ea
663 2565 766 2591 nunc
797 2553 851 2592 ita
882 2561 1016 2607 agunt,
1037 2563 1078 2593 ut
1108 2557 1298 2596 neminem
1329 2565 1497 2596 vestrum
1526 2557 1587 2596 vel

123 2613 298 2647 metuant
329 2611 389 2648 vel
423 2620 682 2652 revereantur.
752 2616 851 2654 Haec
884 2617 1001 2667 igitur
1033 2619 1243 2669 cogitanda
1282 2625 1385 2665 sunt,
1425 2619 1585 2657 Atheni-

123 2681 248 2715 enseS,
281 2683 407 2722 neque
442 2674 501 2712 vel
539 2675 716 2714 benevoli
756 2679 994 2729 negligendi,
1028 2680 1086 2718 vel
1122 2680 1166 2718 iis
1204 2682 1269 2732 qui
1307 2682 1500 2720 civitatem
1534 2681 1584 2719 ad

122 2731 373 2772 acerbitatem
421 2736 683 2789 saevitiemque
732 2739 938 2791 impellunt
989 2742 1303 2780 auscultandum.
1380 2742 1480 2780 Nam
1522 2743 1584 2781 hic

121 2804 248 2830 rerum
281 2800 403 2833 status
433 2797 555 2836 multo
584 2800 706 2850 magis
734 2801 1043 2840 benevolentiam
1071 2811 1110 2842 et
1134 2804 1414 2842 humanitatem
1434 2804 1586 2856 flagitat

121 2866 237 2905 quam
264 2857 452 2896 tumultus
489 2867 527 2897 et
561 2860 792 2908 simultates,
813 2876 909 2913 quas
939 2865 1094 2915 quidam
1133 2865 1171 2903 in
1201 2867 1428 2904 immensum
1465 2879 1584 2917 exag—

121 2923 277 2966 geratas
298 2927 530 2971 usurpantes
552 2930 688 2962 contra
717 2937 784 2963 vos
812 2938 968 2977 operam
998 2926 1132 2966 locant
1159 2928 1208 2966 ad
1238 2941 1285 2966 ea
1311 2929 1466 2980 negotia
1489 2942 1583 2968 con-
