1948 3306
375 429 778 470 ARGUMENTUM
814 429 1340 529 ΡΒΙΜᾸἹΊΙῙΛΕΟΒΑΤΙΟΝΙδ1
1372 431 1430 470 ΙΝ
1461 431 1804 473 STEPHANUM

1042 492 1207 531 STEM.

402 613 482 643 Com
507 613 717 652 Apollodorus
741 612 956 642 Phormionem
975 617 1145 649 accusaret,
1163 614 1202 644 de
1221 624 1334 644 mensae
1357 614 1500 654 pecunia,
1521 613 1610 653 isque
1630 612 1743 644 actioni
1765 623 1836 653 ex-¹

359 664 530 704 ceptionem
548 668 729 703 opponeret,
745 664 919 703 Stephanus
944 675 1014 695 cum
1037 665 1105 695 aliis
1126 675 1183 705 pro
1207 666 1385 696 testimonio
1401 666 1493 702 dixit,
1508 663 1724 696 Phormionem
1747 676 1820 696 con-

358 716 506 746 ditionem
531 715 643 746 tulisse
667 716 872 754 Apollodoro,
891 715 918 746 si
944 721 1071 756 negaret
1095 717 1271 756 exemplum
1300 728 1366 748 esse
1393 717 1567 748 testamenti
1592 716 1712 757 paterni
1735 718 1818 757 quod

359 768 485 798 haberet
505 766 663 803 Phormio,
692 778 725 797 se
749 767 960 798 exhibiturum
984 773 1195 800 testamentum
1219 768 1317 808 ipsius
1340 768 1483 800 Pasionis
1503 768 1715 809 aperiendum,
1735 768 1818 808 quod

359 819 484 849 haberet
510 823 540 848 et
567 818 727 848 exhiberet
751 818 922 859 Amphias:
956 819 1179 860 Apollodorum
1204 824 1306 850 autem
1330 819 1450 861 aperire
1476 820 1625 851 noluisse.
1678 818 1716 849 ld
1741 829 1817 850 vero

358 870 454 900 ruisse
483 868 657 909 exemplum
686 870 861 901 testamenti
889 871 1042 902 Pasionis.
1101 872 1173 902 Hoc
1200 871 1408 902 testimonium
1436 871 1520 903 dixit
1543 871 1716 911 Stephanus
1747 881 1816 900 cum

358 922 437 952 suis:
467 931 537 952 cum
566 925 667 952 autem
689 922 900 962 Apollodorus
931 928 1037 953 contra
1061 923 1276 953 Phormionem
1304 924 1516 959 diceret,eutn
1543 922 1576 953 id
1601 926 1815 953 testamentum

357 973 553 1008 confinxisse,
569 976 725 1013 totamque
750 983 815 1003 rem
838 984 908 1003 esse
928 974 1180 1010 commentitiam,
1198 974 1320 1014 jndicio
1337 974 1438 1006 victus
1452 974 1672 1016 Apollodorus,
1687 972 1816 1012 Stepha-

357 1036 430 1055 num
442 1026 481 1056 de
497 1035 533 1055 eo
549 1025 737 1063 testimonio,
752 1030 894 1065 tanquam
910 1025 1001 1062 falso.
1017 1029 1148 1056 accusat.

672 1347 1450 1426 'DEMOSTHHENIS

598 1507 673 1554 IN
721 1506 1207 1554 STEPHANUM
1253 1506 1559 1555 TESTEM

823 1656 1068 1699 ORATIO
1102 1656 1320 1698 PRIOR.

406 1782 440 1819 1.
460 1780 601 1819 FALso
621 1781 841 1820 testimonio
861 1781 1159 1826 circumventus,
1179 1780 1206 1818 J
1211 1779 1357 1826 udices,
1385 1785 1424 1817 et
1443 1791 1466 1816 a
1492 1778 1724 1818 Phormione
1749 1780 1807 1818 in-

340 1842 451 1894 juriis
472 1856 517 1881 ac
537 1844 779 1882 contumeliis
804 1843 979 1890 affectus,
1000 1843 1140 1881 adsum
1172 1854 1245 1893 ope
1272 1848 1401 1880 vestra
1419 1853 1554 1892 poenas
1583 1847 1807 1892 sumpturus

345 1903 395 1941 de
414 1903 458 1941 iis
478 1905 543 1955 qui
562 1919 695 1944 earum
714 1919 839 1944 rerum
857 1917 978 1944 causa
993 1904 1084 1942 mihi
1102 1905 1270 1942 fuerunt.
1304 1904 1418 1954 Rogo
1433 1909 1562 1941 autem
1577 1916 1644 1942 vos
1658 1916 1808 1952 omnes,

345 1978 413 2003 oro
434 1972 473 2004 et
491 1967 679 2013 obtestor,
695 1968 858 2018 primum
879 1973 922 2005 ut
940 1980 1000 2004 me
1017 1979 1106 2004 cum
1122 1965 1393 2004 benevolentia
1408 1965 1573 2004 audiatis
1590 1977 1601 2009 ;
1621 1978 1807 2017 magnum

344 2027 444 2064 enim
461 2028 710 2076 calamitosis,
729 2030 853 2081 qualis
874 2042 948 2081 ego
970 2042 1069 2076 sum,
1089 2027 1270 2067 solatium
1290 2033 1351 2066 est
1372 2027 1481 2078 queri
1500 2040 1614 2080 posse
1633 2027 1806 2080 injurias,

343 2095 383 2127 et
399 2103 422 2128 a
440 2091 548 2130 vobis
568 2092 772 2144 impetrare
791 2099 835 2130 ut
859 2092 1028 2143 benigne
1049 2091 1268 2129 audiantur.
1324 2090 1490 2137 Deinde,
1512 2090 1544 2129 si
1563 2089 1726 2130 affectus
1747 2092 1804 2129 in-

337 2151 441 2201 juria
468 2153 641 2201 videbor,
660 2161 703 2192 ut
723 2168 792 2206 pro
806 2155 894 2206 jure
915 2167 1002 2192 meo
1021 2167 1081 2192 me
1095 2152 1252 2204 juvetis.
1310 2151 1525 2190 Ostendam
1547 2158 1675 2191 autem
1695 2154 1806 2192 vobis

343 2214 584 2266 Stephanum
606 2224 646 2255 et
663 2217 765 2255 falsa
783 2230 868 2255 esse
886 2222 1073 2255 testatum
1093 2221 1133 2254 et
1151 2215 1189 2252 id
1216 2214 1338 2265 turpis
1358 2213 1487 2253 lucelli
1518 2214 1728 2266 cupiditate
1748 2216 1804 2254 in-

341 2275 500 2315 ductum
520 2278 673 2325 fecisse,
693 2287 732 2317 et
750 2279 877 2330 ipsum
897 2292 919 2316 a
940 2292 1025 2316 sese
1041 2277 1216 2317 accusari
1233 2293 1242 2315 :
1271 2283 1380 2316 tanta
1396 2284 1456 2315 est
1470 2276 1521 2315 rei
1536 2277 1804 2329 perspicuitas.

344 2336 458 2375 Dabo
489 2345 620 2377 autem
651 2353 806 2391 operam
839 2346 881 2377 ut
908 2340 1031 2386 vobis,
1057 2353 1174 2390 quam
1207 2345 1341 2390 potero
1368 2338 1625 2391 paucissimis,
1654 2353 1804 2379 narrem

338 2399 523 2451 quicquid
542 2401 604 2452 egi
622 2414 709 2440 curn
728 2401 983 2439 Phormionet
1005 2401 1145 2451 quibus
1161 2400 1317 2449 auditis,
1332 2407 1372 2438 et
1383 2400 1486 2439 illius
1503 2400 1802 2452 improbitatem,

341 2465 381 2498 et
399 2460 559 2499 istorum
581 2462 783 2501 mendacia
798 2462 1056 2513 cognoscetis,

392 2524 432 2560 2.
463 2523 576 2569 Mihi,
599 2524 622 2561 J
628 2524 774 2570 udices,
794 2537 938 2575 magna
963 2523 1129 2575 pecunia
1148 2523 1282 2561 relicta
1301 2523 1372 2561 fuit
1393 2536 1416 2562 a
1434 2530 1557 2575 patre,
1578 2537 1694 2575 quam
1714 2538 1804 2563 cum

341 2580 522 2623 Phormio
549 2585 724 2635 haberet,
751 2585 867 2624 etiam
892 2598 1048 2624 uxorem
1073 2591 1232 2623 matrem
1253 2598 1377 2623 meam
1400 2585 1524 2633 duxit,
1544 2599 1606 2624 me
1626 2587 1803 2635 absente,

339 2645 491 2695 publice
520 2653 649 2686 vestra
678 2660 799 2686 causa
829 2647 971 2685 triremi
1001 2647 1331 2698 praefecto,——quo
1356 2653 1485 2685 autem
1505 2654 1635 2699 pacto,
1665 2660 1802 2699 parum

339 2708 503 2748 fortasse
529 2711 667 2749 deceat
691 2710 811 2748 filium
833 2709 881 2749 de
907 2717 1030 2749 matre
1058 2718 1237 2749 accurate
1258 2710 1456 2758 dicere—,
1469 2710 1509 2748 id
1529 2724 1603 2761 ego
1623 2723 1799 2752 reversus

338 2777 546 2821 postquam
577 2772 844 2822 animadverti,
875 2778 915 2810 et
939 2785 1018 2809 rem
1044 2778 1086 2810 ut
1108 2778 1219 2823 gesta
1245 2778 1328 2809 erat
1346 2771 1436 2816 vidi,
1457 2772 1531 2810 etsi
1560 2772 1724 2811 multum
1742 2773 1802 2811 in·-

339 2831 526 2882 dignabar
545 2841 584 2872 et
602 2847 681 2873 rem
701 2834 869 2886 graviter
888 2834 1073 2881 ferebam,
1098 2834 1249 2885 privato
1273 2841 1405 2871 tamen
1424 2847 1512 2872 eum
1538 2846 1723 2874 accusare
1736 2836 1802 2888 ju-

338 2892 439 2931 dicio
458 2907 535 2933 non
553 2895 904 2948 potui—judicium
922 2896 1023 2933 enim
1052 2908 1097 2934 eo
1127 2902 1300 2948 tempore
1327 2894 1517 2934 indictum
1537 2902 1633 2945 erat,
1653 2911 1801 2950 vosque

331 2954 476 3004 judicia
494 2964 649 3009 propter
667 2957 812 2997 bellum
832 2957 1135 3004 differebatis———‚
1156 2957 1225 2996 sed
1250 2956 1440 2996 actionem
1459 2959 1702 2999 contumeliae
1727 2973 1799 3011 pu-
