1948 3306
367 191 445 229 650
845 190 900 227 IN
933 188 1269 228 STEPHANUM
1297 189 1350 229 ΙΙ.

367 295 602 346 provocatio,
641 295 741 333 sicut
774 294 876 332 facta
907 307 984 332 non
1022 300 1095 332 est.
1160 294 1193 332 T
1206 308 1227 334 e
1241 308 1258 333 s
1272 301 1288 333 t
1302 307 1325 333 a
1337 308 1361 332 n
1373 301 1390 332 t
1403 306 1427 331 u
1440 305 1458 332 r
1493 306 1540 333 se
1587 307 1610 334 a
1621 294 1686 333 ffu
1699 294 1711 333 i
1726 307 1744 334 s
1759 307 1777 334 s
1792 307 1814 334 e

368 355 504 408 apud
541 356 794 395 arbitrum
830 356 1035 401 Tisiam,
1066 369 1178 394 cum
1211 362 1544 409 provocaret
1577 355 1816 396 Phormio

368 417 753 468 Apollodorum
788 424 842 455 ut
877 416 1120 468 aperiret
1155 418 1389 464 tabulas,
1425 430 1552 469 quas
1601 418 1815 457 exhibe-

368 480 459 517 bat
499 479 747 529 Amphias
789 478 1255 531 Cephisophontis
1306 480 1494 526 affinis,
1528 480 1816 531 Apollodo-

367 554 474 578 rum
522 547 693 579 autem
732 554 820 580 eas
860 540 1079 592 aperire
1122 541 1300 580 noluis
1319 555 1384 580 se.
1454 541 1495 579 Si
1531 542 1585 580 sic
1622 541 1817 580 testificati

367 611 508 648 essent,
542 615 631 641 vera
672 615 758 640 esse
797 602 992 640 testificati
1024 601 1255 641 viderentur.
1327 604 1359 641 E
1376 617 1401 642 x
1416 616 1485 643 em
1501 603 1552 654 pl
1567 616 1641 641 um
1686 609 1834 648 autem*

367 677 488 702 esse
525 664 836 702 testamenti
877 664 1125 701 Pasionis
1174 677 1232 702 ea
1271 675 1379 716 quae
1428 664 1636 704 tabulis
1682 676 1816 715 quas

369 726 613 764 Phormio
651 725 968 763 exhibuerit
1004 726 1275 777 inscripta
1308 727 1520 765 fuerint
1548 725 1695 773 testari,
1725 738 1816 764 cum

367 801 437 826 nec
464 788 641 826 affuerint
659 788 691 825 ei
711 794 984 826 testamentum
1003 787 1169 833 facienti,
1189 801 1314 839 neque
1334 788 1458 826 sciant
1475 801 1523 826 an
1544 793 1817 826 testamentum

365 850 514 895 fecerit,
537 863 664 888 nonne
684 850 790 888 vobis
809 849 959 888 videtur
980 848 1194 887 manifestae
1219 863 1303 887 esse
1324 849 1598 901 impudentiae?

421 915 457 950 5.
488 913 540 950 At
573 913 604 950 si
638 912 732 950 dicit
762 925 801 949 se
837 912 1068 950 Phormione
1099 911 1313 949 affirmante
1340 911 1496 949 credere
1525 923 1572 949 ea
1601 923 1692 950 vera
1718 923 1814 956 esse,

366 974 538 1025 ejusdem
570 974 636 1011 viri
667 981 729 1012 est
758 982 793 1011 et
825 973 982 1011 credere
1004 972 1057 1009 illi
1084 985 1130 1010 ea
1159 971 1374 1022 affirmanti,
1396 979 1434 1010 et
1451 985 1582 1023 parere
1601 972 1727 1010 dicere
1751 973 1816 1024 ju-

366 1037 470 1074 benti
502 1036 778 1074 testimonium.
836 1035 959 1085 Leges
994 1040 1121 1072 autem
1150 1047 1225 1072 non
1253 1034 1305 1072 ita
1324 1033 1547 1084 loquuntur,
1574 1033 1667 1071 sed
1706 1047 1816 1084 quae

366 1097 512 1135 norit
549 1097 764 1148 aliquis,
799 1103 838 1133 et
869 1096 1067 1147 quibus
1103 1095 1355 1147 gerendis
1387 1095 1738 1142 interfuerit,
1759 1109 1818 1135 ea

367 1158 571 1197 testari
603 1158 744 1210 jubent
776 1164 860 1208 atq
878 1171 936 1195 ue
963 1157 1174 1194 tabulis
1213 1156 1292 1194 ins
1311 1157 1421 1195 crib
1439 1170 1538 1203 ere,
1570 1163 1613 1195 ut
1645 1170 1716 1197 nec
1735 1157 1817 1196 adi-

364 1233 466 1258 mere
495 1220 612 1257 liceat
639 1219 860 1270 quicquam,
881 1231 952 1255 nec
984 1217 1126 1255 addere
1146 1217 1189 1256 iis
1224 1231 1311 1268 quae
1341 1217 1484 1269 scripta
1510 1217 1676 1256 fuerint:
1713 1232 1816 1257 rem

362 1294 452 1319 vero
485 1295 506 1319 e
545 1281 697 1318 vivente
734 1292 792 1316 au
809 1279 976 1316 <litam
1011 1284 1061 1316 te
1078 1278 1215 1316 stari
1255 1291 1334 1316 non
1379 1277 1523 1324 sinunt,
1569 1278 1639 1316 sed
1683 1292 1704 1317 e
1739 1279 1816 1317 de-

364 1343 576 1380 functo:
607 1342 866 1380 derebus
899 1342 1024 1378 item
1060 1339 1256 1390 quibus
1295 1339 1568 1377 interesse
1598 1352 1698 1378 non
1735 1353 1817 1391 po-

364 1404 526 1442 tueris
561 1410 610 1441 et
641 1416 752 1453 quae
781 1414 1000 1453 peregre
1036 1407 1203 1452 gestae
1231 1407 1372 1452 sunt,
1401 1400 1604 1439 dictum
1634 1401 1817 1440 aliena

364 1466 461 1504 fide
498 1463 874 1504 testimonium
911 1462 1329 1501 inscribendum
1378 1468 1463 1500 est
1493 1463 1720 1511 tabulis,
1764 1470 1816 1502 et

363 1528 548 1566 eadem
589 1527 803 1565 actione
831 1532 878 1563 et
913 1525 1087 1576 ipsum
1127 1524 1510 1563 testimonium
1545 1530 1595 1563 et
1631 1524 1816 1564 aliena

362 1590 456 1627 fide
490 1589 691 1627 dictum
729 1587 1106 1625 testimonium
1156 1586 1205 1624 in
1231 1586 1510 1633 judicium
1553 1586 1651 1625 add
1668 1600 1816 1626 ucen-

360 1651 385 1688 d
400 1665 422 1688 u
439 1665 476 1688 m
514 1664 562 1688 es
577 1657 592 1688 t
628 1648 796 1695 simul,
818 1655 872 1695 ut,
901 1648 933 1686 si
951 1649 988 1686 in
1011 1661 1052 1686 se
1072 1646 1260 1698 receperit
1286 1647 1318 1686 is
1338 1647 1403 1699 qui
1423 1647 1518 1686 dixit
1536 1648 1619 1699 ipse
1642 1648 1814 1687 testimo-

359 1712 561 1759 nium‚¹ille
582 1711 770 1750 obnoxius
804 1710 854 1749 sit
880 1709 966 1748 falsi
994 1709 1216 1755 testimonii,
1237 1709 1298 1747 sin
1328 1709 1368 1746 in
1398 1722 1439 1748 se
1465 1723 1543 1748 non
1572 1710 1770 1762 receperit,
1790 1710 1816 1748 ii

361 1775 427 1826 qui
447 1775 572 1812 aliena
591 1773 667 1811 fide
689 1772 948 1811 testimonium
969 1771 1166 1809 dixerunt.
1225 1770 1305 1809 Sed
1326 1771 1560 1823 Stephanus,
1582 1784 1671 1810 cum
1686 1784 1815 1822 neque

359 1837 457 1875 sciat
477 1850 525 1874 an
543 1842 652 1887 pater
675 1841 803 1872 noster
822 1840 1095 1872 testamentum
1122 1832 1327 1884 reliquerit,
1349 1845 1476 1884 neque
1507 1846 1676 1884 unquam
1704 1833 1814 1872 adhi-

358 1899 460 1936 bitus
479 1898 594 1936 fuerit
611 1909 696 1934 cum
718 1903 828 1948 pater
842 1902 973 1934 noster
991 1901 1266 1933 testamentum
1285 1894 1443 1941 faceret,
1458 1894 1528 1933 sed
1542 1907 1564 1933 e
1579 1894 1814 1933 Phormione

362 1959 537 2006 audierit,
559 1972 638 1997 rem
669 1957 839 1996 auditam
861 1965 920 1995 est
938 1963 1102 1995 testatus
1129 1969 1291 2007 eamque
1310 1956 1447 1994 falsam
1467 1962 1507 1994 et
1523 1963 1659 1995 contra
1676 1956 1814 2009 legem.

363 2022 460 2066 Quae
482 2028 523 2060 ut
541 2034 631 2060 vera
650 2033 736 2059 esse
753 2026 916 2067 constet,
935 2020 1020 2071 ipsa
1038 2018 1145 2058 vobis
1164 2019 1228 2056 lex
1248 2017 1480 2057 recitabitur.

1023 2124 1139 2163 LEX.

403 2204 482 2234 Rem
510 2204 642 2235 auditam
660 2215 676 2234 e
693 2208 812 2234 mortuo
834 2202 940 2233 testari
962 2202 1072 2233 liceat:
1097 2203 1301 2233 testimonium
1318 2203 1390 2234 item
1404 2203 1502 2234 aliena
1516 2203 1576 2233 fide
1593 2203 1708 2239 dicere,
1721 2203 1760 2233 de
1782 2214 1814 2233 re

357 2259 444 2285 extra
459 2256 592 2286 Atticam
607 2262 695 2295 gesta
708 2260 737 2285 et
753 2255 801 2285 cui
818 2255 969 2284 interesse
990 2265 1047 2283 non
1066 2255 1214 2293 potueris.

410 2334 449 2369 6.
486 2330 701 2369 Ostendam
723 2337 851 2368 autem
887 2329 1011 2375 vobim
1031 2343 1118 2367 eum
1146 2330 1261 2368 etiam
1282 2337 1419 2368 contra
1442 2330 1556 2368 aliam
1585 2329 1708 2381 legem
1727 2343 1813 2369 esse

355 2392 615 2438 testificatum,
639 2399 681 2429 ut
712 2390 840 2429 sciatis
862 2391 1147 2439 Phormionem,
1167 2398 1211 2429 ut
1239 2392 1305 2442 qui
1337 2404 1562 2442 magnarum
1591 2391 1814 2442 injuriarum

355 2454 620 2492 defensionem
653 2466 729 2491 non
760 2453 933 2498 haberet,
969 2453 1254 2503 provocationis
1281 2459 1472 2504 praetextu
1502 2459 1542 2491 et
1574 2454 1703 2504 specie
1730 2466 1814 2491 esse

355 2529 481 2560 usum,
503 2516 630 2567 reipsa
657 2528 748 2552 vero
769 2514 894 2565 ipsum
917 2515 987 2552 sibi
1014 2515 1158 2552 dixisse
1179 2514 1454 2561 testimonium,
1475 2515 1692 2553 subornatis
1716 2515 1814 2562 istis,

353 2591 422 2629 per
440 2590 538 2628 quos
566 2577 771 2627 etjudices
793 2575 946 2626 decepti
969 2582 1073 2621 sunt,
1101 2576 1208 2626 quasi
1236 2575 1290 2613 illi
1308 2589 1399 2614 vera
1424 2576 1744 2620 testificarentur;
1775 2584 1815 2616 et

354 2652 428 2689 ego
449 2638 584 2676 relicta
603 2650 626 2675 a
643 2644 752 2689 patre
772 2637 936 2687 pecunia
957 2651 1041 2675 sum
1062 2637 1264 2688 spoliatus„
1282 2650 1353 2675 nec
1373 2651 1508 2688 poenas
1528 2637 1575 2675 de
1594 2637 1706 2675 factis
1723 2637 1814 2676 mihi

353 2701 499 2751 injuriis
519 2713 677 2752 possum
698 2712 862 2737 sumere.
922 2700 1053 2750 Ipsum
1073 2699 1175 2737 enim
1201 2700 1272 2737 sibi
1292 2713 1377 2737 esse
1396 2706 1535 2738 testem
1555 2699 1661 2750 leges
1682 2701 1815 2739 sinunt

355 2763 562 2808 neminem,
583 2775 656 2800 nec
677 2762 715 2799 in
735 2760 913 2812 publicis,
933 2774 1004 2798 nec
1025 2761 1063 2797 in
1091 2761 1249 2811 privatis
1269 2761 1412 2806 causis,
1432 2774 1502 2799 nec
1534 2761 1572 2798 in
1602 2762 1812 2800 rationibus

353 2823 577 2861 referendis.
634 2823 817 2860 Phormio
834 2835 924 2860 vero
944 2822 1026 2873 ipse
1047 2822 1118 2859 sibi
1140 2821 1249 2860 testis
1269 2821 1352 2867 fuit,
1367 2835 1454 2860 cum
1475 2823 1538 2860 isti
1556 2823 1689 2862 dicant
1707 2837 1748 2862 se
1764 2837 1813 2862 ex

352 2885 419 2922 illo
440 2885 573 2923 audita
594 2885 817 2924 testificatos
837 2898 923 2924 esse
943 2885 1042 2922 haec.
1104 2885 1154 2922 Ut
1176 2890 1304 2924 autem
1329 2897 1398 2924 vos
1430 2898 1510 2924 rem
1537 2893 1644 2926 certo
1666 2899 1812 2938 cogno-

354 2946 483 2993 scatis,
505 2946 627 2997 ipsam
648 2947 738 2985 mihi
759 2947 885 2998 legem
903 2946 1035 2986 recita.
