1965 3356
537 187 831 227 ADVERSUS
864 184 1169 225 POLYCLEM.
1508 185 1584 222 693

127 292 291 344 pecunia
309 291 415 344 prius
437 299 613 344 accepta,
632 292 723 343 quia
742 297 781 329 et
798 302 907 328 meos
937 288 1088 326 loculos
1116 286 1338 332 exhaustos,
1362 292 1402 324 et
1433 299 1588 338 rempu-

125 354 267 393 blicam
285 367 373 393 esse
405 354 682 405 negligentem,
704 360 743 390 et
771 352 897 389 socios
921 350 1072 401 inopes,
1092 354 1131 386 et
1149 347 1269 385 duces
1294 347 1449 394 infidos,
1471 358 1588 398 atque

128 416 339 455 multorum
359 416 532 455 oratione
552 414 706 465 decepti
722 419 866 458 essent,
885 419 924 450 et
943 409 1176 448 trierarchiae
1202 415 1356 459 tempus
1369 410 1450 460 jam
1471 409 1590 454 exire,

126 491 251 529 neque
266 477 423 516 domum
442 477 566 529 parari
584 476 765 521 reditum,
785 486 911 525 neque
931 484 1195 511 successorem
1215 470 1344 509 venire
1365 471 1414 508 ad
1434 483 1587 515 navem,

127 552 152 577 a
178 553 257 590 quo
286 539 431 591 aliquid
463 539 546 590 opis
576 536 721 589 sperari
751 542 818 574 aut
848 534 1044 586 impetrari
1072 539 1218 585 posset,
1245 532 1443 570 videbant.
1500 532 1588 575 Quo

127 601 231 640 enim
262 600 476 639 studiosius
508 606 547 637 et
576 598 711 637 melius
741 611 878 635 navem
898 596 1011 635 bonis
1036 595 1244 646 remigibus
1265 594 1512 645 completam,
1542 607 1588 632 eo

126 676 189 702 me
209 663 338 714 plures
358 675 476 712 quam
493 661 616 698 ullum
637 660 754 699 alium
779 659 1006 711 praefectum
1028 658 1298 696 deseruerunt.
1346 655 1448 694 Nam
1471 660 1589 692 caete-

128 725 195 771 ris,
214 731 258 762 ut
277 723 370 762 nihil
399 723 520 770 aliud,
541 723 679 761 saltem
699 722 765 774 qui
794 735 815 760 e
836 721 1052 760 delectibus
1078 726 1265 758 venerant
1294 719 1344 757 ad
1371 731 1510 757 navem
1530 730 1591 756 re-

126 792 356 824 manserunt
387 785 554 824 reditum
580 785 620 823 in
645 784 810 837 patriam
831 784 903 822 sibi
923 782 1177 828 reservantes,
1208 783 1240 820 si
1260 795 1326 820 eos
1347 781 1428 819 dux
1449 781 1590 818 missos

124 846 310 886 fecisset:
339 848 415 885 mei
446 860 537 886 vero
564 853 694 885 nautae
723 845 811 884 freti
841 858 912 884 suo
943 846 1080 884 robore
1099 851 1139 884 et
1165 844 1406 895 agendarum
1436 842 1591 880 navium

124 910 276 962 peritia,
297 923 374 961 quo
403 909 443 948 in
475 910 564 949 loco
595 909 803 962 plurimum
827 907 1024 960 accepturi
1051 914 1175 955 erant,
1195 920 1241 946 eo
1268 921 1309 946 se
1329 905 1590 951 contulerunt,

127 972 390 1011 existimantes
423 978 635 1024 praesentes
679 971 811 1023 copias
844 971 934 1023 plus
961 969 1089 1008 valere
1121 969 1374 1021 impendente
1403 974 1522 1015 metu,
1560 966 1593 1005 si

125 1034 283 1085 quando
303 1047 326 1072 a
343 1047 404 1072 me
425 1033 654 1085 deprehensi
674 1040 818 1072 essent.
876 1033 1004 1079 Quum
1025 1031 1137 1083 igitur
1156 1032 1195 1069 in
1222 1044 1268 1069 eo
1294 1031 1384 1069 loco
1413 1043 1474 1068 res
1495 1042 1592 1067 meae

126 1103 271 1143 esseut,
289 1102 328 1134 et
347 1095 461 1134 simul
488 1096 567 1133 dux
586 1095 863 1133 Timomachus
884 1095 976 1132 mihi
1001 1093 1227 1132 mandasset
1252 1100 1295 1131 ut
1321 1092 1369 1131 ad
1387 1092 1593 1143 Templum

126 1158 347 1209 navigarem
365 1157 605 1209 perducendi
637 1157 818 1195 frumenti
843 1156 968 1208 gratia
989 1169 1062 1194 nec
1083 1155 1316 1207 stipendium
1347 1154 1526 1200 solveret,
1546 1166 1593 1192 ac

124 1220 282 1272 insuper
314 1220 538 1258 nunciatum
561 1226 678 1266 esset,
698 1219 906 1271 Byzantios
934 1225 974 1256 et
1003 1217 1291 1256 Calchedonios
1323 1229 1452 1254 rursus
1479 1228 1594 1254 exce-

123 1289 234 1334 ptare
245 1281 398 1334 navigia
417 1288 456 1320 et
475 1281 632 1332 adigere
651 1280 700 1320 ad
721 1282 960 1319 frumentum
980 1278 1283 1326 exonerandum,
1296 1285 1497 1316 mutuatus
1518 1290 1593 1329 ego

125 1357 150 1382 a
178 1343 411 1382 Charidemo
440 1343 704 1395 Anaphlystio
736 1342 957 1395 quindecim
985 1342 1108 1379 minas
1137 1340 1299 1387 foenore,
1326 1340 1594 1392 septingentas

124 1404 329 1444 drachmas
349 1406 400 1444 ad
419 1413 576 1444 octavas
595 1418 734 1444 usuras
754 1418 778 1443 a
797 1405 963 1456 Nicippo
984 1402 1222 1441 naviculario
1243 1402 1371 1441 navali
1391 1407 1595 1441 contractu

125 1467 276 1519 accepi,
296 1468 364 1519 qui
395 1468 498 1506 Sesti
526 1475 621 1514 erat,
641 1481 687 1506 ea
714 1467 951 1513 conditione,
981 1466 1013 1504 si
1039 1464 1148 1504 navis
1178 1464 1383 1502 incolumis
1418 1462 1594 1502 Athenas

124 1529 304 1577 redisset,
323 1536 367 1568 ut
385 1530 420 1569 ei
439 1536 477 1569 et
497 1537 640 1569 sortem
661 1537 701 1568 et
719 1519 853 1568 usuras
873 1528 1096 1571 redderem
1127 1528 1326 1579 missoque
1347 1526 1594 1564 Euctemone

126 1591 448 1631 semicenturione
483 1593 755 1644 Lampsacum,
776 1592 945 1643 pecunia
976 1597 1015 1629 et
1044 1591 1166 1629 literis
1198 1590 1248 1628 ad
1279 1589 1452 1641 hospites
1476 1587 1594 1639 patris

125 1656 201 1694 mei
220 1656 334 1702 datis,
350 1656 449 1707 jussi
469 1656 561 1693 mihi
577 1662 715 1694 nautas
736 1655 967 1700 conducere,
987 1667 1104 1704 quarn
1129 1661 1261 1705 posset
1278 1651 1567 1690 robustissimos
1585 1663 1594 1688 :

124 1717 208 1768 ipse
242 1724 373 1756 autem
406 1717 510 1756 Sesti
538 1723 725 1764 moratus,
744 1717 937 1755 veteribus
964 1716 1091 1754 nautis
1122 1716 1188 1766 qui
1219 1720 1484 1753 remanserant
1505 1712 1596 1750 dedi

126 1785 314 1830 quantum
333 1779 455 1830 potui,
485 1787 693 1830 postquam
711 1778 805 1816 mihi
829 1777 1072 1829 praefecturae
1100 1785 1254 1828 tempus
1278 1774 1419 1821 exibat,
1439 1781 1478 1812 et
1497 1773 1594 1812 alios

127 1848 267 1880 nautas
286 1841 425 1893 integri
457 1841 636 1892 stipendii
667 1840 814 1892 accepi,
835 1840 983 1877 interea
1010 1839 1101 1877 dum
1132 1838 1212 1876 dux
1236 1836 1524 1888 navigationem
1545 1835 1596 1873 ad

127 1903 315 1955 templum
347 1904 574 1956 apparabat.
631 1902 732 1940 Cum
758 1910 888 1940 autem
920 1902 1140 1939 Euctemon
1170 1901 1387 1951 Lampsaco
1418 1911 1596 1937 reversus

126 1971 266 2004 nautas
283 1978 379 2016 quos
408 1965 649 2004 conduxerat
675 1964 917 2011 adduxisset,
937 1977 981 2002 ac
1015 1963 1096 2001 dux
1118 1963 1324 2001 classicum
1349 1974 1488 1999 canere
1510 1961 1595 2013 jus-

127 2026 244 2066 sisset
263 2033 306 2064 ut
324 2027 577 2074 solveremus,
599 2026 740 2065 accidit
754 2033 798 2064 ut
817 2026 1034 2064 Euctemon
1054 2033 1213 2077 repente
1233 2025 1272 2062 in
1289 2026 1465 2063 morbum
1486 2036 1596 2061 eum-

126 2103 202 2141 que
235 2089 505 2142 gravissimum
538 2090 740 2128 incideret.
816 2089 920 2127 Eum
957 2089 1087 2140 igitur,
1124 2087 1277 2126 reddito
1316 2086 1522 2138 stipendio,
1558 2092 1597 2123 et

127 2152 262 2190 addito
279 2151 432 2198 viatic0‚
452 2153 609 2192 domum
629 2151 778 2195 remisi;
808 2158 924 2202 atque
944 2151 1045 2203 ipse,
1067 2151 1141 2189 alio
1163 2149 1486 2188 semicenturione
1511 2160 1595 2185 cre-

128 2223 207 2262 ato,
227 2213 322 2252 solvi
343 2215 390 2252 ad
407 2215 642 2253 frumentum
661 2213 964 2266 pervehendum,
987 2213 1114 2264 ibique
1134 2219 1304 2250 moratus
1325 2224 1410 2249 sum
1426 2210 1595 2261 quinque

127 2285 167 2316 et
185 2277 445 2329 quadraginta
463 2277 560 2324 dies,
580 2277 706 2316 donec
725 2290 844 2315 naves
863 2290 882 2315 e
904 2277 1031 2315 Ponto
1045 2283 1134 2328 post
1153 2276 1366 2313 Arcturum
1386 2273 1594 2312 solverent.

129 2339 231 2377 Cum
261 2346 389 2378 autem
417 2339 572 2378 Sestum
593 2339 870 2391 pervenissem,
892 2352 966 2390 ego
997 2352 1059 2376 me
1087 2338 1245 2376 domum
1270 2337 1353 2388 jam
1381 2335 1596 2374 rediturum

128 2401 327 2452 putabam,
347 2413 435 2439 cum
469 2413 545 2438 non
577 2401 694 2439 modo
723 2408 876 2452 tempus
902 2399 993 2438 mihi
1015 2400 1098 2452 jam
1119 2406 1298 2437 exactum
1318 2404 1434 2442 esset,
1456 2397 1526 2434 sed
1558 2402 1597 2433 et

129 2462 208 2501 duo
228 2475 382 2502 menses
401 2462 450 2501 ad
467 2463 738 2514 praefecturam
757 2462 935 2501 navalem
953 2461 1224 2507 accessissent,
1246 2467 1286 2499 et
1315 2471 1520 2498 successor
1545 2457 1597 2495 ad

129 2537 267 2563 navem
287 2538 364 2564 non
383 2524 554 2563 veniret:
585 2524 665 2563 dux
684 2531 812 2563 autem
833 2524 1122 2571 Timomachus,
1141 2536 1230 2561 cum
1251 2535 1341 2560 eum
1361 2521 1482 2572 legati
1509 2519 1596 2556 Ma-

129 2587 295 2625 ronitani
313 2586 587 2625 convenissent
606 2600 651 2625 ac
673 2594 877 2638 rogassent
894 2593 937 2624 ut
956 2587 1226 2624 frumentarias
1253 2597 1344 2622 suas
1364 2596 1482 2621 naves
1511 2588 1596 2619 tue-

129 2653 250 2695 retur,
269 2647 382 2686 nobis
408 2648 615 2686 triremium
648 2647 841 2699 praefectis
868 2648 1030 2686 mandat
1056 2655 1101 2686 ut
1126 2661 1192 2685 eas
1213 2659 1332 2684 naves
1352 2645 1402 2683 ad
1423 2644 1596 2682 triremes

131 2708 310 2760 alligatas
343 2709 572 2748 Maroneam
604 2710 925 2762 pertraheremus,
954 2723 1072 2748 cursu
1096 2717 1135 2748 et
1153 2709 1272 2761 longo
1293 2715 1332 2746 et
1359 2705 1530 2759 spatioso
1558 2704 1594 2741 in

131 2782 240 2808 mari.

187 2832 225 2869 6.
241 2831 342 2871 Haec
355 2833 464 2872 vobis
477 2834 605 2872 omnia
617 2841 821 2886 propterea
835 2834 998 2886 exposui
1015 2835 1063 2872 ab
1079 2833 1199 2879 initio,
1213 2838 1258 2869 ut
1270 2830 1414 2876 sciatis,
1430 2835 1598 2880 quantos

134 2893 216 2944 ipse
242 2902 415 2946 sumptus
435 2896 605 2943 fecerim,
625 2904 663 2935 et
682 2905 871 2948 quantum
891 2903 1046 2947 propter
1067 2894 1342 2946 rempublicam
1363 2905 1462 2930 onus
1482 2889 1599 2928 susti-

134 2954 296 3003 nuerim,
314 2965 579 3010 quantumque
597 2965 735 3011 postea
754 2972 824 3010 pro
845 2959 919 2997 isto
940 2957 1209 3008 insumpserim
1231 2956 1338 2993 finito
1357 2953 1599 3006 praefectura:
