1998 3306
346 209 422 248 588
794 203 1081 244 ADVERSUS
1123 199 1364 239 BOEOTUM

347 314 402 352 eis
422 309 605 365 praestitis
634 309 680 348 iis
713 323 802 361 quae
829 322 942 360 aequa
968 315 1059 346 sunt
1073 305 1222 359 judicio
1243 296 1512 356 supersedere,
1531 315 1610 341 non
1631 306 1814 340 verentur

346 375 456 413 vobis
485 375 522 411 in
551 373 773 411 memoriam
804 384 999 420 revocare,
1020 368 1051 407 si
1079 367 1171 418 quid
1200 374 1267 405 aut
1298 373 1408 417 pater
1434 370 1564 402 noster
1597 376 1676 401 non
1709 368 1812 400 recte

349 437 451 481 fecit,
473 442 541 473 aut
573 435 644 486 ipsi
678 436 717 472 in
750 447 836 472 eum
866 433 1126 482 deliquerunt,
1147 441 1287 478 meque
1314 439 1447 465 secum
1476 425 1627 476 litigare
1651 429 1813 474 cogunt.

350 497 403 534 Ut
422 504 552 535 autem
573 502 680 534 certo
699 495 844 541 sciatis,
868 495 951 545 ejus
972 493 1025 531 rei
1045 504 1204 530 causam
1222 504 1281 528 me
1303 503 1380 527 non
1401 501 1501 534 esse,
1521 488 1590 526 sed
1610 487 1715 532 istos,
1734 499 1815 524 rem

349 571 501 596 omnem
523 559 570 596 ab
592 558 700 596 initio
721 557 842 602 vobis,
861 568 974 606 (uiam
996 561 1130 606 potero
1149 552 1386 597 brevissime,
1408 549 1626 601 explicabo.

405 622 442 658 2.
477 620 607 658 Mater
629 633 728 665 mea,
753 618 932 663 Judices,
952 615 1031 654 filia
1053 615 1127 653 fuit
1146 613 1344 665 Polyarati
1366 610 1657 662 Chol-argensis,
1679 608 1817 646 Mene-
1871 630 1877 643 ι

350 682 453 726 xeni‚
477 681 647 732 Bathylli
669 687 709 718 et
729 679 932 717 Periandri
961 690 1082 716 soror.
1139 676 1239 713 Cum
1264 687 1355 712 vero
1382 680 1492 724 pater
1523 685 1609 710 eam
1639 671 1820 709 Cleome-

351 743 461 782 donti
477 743 635 781 Cleonis
662 742 739 779 filio
760 740 1049 792 despondisset,
1070 745 1109 777 et
1129 738 1318 775 talentum
1339 736 1468 773 dotem
1490 734 1723 780 addidisset,
1742 731 1819 783 pri-

352 817 457 842 mum
476 804 558 855 ejus
583 802 874 842 materfamilias
904 801 998 840 suit:
1038 800 1139 838 natis
1166 806 1294 837 autem
1310 798 1343 835 ei
1360 797 1480 835 tribus
1497 796 1663 841 filiabus,
1680 802 1720 836 et
1741 807 1820 832 uno

351 866 430 904 filio
452 866 613 912 Cleone,
632 865 848 915 maritoque
868 871 1007 915 postea
1027 862 1226 906 defuncto,
1249 860 1407 898 deserta
1426 858 1572 896 familia
1601 863 1641 895 et
1665 862 1822 907 recepta

352 927 457 974 dote,
477 940 610 966 rursus
631 940 717 965 eam
739 926 985 964 elocantibus
1005 924 1188 962 fratribus
1209 922 1432 959 Menexeno
1445 927 1484 958 et
1496 919 1821 971 Bathyllo—nam

353 987 565 1026 Periander
599 1001 693 1038 puer
729 987 857 1025 adhuc
890 991 1067 1024 erat—et
1095 984 1284 1022 talentum
1311 981 1561 1028 addentibus,
1582 982 1716 1032 nupsit
1735 993 1822 1018 meo

353 1051 480 1100 patri.·
524 1050 687 1100 Egoque
721 1055 835 1087 natus
870 1048 924 1086 eis
953 1060 1054 1092 sum,
1077 1052 1118 1085 et
1139 1045 1237 1083 alius
1257 1044 1376 1082 frater
1408 1057 1468 1081 me
1496 1042 1628 1094 junior
1645 1043 1711 1093 qui
1731 1055 1825 1094 puer

354 1113 460 1152 obiit.
514 1114 565 1151 Ut
589 1119 716 1151 autem
742 1117 896 1152 constet
923 1124 983 1149 me
1009 1110 1094 1148 haec
1120 1122 1206 1147 vere
1236 1108 1378 1154 dicere,
1398 1106 1564 1158 primum
1593 1112 1712 1145 testes
1740 1118 1827 1158 pro-

356 1174 510 1213 ducam.
593 1177 597 1180 “

987 1315 1202 1353 TESTES.

360 1410 529 1451 Matrem
548 1404 664 1462 igitur
685 1425 811 1450 meam
830 1418 940 1463 pater
961 1425 1072 1450 meus
1093 1412 1147 1449 ita
1172 1411 1326 1449 ductam
1348 1424 1507 1448 uxorem
1535 1407 1638 1447 domi
1659 1418 1740 1446 suae
1760 1406 1829 1444 ha-

359 1473 455 1518 buit,
483 1486 623 1524 meque
657 1480 696 1511 et
728 1474 870 1511 erudiit
900 1482 940 1511 et
970 1473 1118 1519 dilexit,
1150 1472 1483 1523 quemadmodum
1514 1478 1554 1509 et
1587 1483 1657 1508 vos
1696 1481 1830 1507 omnes

360 1542 509 1572 vestros
530 1534 671 1572 liberos
699 1535 857 1585 diligitis
876 1548 884 1572 ε
914 1549 1003 1572 cum
1023 1541 1144 1572 matre
1165 1541 1295 1572 autem
1326 1534 1487 1572 istorum
1507 1533 1709 1584 Plangone
1736 1544 1831 1569 con-

360 1596 607 1634 suetudinem
640 1596 789 1643 habuit,
810 1609 1043 1646 quocunque
1072 1596 1372 1646 modo—neque
1398 1594 1499 1633 enim
1530 1595 1606 1633 hoc
1638 1592 1832 1644 explicare

360 1670 488 1695 meum
504 1665 633 1703 est-,
648 1671 773 1709 neque
787 1664 916 1695 tamen
936 1671 980 1696 eo
996 1671 1119 1708 usque
1136 1657 1340 1709 cupiditati
1361 1656 1581 1703 succubuit,
1596 1661 1754 1698 uteam,
1770 1653 1833 1692 vel

361 1726 515 1756 mortua
542 1726 678 1766 matre,
698 1719 737 1756 in
759 1718 863 1757 aedes
898 1718 947 1756 ad
979 1731 1019 1755 se
1041 1719 1210 1769 recipere
1231 1718 1411 1770 dignatus
1438 1717 1567 1764 fuerit,
1587 1723 1655 1755 aut
1675 1715 1834 1755 credere

361 1780 525 1818 voluerit
556 1781 653 1819 istos
688 1795 734 1819 ex
768 1794 809 1818 se
841 1793 926 1818 esse
959 1787 1084 1818 natos.
1144 1780 1312 1832 Reliquo
1343 1780 1460 1831 igitur
1487 1786 1660 1830 tempore
1691 1778 1754 1816 isti
1781 1777 1836 1815 ita

363 1843 542 1882 vivebant
572 1850 616 1881 ut
639 1845 705 1894 qui
725 1844 843 1894 patris
864 1844 940 1881 mei
960 1856 1038 1881 non
1059 1850 1205 1891 essent,
1235 1851 1278 1881 ut
1309 1850 1349 1881 et
1378 1849 1550 1880 vestrum
1569 1840 1743 1893 plerique
1764 1852 1835 1877 no-

364 1912 478 1944 runt:
509 1912 765 1956 posteaquam
786 1911 916 1945 autem
935 1904 1009 1942 iste
1032 1904 1269 1951 adoleverat,
1291 1904 1487 1942 officinam
1513 1902 1836 1940 calumniatorum

365 1967 436 2005 sibi
458 1967 633 2012 adscivit,
651 1980 816 2018 quorum
836 1967 916 2004 dux
932 1973 1015 2004 erat
1031 1966 1242 2004 ll‘lnesicles
1258 1972 1298 2003 et
1313 1964 1514 2003 Menecles
1529 1964 1594 2002 ille
1608 1963 1673 2014 qui
1690 1962 1837 2000 Ninum

365 2041 470 2066 ream
491 2028 653 2079 peregit,
674 2028 827 2078 illisque
843 2028 1019 2078 patronis
1040 2027 1140 2078 patri
1160 2040 1246 2065 meo
1262 2026 1365 2072 diem
1381 2026 1490 2073 dixit,
1507 2026 1592 2077 ejus
1613 2037 1700 2063 esse
1714 2024 1838 2062 filium

365 2103 406 2128 se
425 2103 618 2127 asserens.
678 2090 777 2126 Cum
801 2096 927 2126 autem
949 2089 1008 2126 his
1031 2088 1079 2126 de
1098 2090 1215 2127 rebus
1237 2088 1340 2139 saepe
1360 2086 1654 2133 conveniretur,
1675 2092 1715 2124 et
1729 2093 1839 2137 pater

366 2152 436 2189 sibi
457 2152 566 2188 nulla
583 2151 729 2189 ratione
751 2163 981 2202 persuasum
1001 2149 1046 2187 iri
1066 2150 1213 2188 diceret
1239 2150 1334 2187 istos
1355 2162 1403 2187 ex
1424 2162 1466 2187 se
1495 2162 1580 2187 esse
1601 2154 1730 2193 natos,
1752 2160 1839 2185 tan-

368 2213 457 2250 dem
474 2213 638 2264 Plango,
650 2212 1009 2259 Judices,-omnis
1025 2212 1125 2249 enim
1146 2211 1248 2262 apud
1268 2225 1337 2250 vos
1359 2211 1509 2250 dicetur
1525 2210 1735 2258 veritas—,
1753 2223 1838 2248 eum

370 2273 555 2311 Menecle
574 2280 720 2324 patrem
743 2287 873 2311 meum
892 2285 942 2310 ex
959 2272 1106 2310 insidiis
1124 2285 1324 2323 aggressa,
1340 2272 1607 2323 jurejurando,
1629 2271 1730 2322 quod
1759 2284 1840 2309 ma-

369 2336 516 2373 ximum
549 2332 588 2372 et
613 2335 898 2373 sanctissimum
928 2334 1030 2385 apud
1056 2347 1190 2373 omnes
1216 2334 1394 2380 habetur,
1417 2333 1588 2385 decepit,
1608 2332 1781 2384 pollicita
1799 2345 1842 2370 se

369 2397 527 2448 triginta
559 2396 672 2434 minis
706 2397 892 2446 acceptis,
916 2396 1014 2433 filios
1042 2395 1227 2433 fratribus
1254 2395 1333 2433 suis
1366 2395 1612 2446 adoptandos
1633 2395 1842 2438 daturam;

369 2459 477 2510 quod
493 2458 521 2496 si
542 2471 564 2496 a
583 2465 693 2509 patre
714 2458 765 2495 ad
785 2458 970 2495 arbitrum
990 2464 1192 2495 vocaretur
1219 2464 1263 2495 ut
1276 2457 1438 2508 juraret,
1461 2457 1559 2496 filios
1581 2470 1628 2495 ex
1648 2457 1735 2508 ipso
1756 2469 1844 2495 esse

371 2527 497 2566 natos,
537 2533 577 2558 se
606 2533 693 2558 eam
726 2520 984 2558 conditionem
1010 2533 1086 2557 non
1115 2525 1387 2570 accepturam:
1417 2519 1477 2557 his
1511 2519 1614 2557 enim
1644 2518 1699 2556 ita
1717 2518 1845 2563 factis,

372 2595 500 2634 neque
520 2582 614 2620 istos
645 2582 799 2620 civitate
821 2582 1045 2633 privandos,
1067 2594 1193 2632 neque
1214 2581 1314 2632 patri
1335 2595 1450 2632 porro
1470 2581 1655 2619 molestos
1674 2580 1842 2625 futuros,

367 2644 621 2695 jurejurando
649 2657 671 2681 a
703 2650 822 2681 matre
852 2643 1025 2694 ipsorum
1056 2657 1134 2681 non
1165 2651 1337 2693 recepto.
1396 2643 1470 2681 His
1501 2643 1714 2688 concessis,
1749 2642 1844 2691 quid

372 2707 482 2744 vobis
517 2705 642 2743 multa
673 2705 828 2743 dicam?
877 2706 931 2743 Ut
957 2706 1059 2743 enim
1089 2706 1139 2743 ad
1168 2705 1354 2743 arbitrum
1374 2705 1492 2752 venit,
1513 2704 1702 2755 neglectis
1721 2704 1846 2755 pactis

373 2768 553 2807 omnibus
574 2768 740 2819 Plango,
756 2775 794 2806 et
813 2768 1075 2807 conditionem
1098 2767 1240 2818 accipit
1254 2774 1294 2805 et
1312 2767 1351 2804 in
1373 2766 1582 2818 Delphinio
1602 2766 1710 2817 jurat
1740 2766 1844 2804 aliud

367 2829 643 2881 jusjurandum
663 2829 779 2882 priori
805 2830 1057 2876 contrarium,
1077 2836 1121 2867 ut
1139 2836 1180 2867 et
1197 2835 1368 2867 vestrum
1388 2828 1560 2880 plerique
1580 2834 1744 2866 norunt:
1782 2840 1845 2866 res

375 2891 475 2929 enim
506 2892 703 2930 celebrata
730 2899 801 2930 est.
860 2891 924 2929 Sic
951 2898 1060 2943 pater
1088 2903 1199 2929 meus
1220 2897 1378 2943 propter
1399 2903 1510 2929 suam
1529 2889 1846 2942 provocationem

376 2952 575 2992 arbitrium
594 2962 719 2992 ratum
739 2954 880 2993 habere
900 2960 1074 3001 coactus,
1090 2953 1367 3004 indignabatur
1387 2960 1427 2991 et
1453 2966 1534 2991 rem
1555 2952 1722 3003 graviter
1746 2952 1844 2990 fere—
