1948 3306
271 141 344 176 114
733 141 791 178 ΙΝ
823 139 1277 179 CTESIPHONTEM.

322 245 385 281 82.
418 243 509 281 Jam
530 242 650 281 falsas
672 243 857 294 epistolas
878 246 1147 296 praetermitto,
1168 243 1457 295 speculatorum
1477 241 1735 293 comprehen-

266 306 406 350 siones,
438 310 632 342 tormenta
651 304 822 344 adhibita
842 307 890 344 ob
912 307 1073 344 crimina
1097 317 1297 356 nunquam
1325 303 1509 348 admissa,
1530 304 1639 353 quasi
1660 314 1736 353 ego

265 379 352 403 cum
387 366 619 416 quibusdam
651 366 868 406 hominibus
890 368 926 405 in
948 368 1102 406 civitate
1122 369 1235 405 rebus
1256 366 1362 403 novis
1392 365 1605 403 studerem.
1658 364 1732 401 At-

267 428 383 473 enim,
405 434 449 465 ut
469 428 596 474 audio,
618 441 664 466 ex
683 442 743 466 me
764 443 878 480 porro
901 430 1134 480 quaesiturus
1158 436 1228 475 est,
1249 427 1372 478 qualis
1392 426 1455 464 ille
1473 426 1647 464 medicus
1665 425 1735 463 ha-

265 488 418 527 bendus
439 489 501 536 sit,
522 490 588 540 qui
616 504 722 541 aegro
743 491 890 528 interea
909 492 1002 528 dum
1023 497 1188 542 aegrotet
1215 489 1309 528 nihil
1337 489 1404 527 det
1434 487 1598 534 consilii,
1630 493 1736 538 post-

266 540 381 600 quam
402 564 492 588 vero
515 551 665 598 obierit,
687 552 736 589 ad
758 552 912 589 inferias
943 552 1134 590 accedens
1155 551 1295 590 mortui
1321 549 1547 588 necessariis
1568 562 1615 587 ea
1633 561 1738 586 com-

265 620 466 660 memoret,
484 627 571 664 quae
590 614 624 651 si
640 628 735 664 teger
755 615 1001 652 observasset
1021 614 1299 652 convaluisset.
1331 612 1388 650 Te
1403 612 1532 663 ipsum
1546 623 1637 649 vero
1659 623 1737 648 non

266 682 404 713 contra
421 689 550 726 rogaS,
576 676 701 726 qualis
722 676 785 714 ille
811 676 1035 727 reipublicae
1057 675 1346 713 administrator
1366 673 1430 719 sit,
1453 674 1519 724 qui
1551 672 1738 725 populum

266 737 466 774 blanditiis
484 738 643 779 delinire
659 737 778 781 sciat:
814 744 1004 789 tempora,
1021 738 1160 789 quibus
1181 737 1316 776 civitas
1333 737 1553 776 conservari
1568 741 1736 788 poterat,

266 799 509 841 vendiderit3
541 798 642 837 cives
673 799 741 837 rite
763 800 978 838 sentientes
1000 799 1276 837 calumniando
1297 813 1346 838 ne
1368 799 1531 838 consilia
1561 811 1737 836 commu-

265 862 399 898 nicent
425 860 643 905 deterreat3
672 861 749 911 qui,
771 874 861 899 cum
879 861 1060 912 periculis
1083 862 1216 899 timide
1245 874 1288 899 se
1313 860 1548 899 subtraxerit
1579 872 1738 910 remque

266 922 467 974 publicam
490 923 768 961 insanabilibus
788 924 972 962 aerumnis
993 924 1213 975 implicarit,
1237 937 1280 962 se
1298 923 1451 961 virtutis
1482 936 1576 974 ergo
1593 935 1738 960 corona

267 985 495 1023 donandum
516 998 604 1023 esse
626 986 853 1033 contendat,
874 999 962 1024 cum
984 986 1077 1024 nihil
1098 1000 1272 1038 unquam
1289 986 1381 1025 boni
1400 986 1546 1031 fecerit,
1568 985 1742 1023 omnium

266 1060 359 1085 vero
391 1047 659 1100 calamitatum
686 1055 822 1086 auctor
844 1062 944 1087 unus
966 1049 1175 1093 exstiterit3
1206 1048 1270 1100 qui
1294 1062 1399 1087 nunc
1429 1061 1495 1087 eos
1528 1047 1746 1098 interroget

267 1109 333 1160 qui
352 1109 424 1147 illis
445 1110 700 1161 temporibus,
727 1111 868 1161 quibus
899 1111 1033 1149 civitas
1065 1111 1210 1149 servari
1235 1116 1401 1161 poterat,
1423 1124 1447 1148 a
1465 1123 1550 1161 rep.
1577 1109 1741 1147 admini-

268 1171 429 1208 stranda
448 1171 652 1209 calumniis
674 1172 827 1223 depulsi
848 1179 952 1218 sunt,
975 1186 1043 1210 cur
1063 1172 1133 1210 sibi
1155 1185 1232 1223 quo
1255 1171 1381 1209 minus
1402 1171 1646 1222 delinqueret
1661 1184 1741 1209 non

267 1233 516 1271 obstiterint?
550 1233 612 1272 Illi
645 1234 803 1285 quidem
836 1248 941 1273 nunc
974 1234 1142 1284 denique
1172 1233 1241 1271 tibi
1269 1233 1323 1271 ita
1343 1233 1621 1285 respondeant,
1651 1245 1742 1271 cum

267 1294 444 1346 praelium
466 1297 768 1346 supervenisset,
790 1297 910 1334 otium
931 1295 1042 1333 nobis
1064 1308 1143 1332 non
1164 1301 1247 1332 erat
1266 1294 1314 1332 de
1331 1301 1398 1332 tuo
1426 1294 1613 1346 supplicio
1635 1294 1744 1345 cogi-

267 1356 392 1403 tandi,
414 1357 483 1394 sed
511 1357 559 1395 de
590 1358 715 1396 salute
748 1357 915 1395 civitatis
944 1356 1086 1408 legatis
1115 1357 1193 1394 huc
1222 1356 1317 1395 illuc
1346 1357 1476 1395 missis
1506 1356 1742 1407 agebamus:

218 1411 226 1416 ⁸
266 1431 400 1456 verum
421 1419 615 1456 enimvero
634 1419 792 1469 quando
813 1419 881 1456 tibi
900 1432 980 1456 non
1002 1418 1097 1456 satis
1118 1425 1200 1456 erat
1219 1432 1357 1469 poenas
1378 1432 1458 1457 non
1478 1418 1649 1464 dedisse,
1661 1417 1746 1468 ‘nisi

268 1480 386 1518 etiam
411 1477 453 1517 'et
482 1480 643 1530 praemia
676 1493 858 1530 posceres
890 1481 1167 1531 civitatemque
1187 1487 1360 1518 nostram
1393 1480 1545 1518 Graecis
1564 1481 1744 1518 omnibus

270 1541 523 1580 deridendam
544 1541 747 1593 objicereS,
768 1549 850 1580 tum
868 1542 1034 1593 denique
1054 1542 1123 1580 tibi
1139 1542 1291 1580 obviam
1311 1542 1361 1580 ivi
1380 1542 1566 1592 litemque
1582 1542 1745 1581 intendi.

325 1606 388 1642 83.
421 1604 633 1652 Caeterum,
647 1617 716 1655 per
731 1604 826 1643 deos
842 1604 1094 1652 immortales,
1110 1618 1243 1643 eorum
1259 1606 1432 1643 omnium
1446 1617 1533 1656 quae
1551 1603 1745 1642 dicturum

269 1679 359 1704 esse
381 1666 690 1704 Demosthenem
713 1666 844 1714 audio,
863 1666 939 1705 hoc
960 1667 1066 1717 quod
1091 1667 1174 1718 jam
1192 1667 1300 1705 vobis
1321 1667 1447 1706 dicam
1476 1666 1746 1718 indignissime

268 1730 366 1768 fero.
400 1730 606 1781 Ingenium
627 1743 757 1767 meum
787 1743 877 1767 cum
899 1729 1098 1768 Sirenibus
1120 1736 1335 1781 comparat,
1357 1729 1389 1767 si
1406 1729 1479 1767 diis
1499 1729 1640 1780 placet.
1684 1729 1746 1768 Ab

267 1790 343 1828 illis
365 1791 468 1828 enim
488 1803 566 1828 non
587 1797 666 1829 tam
687 1790 978 1841 permulcentur
1006 1791 1132 1842 inquit
1158 1791 1373 1837 auditores,
1402 1803 1519 1842 quam
1540 1791 1590 1829 ad
1617 1792 1746 1842 perni-

270 1852 368 1890 ciem
389 1852 601 1903 adiguntur
622 1852 824 1904 [quocirca
845 1852 945 1891 male
961 1852 1070 1890 audit
1092 1853 1269 1891 Sirenum
1283 1852 1515 1901 harmonia].
1544 1853 1604 1890 Ita
1617 1866 1746 1891 meam

269 1915 309 1952 in
334 1914 502 1952 dicendo
522 1914 715 1965 peritiam,
735 1919 866 1951 meum
894 1914 1108 1965 ingenium,
1129 1914 1174 1951 iis
1195 1913 1260 1964 qui
1283 1914 1449 1951 audiunt
1474 1927 1627 1965 semper
1658 1927 1746 1953 esse

270 1976 486 2014 exitiosum.
545 1976 665 2026 Atqui
695 1989 785 2014 cum
805 1976 908 2014 hanc
942 1975 991 2013 de
1024 1988 1086 2013 me
1119 1975 1334 2013 orationem
1365 1975 1560 2014 neminem
1587 1975 1748 2015 omnino

271 2038 409 2076 decere
426 2044 586 2090 putem;
622 2044 733 2090 turpe
763 2038 867 2076 enim
889 2037 1107 2076 accusatori
1129 2043 1199 2083 est,
1222 2038 1254 2075 si
1273 2037 1564 2076 criminationes
1594 2051 1685 2077 suas
1705 2051 1746 2077 re

271 2108 440 2153 nequeat
454 2102 710 2152 comprobare
727 2116 736 2140 :
766 2108 850 2140 tum
870 2101 966 2140 sicui
981 2100 1080 2138 illud
1101 2100 1311 2139 dicendum
1330 2101 1480 2148 fuisset,
1501 2115 1580 2140 non
1601 2114 1648 2140 ea
1666 2101 1746 2140 De-

271 2163 485 2201 mosthenis
506 2163 627 2200 oratio
648 2169 745 2208 erat,
768 2162 836 2201 sed
856 2161 1099 2213 imperatoris
1120 2161 1282 2213 alicujus
1301 2161 1367 2212 qui
1387 2175 1448 2200 res
1470 2162 1629 2214 quidem
1647 2176 1747 2214 prae-

270 2225 396 2263 claras
410 2237 481 2276 pro
498 2224 700 2275 republica
716 2223 895 2276 gesserit,
913 2223 1069 2262 dicendi
1084 2230 1215 2261 autem
1228 2222 1417 2262 facultate
1430 2224 1645 2273 deseratur,
1661 2225 1747 2275 qui-

271 2300 347 2338 que
380 2286 468 2324 ideo
489 2286 709 2325 adversario
728 2286 931 2338 ingenium
951 2300 1064 2325 suum
1095 2286 1256 2326 miratus
1275 2287 1487 2334 invideret,
1511 2301 1601 2327 cum
1633 2289 1747 2327 intel—

272 2348 370 2398 ligat
385 2360 429 2385 se
448 2347 544 2385 nihil
565 2361 699 2386 eorum
719 2362 807 2399 quae
827 2349 1038 2400 patraverit
1057 2348 1233 2387 oratione
1253 2348 1446 2400 explicare
1465 2363 1598 2401 posse,
1627 2363 1747 2389 accu-

273 2416 442 2448 satorem
461 2416 598 2448 contra
617 2409 750 2449 videat
769 2412 886 2450 etiam
906 2424 953 2450 ea
977 2425 1064 2462 quae
1084 2424 1282 2462 nunquam
1303 2412 1469 2462 gesserit
1495 2413 1658 2464 perinde
1677 2426 1746 2451 au-

273 2471 463 2510 ditoribus
483 2471 523 2509 in
551 2478 767 2523 conspectu
793 2486 956 2524 ponere,
979 2473 1091 2524 quasi
1120 2486 1142 2510 a
1170 2486 1211 2511 se
1241 2486 1376 2512 revera
1400 2481 1534 2512 essent
1559 2474 1747 2525 perfecta.

273 2533 391 2571 Nunc
410 2546 502 2571 vero
514 2546 603 2571 cum
623 2533 742 2572 homo
761 2540 868 2573 totus
889 2548 936 2573 ex
955 2533 1156 2573 vocabulis
1176 2534 1384 2583 conflatus,
1403 2535 1529 2586 iisque
1548 2535 1688 2574 amaris
1709 2543 1748 2574 et

272 2595 439 2633 inaniter
457 2595 674 2646 exquisitis,
695 2596 856 2635 tandem
877 2596 927 2635 ad
948 2595 1133 2635 orationis
1154 2596 1439 2647 simplicitatem
1461 2602 1501 2634 et
1520 2596 1624 2635 facta
1652 2610 1747 2636 con-

274 2656 387 2707 fugit,
405 2657 491 2707 quis
507 2670 622 2708 aequo
638 2658 766 2697 animo
782 2658 880 2697 ferat
895 2659 910 2696 ?
940 2659 1004 2698 cui
1018 2658 1137 2710 siquis
1153 2658 1343 2709 linguam,
1358 2665 1404 2697 ut
1417 2658 1533 2706 tibiiS,
1550 2658 1749 2708 demserit,

274 2718 466 2768 reliquum
487 2718 581 2756 nihil
603 2719 689 2757 erit.

327 2781 392 2818 84.
415 2780 499 2831 Ego
520 2780 702 2832 equidem
715 2794 782 2820 vos
799 2781 979 2830 demiror,
995 2783 1265 2830 Athenienses,
1280 2790 1319 2822 et
1338 2783 1437 2822 scire
1452 2784 1581 2831 velim,
1602 2783 1743 2834 quibus

275 2841 434 2879 demum
447 2843 564 2880 rebus
579 2844 745 2894 permoti
768 2844 960 2883 actionem
976 2845 1076 2884 hanc
1093 2844 1294 2884 sententiis
1310 2846 1448 2884 vestris
1462 2845 1747 2897 improbaretis.

277 2902 336 2941 An
354 2904 458 2953 quod
481 2904 621 2943 scitum
636 2905 852 2957 legitimum
873 2913 932 2946 est
950 2906 966 2943 ἲ
997 2907 1050 2946 At
1068 2907 1178 2946 nulla
1196 2920 1367 2958 unquam
1387 2907 1747 2957 sententialegibus
