1915 3356
246 525 654 564 ARGUMENTUM
692 523 993 562 ORATIONIS
1028 524 1102 561 DE
1142 523 1292 561 MALE
1331 524 1506 562 GESTA

708 586 1050 625 LEGATIONE.

186 685 298 715 GEs-ro
314 684 398 715 bello
415 695 485 714 cum
511 684 673 724 Philippo,
695 683 912 714 Aristodemus
929 682 1065 718 tandem,
1088 681 1313 722 Neoptolemus
1336 687 1367 711 et
1387 681 1552 721 Ctesipho,
1568 691 1618 710 au-

139 738 243 765 ctores
257 736 381 766 fuerunt
397 736 654 773 Atheniensibus,
677 737 764 775 pacis
781 746 848 765 cum
874 745 913 765 eo
939 734 1096 764 faciendae.
1122 734 1233 773 Itaque
1246 734 1297 763 bis
1318 733 1438 773 legatos
1455 733 1617 767 miserunt,

140 785 300 827 principio
325 793 454 827 propter
478 799 598 827 pacem,
623 788 736 818 deinde
752 788 791 818 ad
819 786 1008 826 exigendum
1028 785 1257 825 jusjurandum.
1283 786 1369 815 Inter
1387 795 1464 824 quos
1487 790 1617 822 utroque

139 841 280 877 tempore
302 840 531 869 Demosthenes
549 845 580 870 et
593 839 761 870 AEschines
785 839 919 868 fuerunt.
950 839 996 868 Ut
1019 837 1115 876 igitur
1141 847 1179 867 ex
1196 837 1371 876 posteriore
1395 836 1549 875 legatione
1577 836 1615 866 ad

133 886 352 928 jusjurandum
370 890 560 929 exigendum
576 891 671 920 missa
694 890 812 920 reversi
837 890 971 923 fuerunt,
992 889 1172 918 AEschinein
1200 888 1427 917 Demosthenes
1451 892 1482 917 et
1497 889 1616 918 Timar-

140 939 216 969 chus
232 950 395 979 perperam
413 940 505 970 obitae
529 941 695 980 legationis
719 944 912 969 accusarunt.
945 941 992 968 Ac
1013 938 1210 968 Timarchum
1240 938 1377 977 quidem,
1402 942 1564 978 antequam
1586 939 1617 969 in

134 989 288 1029 judicium
306 990 424 1020 veniret
446 1001 483 1020 ea
507 1001 610 1026 causa,
633 991 800 1021 AEschines
828 991 1004 1029 prostitutae
1026 989 1186 1028 pudicitiae
1209 989 1398 1024 convictum,
1424 989 1454 1019 in
1476 991 1618 1020 ordinem

140 1031 261 1080 coegit:
286 1047 392 1072 contra
408 1043 650 1072 Demosthenem
667 1047 767 1072 autem
784 1053 816 1071 se
827 1041 978 1072 defendit.
1003 1042 1079 1071 Sunt
1094 1041 1145 1080 qui
1163 1041 1279 1077 dicant,
1297 1046 1459 1080 utrumque
1478 1042 1532 1071 luas
1549 1052 1620 1072 ora·

140 1093 242 1123 tiones
259 1094 436 1133 scripsisse,
461 1095 517 1124 sed
535 1105 594 1124 non
610 1095 776 1124 habuisse:
802 1100 873 1124 sunt
894 1094 948 1134 qui
970 1094 1065 1124 etiam
1081 1094 1200 1124 liabitas
1227 1104 1296 1124 esse
1321 1094 1481 1130 affirment,
1506 1099 1538 1124 et
1563 1095 1618 1125 AE·

141 1145 278 1175 schinem
296 1157 371 1176 xxx
396 1147 546 1176 duntaxat
562 1147 752 1176 calculorum
777 1147 926 1186 praesidio
945 1146 1096 1182 evasisse,
1113 1151 1204 1185 atque
1221 1147 1396 1176 ahsolutum
1416 1157 1484 1176 esse
1502 1147 1620 1176 Eubuli

143 1207 248 1237 opera,
274 1198 334 1227 viri
357 1197 388 1226 in
405 1198 565 1236 republica
587 1209 704 1237 magnae
729 1199 936 1234 auctoritatis,
962 1209 1020 1228 non
1047 1204 1146 1227 tamen
1164 1199 1202 1227 ab
1221 1198 1365 1227 omnibus
1393 1198 1556 1228 liberatum
1584 1209 1621 1228 ea

141 1247 332 1286 suspicione,
347 1247 434 1287 quasi
452 1258 520 1277 cum
540 1248 685 1288 Philippo
702 1250 832 1284 faceret,
850 1253 883 1278 ut
896 1255 926 1279 et
938 1249 1005 1288 ipse
1024 1249 1053 1278 in
1073 1249 1198 1278 exordio
1214 1249 1326 1284 innuit,
1343 1254 1373 1278 et
1392 1250 1620 1279 Demosthenes

138 1297 171 1328 in
183 1298 322 1328 oratione
337 1298 377 1329 de
393 1300 525 1329 Corona.
553 1300 590 1329 In
607 1300 698 1338 primi
715 1300 833 1330 exordii
845 1299 935 1330 initio
952 1300 1201 1330 benevolentiam
1218 1304 1323 1341 captat
1336 1301 1490 1339 judicum,
1508 1301 1620 1330 adver-

143 1349 227 1379 sario
243 1353 275 1379 et
289 1351 488 1380 accusatione
504 1350 705 1387 criminanda,
731 1356 762 1381 et
776 1351 989 1391 magnitudine
1005 1352 1138 1391 periculi
1155 1362 1192 1382 ac
1215 1352 1351 1382 salsitate
1368 1352 1531 1382 calumniae
1547 1363 1621 1382 con-

142 1401 310 1439 querenda.
335 1402 375 1431 In
395 1402 494 1432 altera
509 1402 674 1438 sententia,
691 1407 810 1442 partem
831 1403 985 1442 quandam
1007 1402 1216 1433 accusationis
1235 1403 1431 1443 perstringit,
1457 1408 1488 1434 et
1511 1414 1622 1443 magna

143 1451 297 1491 gravitate
310 1453 481 1490 confirmat,
496 1463 564 1484 eam
580 1452 651 1492 ipsa
668 1453 761 1484 etiam
771 1453 913 1493 judicum
929 1454 1119 1484 conscientia
1131 1465 1201 1484 esse
1214 1454 1332 1484 falsam.
1361 1455 1454 1493 Quod
1472 1459 1503 1484 et
1520 1455 1621 1496 ipsum

143 1504 183 1534 ad
198 1503 442 1535 criminationem
458 1504 632 1535 adversarii
654 1505 802 1546 pertinet.
831 1506 1020 1536 Referuntnr
1044 1511 1076 1536 et
1092 1511 1197 1536 cetera
1213 1506 1376 1546 deinceps,
1394 1511 1456 1537 tum
1475 1506 1513 1535 ad
1531 1507 1622 1536 bene-

145 1555 311 1586 volentiam
326 1555 389 1596 ipsi
401 1556 653 1597 comparandam,
667 1560 730 1587 tum
745 1554 789 1588 ad‘
798 1557 903 1587 odium
917 1557 1096 1589 adversario
1113 1558 1318 1589 conflandum.

451 1898 849 1953 AESCHINIS
896 1898 1299 1954 ORATORIS

318 2064 416 2113 DE
452 2063 664 2112 MALE
711 2064 959 2113 GESTA
998 2065 1456 2115 LEGATIONE

759 2213 1027 2256 ORATIO.

208 2339 243 2376 1.
274 2335 372 2375 Ono
391 2349 476 2384 vos,
503 2336 780 2384 Athenienses,
808 2344 853 2374 ut
873 2350 935 2375 me
955 2337 1153 2377 dicentem
1173 2338 1364 2377 benevole
1395 2338 1531 2377 audire
1558 2353 1623 2378 ve-

150 2397 243 2447 litis,
262 2398 510 2438 considerata
528 2406 569 2437 et
586 2399 749 2450 periculi
767 2400 1052 2450 magnitudine,
1081 2407 1121 2439 et
1140 2400 1389 2439 multitudine
1409 2401 1624 2447 criminum,

151 2473 240 2513 quae
257 2461 466 2500 refutanda
484 2461 578 2499 mihi
597 2468 702 2508 sunt,
724 2468 762 2499 et
782 2463 1024 2501 accusatoris
1045 2463 1210 2510 artibus,
1227 2463 1376 2501 insidiis
1402 2470 1517 2513 atque
1538 2476 1624 2500 cru-

152 2522 343 2562 delitate:
372 2522 439 2574 qui
468 2536 548 2561 non
579 2523 767 2562 dubitarit
794 2536 862 2564 eos
895 2524 998 2563 viros
1027 2525 1237 2572 exhortari,
1275 2525 1341 2576 qui
1380 2533 1626 2564 sacramento

153 2584 284 2623 adacti
304 2592 398 2624 sunt
412 2598 455 2624 se
471 2585 595 2637 aequis
610 2585 747 2624 animis
763 2593 970 2637 utrumque
990 2587 1258 2626 adversarium
1280 2587 1497 2632 audituros,
1513 2595 1557 2625 ut
1573 2587 1626 2624 rei

152 2660 203 2685 ne
216 2660 354 2686 vocem
366 2648 525 2699 quidem
541 2648 722 2687 tolerent.
754 2648 877 2700 quue
894 2649 1005 2696 dixit,
1020 2662 1097 2687 non
1115 2663 1185 2700 per
1198 2649 1437 2687 iracundiam
1445 2662 1626 2694 ‚—-nemo

154 2709 258 2748 enim
274 2710 468 2749 mentiens
489 2710 534 2749 iis
548 2710 742 2756 irascitur,
763 2710 829 2762 qui
850 2711 982 2761 iniquo
1001 2711 1160 2750 crimine
1181 2718 1382 2762 petuntur,
1399 2717 1437 2748 et
1455 2710 1518 2761 qui
1538 2724 1628 2748 vera

132 2797 135 2801 -
154 2770 305 2817 dicunt,
324 2770 349 2808 ii
369 2772 549 2811 dicendae
568 2785 699 2811 causae
718 2780 956 2824 potestatem
977 2786 1056 2811 non
1079 2773 1255 2811 adimunt
1275 2786 1351 2817 reo,
1381 2785 1506 2822 neque
1525 2773 1625 2810 enim

153 2832 354 2871 accusatio
382 2834 486 2885 prius
507 2834 612 2886 apud
633 2834 832 2873 auditores
852 2834 971 2878 valet,
995 2848 1111 2885 quam
1132 2848 1221 2872 reus
1242 2834 1480 2872 defensionis
1501 2834 1627 2872 facul-

154 2900 236 2932 tate
255 2907 459 2942 concessa,
478 2896 634 2944 objecta
659 2896 823 2934 crimina
842 2896 1019 2934 refellere
1041 2910 1118 2934 non
1140 2896 1332 2946 potuerit;
1367 2895 1437 2933 sed
1466 2895 1561 2934 illud
1589 2896 1626 2933 in

155 2969 278 2995 causa
299 2963 373 3004 est,
392 2957 499 3008 quod
521 2958 805 3002 Demosthenes
831 2958 928 2996 veris
948 2958 1188 2997 orationibus
1209 2971 1286 2996 non
1307 2957 1538 3002 delectatur,
1561 2971 1627 2996 nc-

169 3121 190 3140 0
