1981 3356
329 396 734 436 ARGUMENTUM
765 396 1132 436 EXCEPTIONIS
1162 398 1454 439 ADVERSUS

425 458 852 498 NAUSIMACHUM
885 458 955 496 ΕΤ
985 458 1371 498 ΧΕΝΟΡΙΤΗΕΜ.

201 560 460 593 ΝΑυεῐΜΛεΗυε
478 566 509 591 et
525 562 724 603 Xenopithes
741 563 798 592 sub
813 563 908 593 tutela
924 563 1048 593 suerunt
1064 563 1271 594 Aristaechmi.
1317 566 1418 603 Atque
1437 564 1577 604 inscripti
1594 565 1623 594 in

156 610 260 641 album
276 612 410 642 virorum
429 612 533 643 tutelae
549 624 617 644 cuin
633 623 669 644 eo
685 618 825 654 egerunt.
857 613 981 644 Deinde
998 618 1212 655 transegerunt
1228 615 1326 645 tribus
1342 615 1464 645 talentis
1481 616 1627 655 acceptis,

160 673 291 702 eumque
307 662 444 703 periculo
461 663 638 695 liberarunt.
677 666 724 694 Ac
742 665 769 695 is
785 663 908 704 quidem
926 665 1003 695 obiit
1019 670 1149 704 quatuor
1163 665 1268 695 liberis
1284 665 1422 703 relictis;
1438 676 1515 704 quos
1533 666 1628 696 multo

159 718 230 753 post
252 714 475 744 Nausimaohus
491 720 522 745 et
540 716 738 756 Xenopithes
759 715 824 746 dati
844 716 950 746 damni
970 721 1128 753 accusant,
1143 721 1176 747 et
1192 716 1354 756 pecuniam
1371 718 1409 747 de
1425 717 1521 748 tutela
1535 728 1626 758 repo-

158 770 257 795 scunt.
303 764 348 795 Hi
372 775 447 796 vero
472 766 584 796 actioni
609 768 743 798 dandum
767 778 838 798 esse
861 768 964 797 locum
988 771 1112 809 negant,
1130 768 1262 798 adducta
1286 768 1366 808 lege,
1384 779 1451 808 quae
1473 769 1511 798 de
1534 769 1628 798 rebus

158 816 236 847 actis
252 821 282 846 et
298 818 458 848 transactis
474 819 576 849 denuo
593 819 699 850 venire
716 820 746 850 in
760 820 913 858 judicium
933 824 1029 850 vetat.

508 1077 1281 1153 DEMOST'HENIS

725 1245 1071 1296 EXCEPTIO

159 1386 499 1433 ADVERSUS
534 1391 1034 1434 NAUSIMACHUM
1060 1391 1140 1434 ET
1167 1390 1630 1434 XENOPITHEM.

216 1512 252 1548 1.
288 1509 409 1554 Qum
430 1509 539 1560 leges
563 1516 800 1561 potestatem
828 1511 1106 1560 praescribendi
1128 1511 1336 1561 dederunt,
1358 1511 1632 1558 Athenienses,

158 1570 204 1609 iis
223 1570 271 1609 de
291 1571 422 1618 rebus,
448 1583 536 1622 quae
555 1583 644 1608 cum
663 1576 763 1608 actae
783 1576 1069 1622 transactaeque
1091 1571 1169 1609 sint
1187 1571 1225 1609 in
1240 1572 1431 1621 ,iudicium
1447 1585 1632 1611 revocan-

160 1640 236 1679 tur,
256 1639 296 1671 et
326 1638 492 1683 utraque
522 1632 609 1670 haee
640 1632 741 1684 patri
766 1645 854 1671 meo
883 1646 974 1671 cum
995 1632 1263 1672 Nausimacho
1289 1641 1328 1672 et
1348 1634 1582 1686 Xenopithe,
1611 1647 1635 1672 a

159 1694 301 1746 quibus
321 1695 360 1732 in
375 1695 440 1745 jus
456 1694 583 1733 vocati
599 1706 749 1745 sumus,
765 1694 1082 1740 intercesserunt,
1098 1695 1432 1747 praescriptionem
1447 1695 1633 1747 opposui-

160 1769 261 1803 mus,
276 1764 320 1794 ut
337 1756 453 1795 modo
473 1756 652 1803 audistis,
673 1756 723 1794 de
745 1769 824 1794 non
845 1756 977 1794 danda
1004 1756 1058 1794 eis
1086 1756 1253 1795 actione.
1313 1757 1481 1809 Rogabo
1503 1764 1634 1795 autem

162 1825 203 1857 et
220 1831 333 1870 aequa
361 1823 402 1857 et
428 1817 585 1857 modica
608 1831 679 1856 vos
708 1830 861 1864 omnes,
881 1818 1048 1869 primum
1080 1824 1124 1855 ut
1150 1830 1212 1856 me
1242 1818 1437 1857 dicentem
1466 1819 1634 1870 benigne

162 1880 342 1928 audiatis,
371 1880 530 1926 deinde,
551 1881 584 1919 si
602 1880 743 1932 injuria
769 1879 860 1917 mihi
891 1880 973 1918 fieri
992 1880 1199 1925 videbitur,
1223 1881 1255 1919 si
1282 1880 1450 1919 criminis
1470 1880 1564 1918 nihil
1584 1880 1631 1918 ad

162 1955 223 1981 me
244 1941 445 1981 attinentis
463 1954 552 1980 esse
572 1954 677 1986 reus,
697 1942 754 1979 uti
774 1954 836 1979 me
866 1941 966 1979 sicut
984 1954 1140 1992 aequum
1162 1948 1222 1980 est
1241 1941 1447 1993 adjuvetis.
1506 1941 1633 1985 Quam

163 2017 234 2043 vos
266 2003 404 2055 judicii
439 2002 732 2042 aestimationem
764 2002 939 2050 audistis,
971 2003 1131 2054 triginta
1162 2003 1277 2041 minae
1312 2011 1429 2041 sunt:
1459 2002 1637 2054 pecuniae

163 2072 309 2111 autem,
338 2066 450 2118 cujus
482 2078 728 2111 accusamur,
752 2065 899 2104 talenta
923 2072 1103 2117 quatuor.
1161 2066 1263 2102 Cum
1296 2064 1398 2103 enim
1432 2065 1511 2102 duo
1540 2065 1632 2109 sint,

165 2135 355 2180 quaterna
385 2128 496 2167 nobis
522 2127 673 2180 judicia
703 2127 903 2165 dictarunt
938 2127 1113 2179 ejusdem
1149 2126 1325 2178 pecuniae
1356 2126 1546 2171 universa,
1578 2132 1636 2164 ter

165 2189 270 2227 mille
290 2189 558 2227 drachmarum
579 2189 736 2238 singula
755 2188 835 2226 dati
865 2188 1019 2233 damni3
1050 2196 1089 2226 et
1119 2202 1237 2233 nunc,
1259 2201 1347 2226 cum
1376 2187 1535 2238 triginta
1563 2187 1634 2224 mi-

165 2264 304 2290 narum
324 2250 522 2301 inscriptio
542 2249 607 2296 sit,
627 2250 676 2288 de
696 2256 808 2287 tanta
827 2250 995 2300 pecunia
1014 2249 1052 2286 in
1071 2248 1287 2300 periculum
1306 2248 1498 2287 venimus.
1558 2250 1635 2288 Ca-

165 2313 349 2352 lumniam
369 2312 484 2363 igitur
503 2311 678 2358 istorum,
698 2311 933 2362 quantisque
958 2310 1105 2348 insidiis
1131 2323 1200 2349 nos
1231 2310 1452 2357 invaserint,
1478 2324 1525 2349 ex
1545 2311 1636 2362 ipsis

167 2376 282 2413 rebus
302 2373 578 2425 cognoscetis:
608 2372 647 2410 in
667 2372 798 2424 primis
828 2379 959 2411 autem
979 2372 1204 2411 testimonia
1223 2371 1331 2411 vobis
1357 2373 1637 2417 recitabuntur,

167 2444 212 2474 ut
242 2441 409 2481 constet,
439 2447 506 2472 eos
537 2433 699 2472 missum
731 2434 873 2473 fecisse
905 2441 1056 2486 patrem
1083 2441 1275 2481 nostrum,
1294 2434 1400 2485 quod
1427 2435 1477 2473 ad
1504 2433 1636 2473 tutelae

167 2497 357 2536 actionem
378 2496 582 2534 attinebat.
640 2495 742 2534 Nam
762 2496 837 2534 hoc
864 2496 1019 2535 nomine
1041 2509 1112 2535 nos
1131 2496 1438 2548 praescripsimus
1459 2504 1497 2535 et
1516 2497 1636 2535 actio-

167 2572 254 2598 nem
275 2557 558 2597 admittendam
577 2570 665 2596 esse
683 2556 925 2609 negavimus.
985 2558 1127 2597 Recita
1144 2558 1236 2596 mihi
1257 2558 1342 2596 haec
1363 2558 1598 2596 testimonia.

723 2669 1087 2708 TESTIMONIA.

173 2750 250 2788 Eos
269 2749 398 2802 igitur,
418 2747 597 2794 Juffices,
617 2749 747 2800 egisse
766 2748 912 2794 tutelae,
929 2755 968 2786 et
987 2748 1036 2785 ab
1056 2747 1210 2786 actione
1231 2748 1442 2792 destitisse,
1463 2753 1639 2798 pactam-

172 2826 249 2863 que
275 2811 483 2863 pecuniam
510 2811 733 2858 abstulisse,
758 2809 902 2849 auditis
935 2823 956 2847 e
989 2810 1244 2848 testimoniis:
1276 2822 1353 2847 non
1387 2809 1479 2847 dare
1511 2815 1641 2847 autem

174 2875 283 2925 leges
303 2874 351 2911 de
369 2874 484 2911 rebus
512 2873 567 2911 ita
586 2873 683 2911 actis
704 2873 833 2910 denuo
849 2872 1055 2919 actionem,
1076 2872 1254 2923 equidem
1281 2871 1443 2910 arbitror
1458 2884 1527 2909 vos
1547 2872 1642 2909 scire

176 2947 327 2981 omnes,
346 2934 495 2973 etiamsi
514 2947 588 2986 ego
615 2934 709 2972 nihil
730 2947 777 2973 ea
799 2934 846 2972 de
866 2948 905 2972 re
929 2934 1086 2978 dixero;
1118 2934 1205 2973 volo
1236 2943 1363 2973 tamen
1386 2934 1494 2973 vobis
1523 2935 1644 2985 ipsam

176 3009 334 3048 quoquc
349 2995 477 3046 legem
498 2996 674 3036 recitare.
734 2996 873 3035 Recita
890 2996 1031 3046 legem.
