1915 3356
657 190 714 226 IN
745 188 1198 227 CTESIPHONTEM'.
1579 192 1650 227 113

197 290 267 328 sed
295 301 373 340 quo
392 302 453 328 me
484 290 715 329 Alexandro
738 291 988 338 venditarem,
1022 291 1202 342 Philippo
1233 293 1347 330 etiam
1379 300 1459 329 tum
1491 293 1657 338 vivente,

194 351 421 403 priusquam
440 352 664 390 Alexander
695 366 857 403 regnum
879 353 1084 398 obtineret,
1106 366 1192 390 cum
1223 360 1264 391 tu
1291 353 1465 391 nondum
1485 354 1580 392 illud
1612 355 1660 392 de

195 413 390 452 Pausania
411 415 600 452 somnium
620 415 787 461 videras,
807 415 980 452 nondum
1002 428 1090 452 cum
1112 414 1288 453 Minerva
1308 423 1346 453 et
1366 416 1521 454 Juncne
1542 423 1661 454 noctu

195 476 415 515 collucutus
435 490 556 515 esses.
597 476 805 521 Quomodo
825 477 943 527 igitur
962 490 1022 514 me
1043 477 1264 515 Alexandro
1286 485 1373 516 ante
1395 485 1545 530 tempus
1571 493 1660 517 ven-

195 537 374 585 ditarem,
396 538 469 576 nisi
487 552 578 577 vero
598 539 701 576 idem
730 538 924 576 somnium
945 551 1019 589 ego
1052 546 1091 576 et
1116 538 1404 577 Demosthenes
1425 540 1661 578 viderimus?

250 601 315 638 79.
347 601 398 638 At
417 600 456 637 in
477 613 523 638 eo
542 613 603 638 me
624 599 852 647 criminaris,
873 601 975 652 quod
998 613 1075 638 non
1096 600 1340 638 continenter
1367 602 1436 638 sed
1462 602 1663 653 interjecto

195 668 371 712 tempore
390 661 438 700 ad
458 662 643 713 populum
665 662 866 709 accedam,
893 662 1010 713 idque
1029 675 1099 700 nos
1120 662 1239 700 latere
1260 662 1467 708 arbitraris,
1489 663 1602 701 istam
1624 672 1663 702 te

195 724 429 762 sententiam
459 735 538 760 non
558 736 606 761 ex
625 723 801 775 populari
827 723 1002 775 imperio,
1033 723 1104 761 sed
1136 723 1212 762 alia
1239 724 1409 774 quadam
1439 724 1664 775 reipublicae

194 784 319 822 forma
336 784 567 823 traduxisse.
600 784 780 836 Namque
800 784 866 823 ubi
882 786 1031 823 obtinet
1048 798 1262 836 paucorum
1282 784 1520 832 dominatus,
1535 799 1611 823 non
1632 787 1664 824 is

194 847 261 898 qui
293 846 389 892 vult,
426 847 495 885 sed
530 846 595 898 qui
622 847 855 894 dominatur,
884 855 1070 891 accusat;
1099 848 1137 884 in
1167 847 1385 886 civitatibus
1409 860 1499 886 vero
1517 847 1663 894 liberis,

193 909 261 960 qui
279 909 362 947 vult
379 915 419 947 et
435 909 750 961 quandocunque
770 910 805 948 ei
825 910 991 948 videtur.
1041 910 1093 948 Et
1111 923 1202 948 vero
1222 923 1311 948 cum
1334 910 1460 960 aliqua
1479 911 1664 962 temporis

192 971 476 1010 intermissione
502 972 633 1010 dicere
662 973 784 1011 virum
814 972 974 1020 indicat,
993 972 1059 1024 qui
1085 986 1174 1011 cum
1194 979 1370 1023 tempora
1398 973 1600 1023 postulant
1628 982 1668 1012 et

194 1032 341 1071 utilitas
361 1033 594 1081 communis,
621 1033 669 1072 ad
699 1034 977 1086 rempublicam
1006 1034 1182 1078 accedit;
1216 1048 1264 1072 ne
1296 1047 1414 1071 unum
1440 1047 1531 1073 vero
1564 1035 1665 1075 diem

192 1094 452 1147 interponere,
473 1096 636 1147 operarii
656 1103 718 1134 est
737 1103 774 1134 et
793 1103 984 1147 quaestum
1008 1095 1251 1148 aucupantis.

248 1159 313 1195 80.
350 1158 469 1202 Quod
483 1165 612 1197 autem
631 1159 807 1197 nondum
828 1172 851 1197 a
867 1172 928 1197 me
942 1159 981 1196 in
996 1159 1189 1210 judicium
1209 1158 1327 1196 fueris
1343 1158 1553 1206 adductus,
1568 1173 1666 1197 non-

193 1220 287 1258 dum
305 1225 459 1259 tuorum
480 1220 696 1258 facinorum
716 1234 854 1271 poenas
876 1221 1044 1268 dederis,
1065 1221 1116 1259 ad
1135 1221 1206 1259 has
1227 1220 1397 1258 rationes
1419 1234 1509 1259 cum
1529 1222 1665 1259 confu-

191 1281 305 1332 geris,
331 1282 392 1319 vel
422 1282 620 1320 auditores
642 1282 852 1320 obliviosos
884 1296 970 1321 esse
999 1283 1192 1321 existimas
1217 1283 1278 1321 vel
1308 1283 1392 1334 ipse
1419 1283 1487 1320 tibi
1518 1283 1664 1321 illudis.

191 1345 292 1386 Quae
312 1344 414 1382 enim
432 1344 471 1381 in
491 1344 762 1395 Amphissensi
788 1344 947 1394 negotio
976 1344 1092 1395 impie
1112 1344 1358 1389 commisisti,
1381 1358 1469 1395 quae
1490 1344 1530 1381 in
1550 1346 1668 1382 rebus

192 1405 380 1444 Euboicis
400 1413 575 1456 quaestus
596 1419 717 1444 causa
736 1405 879 1452 fecisti,
901 1407 1084 1456 quoniam
1116 1413 1292 1457 tempora
1316 1407 1399 1457 jam
1431 1406 1668 1444 effluxerunt

192 1467 332 1518 quibus
353 1479 376 1504 a
394 1478 458 1504 me
486 1467 692 1504 manifesto
712 1466 916 1505 convictus
938 1480 993 1513 es,
1014 1479 1146 1504 eorum
1167 1480 1274 1504 nunc
1294 1467 1458 1504 fortasse
1478 1468 1665 1518 populum

190 1529 354 1567 oblitum
368 1541 456 1566 esse
471 1541 604 1579 speras
619 1543 628 1566 :
650 1528 805 1581 rapinas
821 1541 912 1566 vero
928 1535 1014 1566 tuas
1029 1528 1068 1565 in
1085 1527 1294 1565 triremium
1310 1534 1349 1564 et
1368 1527 1663 1567 trierarchorum

189 1590 358 1641 negotio,
380 1590 484 1641 quod
504 1603 675 1640 unquam
695 1596 850 1640 tempus
871 1591 1080 1627 obscurare
1100 1596 1232 1640 queat,
1255 1602 1345 1626 cum
1358 1595 1400 1626 tu
1422 1589 1509 1640 lege
1523 1590 1572 1628 de
1588 1599 1663 1630 tre-

190 1653 314 1691 centis
333 1651 498 1691 navibus
519 1651 613 1699 lata,
633 1652 894 1703 perpulsoque
908 1651 1055 1703 populo
1069 1659 1113 1689 ut
1132 1658 1169 1689 te
1190 1652 1243 1689 rei
1259 1651 1428 1689 nauticae
1444 1660 1664 1692 curatorem

188 1715 417 1766 praeficeret,
461 1727 484 1751 a
524 1727 587 1751 me
619 1726 747 1752 coram
775 1714 980 1752 convictus
1021 1727 1063 1752 es
1099 1714 1306 1764 sexaginta
1335 1715 1504 1764 quinque
1545 1729 1663 1755 naves

190 1776 386 1815 actuarias
412 1774 633 1813 trierarchis
655 1774 864 1822 ademisse,
886 1788 964 1827 quo
995 1775 1101 1814 facto
1121 1777 1308 1825 majorem
1339 1776 1486 1814 civitati
1519 1785 1662 1816 nostrae

190 1839 359 1878 classem
389 1837 628 1889 subripuisti,
650 1851 766 1889 quam
788 1852 865 1888 qzcae
893 1844 1100 1888 suppeteret
1129 1851 1217 1876 cum
1249 1837 1511 1878 Athenienses
1532 1841 1661 1879 navali

189 1901 295 1953 apud
316 1900 475 1938 Naxum
495 1896 630 1951 p’raelio
652 1900 968 1938 Lacedaemonios
991 1900 1210 1951 Pollimque
1230 1899 1484 1938 devicerunt?

245 1964 309 2000 81.
342 1963 402 2000 Ita
419 1974 510 2000 vero
526 1961 860 1999 criminationibus
879 1973 1016 2013 poenas
1031 1961 1099 1999 tibi
1119 1962 1270 1999 debitas
1290 1963 1512 2013 obsepsisti,
1533 1972 1576 2001 ut
1596 1978 1662 2015 pe-

190 2024 358 2062 riculum
377 2023 427 2062 sit
453 2035 532 2060 non
552 2023 622 2060 tibi
641 2022 707 2073 qui
727 2022 873 2073 injusta
891 2023 1030 2061 feceris
1056 2023 1126 2061 sed
1147 2022 1192 2061 iis
1212 2023 1277 2073 qui
1304 2030 1342 2061 te
1367 2023 1514 2071 judicio
1534 2038 1663 2076 perse-

190 2092 374 2138 quuntur,
403 2085 496 2122 dum
525 2091 568 2122 tu
598 2084 867 2122 Alexandrum
897 2093 937 2122 et
970 2085 1192 2136 Philippum
1219 2084 1321 2122 inter
1347 2084 1663 2125 calumniandum

191 2148 349 2187 assidue
374 2148 414 2185 in
434 2160 499 2186 ore
524 2146 663 2193 habes,
693 2145 786 2184 dum
821 2153 948 2184 certos
982 2147 1158 2185 homines
1189 2145 1412 2196 reipublicae
1434 2148 1662 2198 opportuni-

190 2218 294 2255 tates
312 2210 500 2263 impedire
526 2206 742 2255 insimulas,
763 2209 855 2246 dum
876 2221 934 2247 res
963 2209 1121 2260 quidem
1140 2214 1355 2259 praesentes
1377 2221 1527 2260 semper
1554 2210 1662 2249 labe-

190 2273 329 2319 factas,
361 2272 489 2323 deque
519 2271 659 2309 futuris
686 2269 846 2308 mirifice
877 2271 1081 2321 polliceris.
1128 2270 1217 2307 Non
1238 2270 1419 2320 denique,
1440 2284 1528 2308 curn
1558 2272 1662 2310 diem

192 2349 266 2388 ego
289 2335 370 2387 jam
401 2334 470 2373 tibi
499 2334 675 2372 dicturus
695 2345 839 2382 essem,
867 2334 1010 2370 subdole
1039 2330 1202 2370 effecisti
1230 2338 1275 2369 ut
1310 2332 1519 2370 Anaxinus
1553 2333 1664 2372 Orita

190 2395 600 2449 comprehenderetur,
631 2395 695 2446 qui
722 2394 949 2446 Olympiadi
977 2407 1123 2433 merces
1152 2393 1369 2438 coemebat,
1392 2400 1507 2444 atque
1529 2395 1660 2445 ipsum

191 2460 300 2499 illum
326 2458 451 2496 virum
475 2457 752 2497 discruciatum
772 2456 932 2495 decreto
954 2462 1087 2507 tuapte
1116 2468 1236 2494 manu
1270 2455 1493 2505 conscripto
1523 2457 1661 2507 capitis

192 2521 400 2567 damnasti,
416 2519 521 2571 apud
535 2531 650 2570 quem
670 2519 709 2556 in
726 2518 829 2557 Oreo
844 2519 1104 2564 diversabare,
1120 2529 1290 2569 quocum
1311 2529 1357 2554 ex
1375 2516 1511 2554 eadem
1527 2530 1663 2557 mensa

191 2583 343 2629 ederas,
362 2583 529 2629 biberas,
549 2581 754 2628 libaveras,
774 2581 884 2633 cujus
905 2581 1054 2620 dextrae
1071 2581 1247 2619 dextram
1261 2580 1463 2630 junxeras,
1479 2592 1568 2617 cum
1583 2593 1661 2630 quo

193 2643 400 2683 amicitiam
418 2643 707 2695 hospitiumque
727 2643 905 2681 iniveras.
960 2643 1090 2689 Hunc,
1110 2643 1267 2696 inquam,
1288 2640 1479 2686 occidisti,
1500 2648 1550 2686 et,
1571 2653 1661 2679 cum

193 2720 217 2745 a
235 2719 297 2744 me
316 2717 447 2744 coram
466 2705 649 2744 universo
677 2705 824 2757 populo
845 2705 1000 2743 sceleris
1026 2705 1143 2756 hujus
1173 2703 1375 2742 convictus
1409 2715 1514 2740 esses
1544 2709 1661 2754 atque

191 2768 356 2820 hospitis
386 2767 535 2807 occisor
556 2767 792 2812 nominatus,
827 2768 987 2818 impium
1018 2767 1170 2804 facinus
1192 2780 1270 2804 non
1291 2765 1452 2815 negasti,
1475 2764 1544 2802 sed
1564 2764 1661 2802 illud

192 2828 443 2881 respondisti,
465 2828 519 2867 ad>
535 2829 640 2881 quod
672 2836 712 2868 et
738 2828 920 2881 populus,
941 2836 980 2867 et
1007 2827 1229 2879 quicunque
1253 2827 1414 2865 advenae
1434 2826 1660 2864 concionem

192 2891 542 2938 circumsistebant,
581 2892 790 2930 clamorem
819 2891 1081 2929 sustulerunt:
1123 2890 1253 2928 dixisti
1276 2888 1431 2939 quippe.
1465 2894 1500 2925 te
1532 2889 1658 2939 reipu-

193 2953 308 2992 blicae
328 2952 450 2991 salem
469 2952 652 3004 hospitali
672 2967 815 2993 mensae
836 2952 1067 3004 praetulisse.

882 3013 939 3054 *Q
