1948 3306
356 184 430 221 642
843 183 895 220 1N
928 183 1260 221 STEPHANUM
1296 185 1326 222 Ι.

800 347 1185 387 CONTESTATIO
1215 347 1375 386 LITIS.

397 424 604 464 Apollodorus
622 425 763 457 Panionis
778 426 813 456 F.
824 426 1032 457 Acharnensis
1044 437 1128 456 reum
1146 426 1215 457 fecit
1226 428 1411 467 Stephanum
1421 426 1571 458 Meneclis
1583 427 1621 458 F.
1635 426 1814 458 Acharneu-

354 486 417 506 sem
436 477 504 507 falsi
518 477 696 515 testimonii,
713 478 825 508 mulcta
840 479 999 509 talentum.
1046 479 1170 508 Falsum
1193 480 1223 509 in
1242 491 1289 509 me
1307 479 1513 510 testimonium
1535 478 1617 510 dixit
1630 479 1813 520 Stephanus,

352 528 493 558 dicendis
506 527 543 559 iis
558 540 625 569 quae
638 529 668 559 in
681 530 784 560 tabula
806 530 921 570 scripta
939 534 1158 561 sunt—verum
1173 529 1239 560 dixi
1256 531 1475 568 testimonium,
1492 530 1633 562 dicendis
1648 530 1687 561 iis
1700 540 1767 570 quae
1781 529 1812 559 in

353 580 456 610 tabula
470 581 583 620 scripta
599 586 681 611 sunt.

355 653 452 693 Haec
473 656 526 693 ita
544 656 625 707 ipse
645 655 851 706 rescripsit,
874 669 961 707 quae
975 669 1045 694 vos
1066 656 1286 695 meminisse
1307 656 1469 704 debetis,
1489 670 1615 709 neque
1634 655 1723 708 plus
1742 655 1812 693 ha—

352 717 444 756 bere
466 716 555 756 fidei
575 718 831 756 fraudulentis
859 718 970 757 istius
990 718 1115 757 verbis
1136 731 1223 770 quae
1244 732 1349 758 nunc
1368 718 1492 767 affert,
1517 732 1632 771 quarn
1662 717 1814 768 legibus

352 787 392 818 et
410 779 455 817 iis
475 792 563 831 quae
582 779 665 831 ipse
685 780 724 818 in
742 780 820 818 litis
841 780 1127 819 contestatione
1147 781 1287 832 posuit.

412 843 473 880 14.
492 842 620 881 Audio
635 855 749 894 porro
769 856 850 890 eos,
869 842 918 881 de
936 843 980 882 iis
996 843 1111 881 etiam
1126 844 1240 881 rebus
1257 843 1306 881 ob
1321 856 1417 894 quas
1433 843 1482 881 ab
1499 841 1606 881 initio
1624 841 1815 880 actionem

351 903 513 952 institui,
534 904 707 944 dicturos
727 911 767 944 et
785 904 1070 951 criminaturos,
1090 904 1322 943 calumniam
1338 917 1423 943 eam
1442 903 1576 942 fuisse.
1615 903 1700 955 Ego
1710 915 1816 947 vero,

353 978 431 1016 quo
450 974 568 1018 pacto
587 967 819 1006 locationem
837 966 1093 1014 concinnarit,
1117 972 1160 1005 ut
1179 973 1320 1005 sortem
1338 979 1484 1004 mensae
1509 965 1710 1012 obtineret,
1736 964 1816 1002 dixi

355 1034 395 1065 et
416 1029 595 1067 recensui
615 1029 722 1067 vobis
739 1042 748 1066 :
781 1029 829 1067 de
849 1029 1003 1068 caeteris
1022 1041 1114 1069 vero
1133 1041 1212 1067 non
1231 1034 1367 1080 potero
1389 1027 1503 1066 simul
1522 1027 1650 1066 dicere
1669 1033 1708 1065 et
1727 1026 1817 1065 isto-

352 1102 439 1127 rum
475 1091 706 1130 convincere
742 1091 1019 1138 testimonium,
1056 1105 1180 1143 neque
1214 1092 1315 1130 enim
1346 1104 1456 1143 aquae
1486 1089 1580 1129 mihi
1620 1090 1715 1129 satis
1744 1097 1821 1128 est.

352 1152 483 1203 Atque
512 1152 611 1192 adeo
634 1166 685 1192 ne
703 1166 771 1193 vos
800 1153 959 1206 quidem
986 1167 1054 1193 eos
1083 1154 1160 1192 illis
1191 1154 1240 1192 de
1271 1155 1384 1192 rebus
1411 1159 1573 1204 agentes
1593 1152 1681 1204 jure
1709 1151 1819 1190 audi-

352 1219 474 1259 turos,
496 1214 584 1253 inde
606 1215 751 1263 scietis,
769 1216 801 1254 si
821 1215 1040 1267 cogitabitis
1056 1216 1269 1262 vobiscum,
1289 1227 1413 1266 neque
1431 1227 1538 1253 nunc
1558 1213 1716 1253 difficile
1731 1226 1818 1252 esse

351 1275 400 1313 de
421 1276 561 1326 quibus
589 1291 666 1315 non
690 1284 897 1317 accusatus
919 1277 968 1315 sit
985 1278 1104 1316 verba
1121 1278 1266 1323 facere,
1286 1290 1429 1328 neque,
1448 1276 1558 1314 falsis
1587 1275 1819 1314 testimoniis

348 1337 536 1384 recitatis,
557 1339 732 1378 absolvi:
761 1346 943 1378 neutrum
963 1346 1092 1378 autem
1112 1339 1248 1378 horum
1268 1352 1352 1376 esse
1367 1339 1519 1390 justum
1535 1338 1741 1390 quisquam
1760 1336 1819 1375 di-

351 1398 465 1447 xerit,
486 1400 556 1438 sed
572 1400 611 1438 id
631 1399 773 1451 potius,
795 1400 902 1452 quod
921 1413 996 1451 ego
1015 1412 1121 1438 nunc
1139 1400 1306 1451 postulo.
1366 1399 1489 1450 quue
1508 1398 1641 1437 audite
1656 1405 1707 1438 ·et
1725 1412 1819 1437 con-

351 1460 531 1500 siderate.
588 1462 675 1513 Ego
707 1469 812 1514 peto,
842 1475 930 1513 quae
950 1461 1045 1500 mihi
1073 1468 1302 1514 argumenta
1327 1462 1564 1514 eripuerunt,
1593 1475 1671 1513 quo
1690 1461 1819 1502 minus

350 1523 402 1562 ad
433 1524 637 1575 probanda
668 1524 832 1563 crimina
863 1524 941 1563 dici
966 1530 1142 1582 possent,
1163 1537 1210 1563 ea
1243 1537 1348 1563 nunc
1367 1524 1423 1563 uti
1452 1535 1502 1562 ne
1520 1530 1720 1576 quaerant:
1749 1525 1819 1563 sed

351 1586 492 1637 quibus
520 1585 752 1625 testimoniis
783 1585 1021 1638 eripuerunt,
1042 1599 1090 1625 ea
1119 1586 1344 1625 testimonia
1374 1585 1431 1625 uti
1450 1599 1543 1625 vera
1574 1599 1663 1625 esse
1688 1593 1819 1625 osten-

350 1647 460 1685 dant.
518 1648 635 1691 Quod
668 1648 713 1695 si,
732 1661 824 1687 cum
854 1661 1015 1687 causam
1043 1661 1175 1700 egero,
1201 1647 1427 1687 testimonia
1455 1656 1499 1687 ut
1523 1661 1734 1700 coarguam
1752 1661 1821 1700 pe-

351 1716 449 1751 tent,
468 1722 516 1748 ea
547 1708 640 1748 vero
673 1724 792 1762 quum
824 1724 1050 1762 persequor,
1073 1710 1122 1749 de
1142 1709 1366 1749 criminibus
1395 1711 1444 1749 ab
1476 1709 1584 1749 initio
1615 1709 1823 1762 propositis

351 1771 481 1810 dicere
500 1785 561 1810 me
577 1773 786 1823 jubebunt,
807 1786 932 1824 neque
946 1773 1054 1825 justa
1073 1786 1202 1824 neque
1223 1773 1329 1811 vobis
1348 1772 1456 1811 utilia
1470 1772 1618 1811 dicent.
1653 1773 1676 1810 J
1681 1773 1821 1811 urastis

351 1833 455 1871 enim
474 1847 543 1873 vos
563 1834 608 1872 iis
630 1835 680 1872 de
698 1835 814 1873 rebus
834 1834 1173 1888 pronunciaturos,
1193 1847 1272 1872 non
1291 1847 1389 1886 quas
1420 1847 1510 1872 reus
1539 1833 1727 1885 postulet,
1749 1834 1821 1873 sed

352 1897 403 1935 de
421 1897 477 1935 eis
505 1910 593 1948 quae
618 1897 657 1935 in
682 1899 835 1937 actione
860 1898 1156 1938 contineantur:
1194 1910 1280 1935 eam
1309 1909 1401 1936 vero
1430 1909 1593 1935 necesse
1619 1903 1680 1935 est
1706 1909 1821 1935 accu-

351 1960 491 1997 satoris
511 1960 684 1999 oratione
705 1960 900 2012 explicari,
923 1973 1000 2011 qua
1020 1973 1094 2011 ego
1121 1959 1236 1998 istum
1261 1959 1350 1997 falsi
1370 1958 1578 1997 testimonii
1596 1971 1702 1996 reum
1730 1959 1820 1998 feci.

353 2020 415 2059 Ne
434 2020 549 2072 igitur
567 2022 643 2060 hoc
663 2022 805 2060 omisso
825 2034 871 2060 ea
893 2021 1012 2068 dicat,
1032 2022 1081 2059 de
1109 2022 1248 2073 quibus
1273 2034 1353 2059 non
1378 2021 1423 2059 fit
1440 2020 1661 2072 judicium:
1691 2033 1820 2072 neque

351 2094 422 2121 vos
441 2082 665 2134 permittite,
686 2083 719 2121 si
737 2083 837 2122 forte
856 2083 930 2121 iste
950 2083 1119 2120 frontem
1138 2082 1390 2133 perfricuerit.

411 2145 474 2183 15.
501 2145 678 2183 Arbitror
695 2151 826 2183 autem
846 2157 949 2195 eum,
963 2143 1066 2182 omni
1080 2143 1192 2196 justa
1207 2144 1432 2182 defensione
1447 2144 1692 2194 destitutum,
1707 2144 1824 2184 etiam

354 2206 406 2246 ad
423 2207 500 2246 hoc
518 2214 738 2254 venturum,
759 2206 928 2245 absurde
948 2219 1010 2245 me
1029 2206 1172 2252 facere,
1189 2205 1418 2257 exceptione
1437 2205 1598 2254 vietum,
1617 2206 1684 2257 qui
1702 2212 1823 2245 testa-

354 2268 476 2308 menti
496 2276 616 2308 testes
637 2281 843 2320 persequar
860 2282 870 2307 2
898 2268 1003 2321 quod
1025 2268 1128 2307 illius
1148 2267 1333 2320 temporis
1347 2267 1503 2320 judices
1522 2267 1645 2320 magis
1664 2275 1822 2320 propter

352 2330 640 2378 transactionis,
660 2343 777 2381 quam
804 2337 960 2383 propter
978 2330 1202 2369 testamenti
1227 2336 1364 2378 testes,
1384 2329 1660 2370 Phormionem
1692 2331 1822 2369 absol-

352 2392 492 2432 verint.
549 2393 634 2444 Ego
665 2406 772 2439 vero,
797 2393 1073 2440 Athenienses,
1102 2393 1197 2431 scire
1226 2405 1362 2432 omnes
1391 2405 1462 2432 vos
1483 2392 1678 2440 existimo,
1698 2393 1822 2432 solere

352 2467 422 2493 vos
441 2467 520 2493 rem
545 2461 695 2506 gestam
721 2467 800 2493 non
830 2454 958 2493 minus
979 2461 1171 2507 spectare,
1191 2467 1306 2505 quam
1327 2461 1485 2507 propter
1502 2467 1590 2494 eam
1608 2454 1732 2494 factas
1752 2467 1820 2494 ex-

353 2516 566 2568 ceptiones.
625 2517 687 2555 De
714 2517 828 2555 rebus
858 2516 976 2568 igitur
994 2515 1090 2568 ipsis
1108 2517 1173 2555 isti
1193 2516 1293 2556 falso
1314 2517 1354 2556 in
1372 2531 1436 2555 me.
1456 2517 1679 2556 testimonio
1699 2517 1821 2565 dicto,

354 2591 444 2617 mea
473 2579 522 2617 de
550 2578 701 2617 actione
721 2580 841 2618 verba
870 2579 1023 2617 infirma
1052 2578 1321 2618 reddiderunt.
1390 2579 1471 2618 Sed
1499 2579 1561 2618 his
1592 2579 1744 2618 omissis
1763 2579 1822 2616 in-

355 2648 488 2693 eptum
524 2647 597 2687 est,
616 2653 706 2678 cum
739 2654 873 2679 omnes
905 2654 976 2693 pro
1009 2640 1228 2680 testimonio
1261 2641 1409 2680 mentiti
1442 2642 1533 2689 sint,
1566 2640 1652 2693 quis
1685 2654 1821 2680 eorum

354 2702 524 2742 maxime
543 2703 731 2750 nocuerit,
753 2703 974 2742 declarare:
1004 2710 1043 2741 et
1060 2716 1138 2742 non
1157 2703 1286 2755 potius
1308 2703 1484 2755 singulos
1503 2717 1544 2742 se
1565 2716 1654 2741 vera
1673 2703 1821 2742 dixisse

356 2764 577 2803 ostendere.
634 2765 773 2816 Neque
805 2765 920 2812 enim,
954 2764 984 2803 si
1017 2765 1134 2803 alium
1168 2765 1359 2804 atrociora
1385 2764 1624 2804 commisisse
1658 2766 1822 2804 demon-

358 2827 500 2873 strarit,
522 2840 612 2865 eum
632 2827 781 2866 absolvi
802 2828 939 2866 decet:
969 2827 1040 2866 sed
1060 2828 1092 2865 si
1111 2827 1193 2879 ipse
1211 2840 1303 2866 vera
1325 2841 1365 2866 se
1387 2827 1531 2866 dixisse
1550 2827 1769 2866 declararit.

415 2888 476 2925 16.
507 2888 670 2941 Propter
685 2888 791 2940 quod
810 2889 939 2942 igitur,
959 2888 1232 2936 Athenienses,
1252 2889 1473 2941 Stephanus
1492 2889 1610 2928 exitio
1628 2889 1667 2927 in
1685 2889 1820 2941 primis

358 2948 499 3001 dignus
518 2957 594 2998 est,
613 2949 651 2990 id
677 2963 727 2991 ex
748 2964 809 2991 me
837 2951 983 2991 audite.
1041 2951 1233 3008 Iniquum
1250 2958 1323 3000 est,
1342 2951 1557 3004 opprimere
1584 2963 1819 3003 quemquam
