1948 3306
322 188 399 224 596
484 183 769 223 ADVERSUS
791 182 1035 222 BOEOTUM
1059 181 1134 220 DE
1154 180 1304 219 DOTE
1326 179 1608 218 MATERNA.

322 287 372 325 ad
392 300 489 337 quos
516 286 716 338 negotium
736 286 785 325 de
804 299 882 337 quo
901 286 948 324 lis
972 293 1032 325 est
1058 285 1152 325 nihil
1177 287 1339 325 attinet:
1369 285 1610 324 adversarios
1635 290 1778 330 autem,

321 350 448 388 socios
467 362 600 388 earum
619 361 759 395 rerum,
779 356 935 400 propter
953 361 1049 399 quas
1070 350 1119 387 ab
1147 350 1274 400 aliquo
1294 347 1554 387 accusantur?
1601 347 1650 386 Id
1673 347 1780 399 quod

324 411 473 449 Critoni
493 411 647 450 accidit.
705 410 901 448 Praeterea
915 423 1003 448 cum
1024 423 1108 457 vos,
1125 410 1301 458 Judiees,
1320 418 1380 449 tot
1398 410 1496 457 sitis,
1514 422 1604 447 cum
1629 409 1681 447 sit
1704 421 1781 447 cae-

325 479 492 511 terorum
521 472 813 510 Atheniensium
835 478 946 510 tanta
976 473 1195 520 multitudo,
1216 474 1313 512 alius
1342 473 1499 524 quidem
1530 484 1645 510 nemo
1677 485 1719 510 se
1745 470 1781 509 ei

322 534 476 574 affuisse
508 542 692 573 testatur:
722 536 959 573 Timocrates
985 536 1104 582 solus,
1125 542 1312 587 tanquam
1343 549 1366 574 a
1392 535 1586 581 machina,
1616 540 1782 572 testatur

320 596 508 635 decimam
523 597 736 635 celebrasse
755 597 817 634 isti
837 604 984 647 patrem
1005 610 1150 642 meum,
1171 598 1332 648 aequalis
1353 598 1435 649 ejus
1450 595 1516 650 qui
1535 595 1691 633 nuncin
1706 594 1782 633 hoc
1816 626 1821 637 ,

312 656 463 707 judicio
482 670 569 695 reus
591 657 732 707 agitur,
753 670 871 706 seque
887 657 999 708 plane
1021 658 1149 695 omnia
1168 659 1266 696 scire
1281 659 1494 711 profitetur,
1510 671 1598 709 quae
1617 657 1700 696 istis
1715 671 1779 695 ex·

319 718 485 769 pediunt
503 719 671 762 scilicet;
702 724 866 756 testatur
884 719 977 757 item
995 732 1100 757 nunc
1119 732 1160 757 se
1180 721 1305 758 solum
1332 721 1482 759 Critoni
1500 720 1672 765 affuisse,
1693 731 1783 757 cum

319 780 426 818 aedes
447 793 471 818 a
489 793 551 817 me
579 785 736 818 emeret.
794 780 911 822 Quod
939 779 1117 832 quisnam
1151 788 1319 820 vestrum
1351 781 1515 820 credat?
1561 780 1782 819 Praesertim

321 854 409 880 cum
429 854 503 893 ego
532 854 610 880 non
640 841 689 879 de
710 854 756 879 eo
784 854 887 880 nunc
903 855 1028 894 agam,
1049 850 1178 881 utrum
1203 843 1309 882 aedes
1327 843 1433 882 Crito
1453 842 1598 889 emerit,
1617 854 1691 880 nec
1709 855 1781 882 ne:

322 905 393 943 sed
413 906 462 944 de
481 905 586 952 dote,
605 918 720 956 quam
741 918 764 944 a
781 911 902 943 matre
923 919 1011 943 mea
1030 906 1186 944 allatam
1214 919 1278 945 me
1304 906 1473 957 recipere
1495 905 1637 957 jubent
1658 906 1782 957 leges.

321 965 490 1005 Proinde
511 966 837 1017 quemadmodum
856 967 965 1004 vobis
985 980 1059 1018 ego
1074 968 1306 1006 testimoniis
1325 967 1458 1005 multis
1482 973 1522 1005 et
1546 968 1785 1018 argumentis

320 1029 476 1067 ostendi
497 1037 659 1067 matrem
679 1041 805 1067 meam
826 1028 1013 1067 talentum
1033 1029 1136 1067 dotis
1153 1029 1342 1076 attulisse,
1363 1029 1403 1066 id
1416 1041 1505 1066 vero
1519 1041 1580 1067 me
1601 1028 1650 1066 de
1666 1028 1785 1079 patri-

320 1090 450 1128 monio
475 1103 553 1129 non
574 1090 782 1141 recepisse,
805 1096 845 1128 et
868 1090 973 1129 aedes
1000 1090 1038 1128 in
1070 1103 1156 1129 eam
1181 1104 1259 1129 rem
1280 1104 1303 1129 a
1321 1090 1431 1129 nobis
1450 1095 1652 1142 exemptas
1671 1102 1784 1128 esse:

320 1151 377 1189 sic
397 1158 437 1189 et
454 1151 571 1190 istum
590 1151 701 1190 vobis
722 1151 927 1190 ostendere
939 1152 1089 1200 jubete,
1110 1159 1177 1190 aut
1194 1165 1256 1190 me
1274 1165 1366 1190 vera
1385 1164 1464 1191 non
1483 1151 1625 1197 dicere,
1645 1157 1712 1189 aut
1726 1163 1786 1189 re-

319 1213 450 1264 cipere
479 1213 611 1252 dotem
637 1227 714 1252 non
737 1220 940 1265 oportere;
971 1213 1020 1251 de
1047 1214 1107 1252 his
1128 1214 1231 1251 enim
1248 1226 1315 1251 vos
1343 1226 1447 1251 nunc
1466 1212 1785 1264 pronunciabitis.

322 1273 363 1311 Si
383 1287 473 1312 vero
501 1288 647 1320 eorum,
669 1275 717 1313 de
744 1275 885 1325 quibus
906 1281 1126 1320 accusatur,
1147 1287 1220 1313 nec
1244 1281 1365 1313 testes
1384 1274 1462 1312 fide
1482 1274 1622 1325 dignos
1640 1273 1785 1325 produ-

320 1348 422 1381 cere,
444 1350 570 1387 neque
591 1336 713 1373 ullum
733 1336 837 1373 aliud
861 1336 998 1375 afferre
1024 1344 1295 1389 argumentum
1315 1336 1470 1389 poterit,
1489 1335 1559 1373 sed
1578 1335 1654 1373 alia
1668 1335 1788 1374 verba

318 1394 464 1447 injiciet
484 1397 703 1448 decipiendi
722 1410 854 1443 causa,
875 1404 914 1435 et
940 1398 1138 1443 clamabit,
1164 1404 1205 1436 et
1228 1397 1493 1447 indignabitur
1520 1410 1609 1448 quae
1626 1410 1788 1436 excausa

319 1456 446 1496 aliena
466 1464 571 1503 sunt,
592 1472 659 1510 per
678 1459 704 1497 J
708 1471 819 1496 ovem
839 1465 1081 1510 caeterosque
1100 1459 1196 1497 deos
1215 1471 1284 1497 vos
1301 1470 1368 1497 oro
1393 1471 1443 1496 ne
1460 1457 1660 1509 patiamini
1676 1471 1685 1496 :
1716 1459 1787 1497 sed

315 1518 383 1569 jus
409 1532 541 1557 meum
568 1520 661 1557 mihi
687 1519 864 1558 tribuatis
892 1528 1048 1572 propter
1081 1534 1128 1559 ea
1145 1521 1276 1559 omnia
1303 1533 1392 1571 quae
1419 1520 1527 1559 dicta
1555 1526 1660 1567 sunt,
1678 1520 1786 1571 cogi-

321 1586 465 1628 tantes,
481 1581 603 1619 multo
636 1594 724 1620 esse
750 1582 894 1630 justius
913 1590 956 1620 ut
981 1582 1113 1620 matris
1131 1594 1230 1620 meae
1250 1582 1381 1621 dotem
1400 1581 1493 1620 mihi
1522 1581 1573 1619 ad
1601 1581 1787 1621 elocatio-

321 1654 409 1679 nem
437 1641 527 1680 filiae
555 1654 653 1680 meae
680 1643 883 1690 addicatis,
912 1656 1030 1694 quam
1055 1651 1099 1681 ut
1131 1643 1284 1695 Plango
1308 1650 1349 1681 et
1375 1643 1451 1690 isti,
1468 1648 1609 1694 praeter
1631 1649 1786 1690 caetera,

321 1704 436 1742 etiam
473 1704 593 1751 aedes,
628 1705 678 1744 ad
714 1705 845 1744 dotem
883 1713 1100 1758 exemptas,
1131 1705 1242 1745 nobis
1271 1704 1436 1757 eripiant
1471 1711 1605 1743 contra
1633 1717 1788 1744 omnem

323 1765 558 1816 aequitatem.
