1948 3306
353 136 403 172 30
779 135 1005 174 CONTRA
1040 135 1396 174 TIMARCHUM.

355 239 509 278 minime
536 252 628 277 curo
648 239 787 278 faciam
807 242 1058 279 mentionem.
1090 240 1186 281 Quis
1214 240 1315 276 enim
1343 245 1515 277 vestrum
1535 238 1816 290 Diophantum,

354 302 420 351 qui
439 302 554 338 orbus
577 301 806 351 appellatur,
824 316 901 339 non
919 302 1052 339 novit?
1083 301 1160 343 Qui
1181 301 1371 351 hospitem
1394 301 1443 338 ad
1469 307 1674 351 praetorem
1689 300 1816 344 traxit,

355 363 466 412 cujus
489 375 664 399 assessor
684 363 754 399 fuit
777 364 985 414 Aristopho
1002 363 1250 401 Azeniensis:
1282 369 1515 412 conquestus
1533 375 1574 399 se
1589 368 1754 411 quatuor
1769 361 1817 398 ab

355 424 419 461 illo
440 424 632 461 drachmis
662 426 711 462 ob
732 438 814 462 eam
842 439 919 462 rem
950 425 1165 475 promissis,
1195 423 1389 460 fraudari:
1421 430 1460 459 et
1493 423 1601 473 leges
1630 422 1818 467 recitavit,

354 499 440 536 quae
459 492 663 536 praetorem
684 487 916 537 pupillorum
938 499 1068 524 curam
1090 499 1221 536 gerere
1243 486 1411 537 jubent:
1442 485 1628 535 neglectis
1649 483 1709 529 iis,
1730 496 1819 533 quae

356 547 555 585 modestiae
584 548 741 586 tuendae
769 561 887 585 causa
915 548 1004 585 latae
1035 555 1137 585 sunt.
1186 548 1287 585 Eum
1315 560 1407 598 ergo
1436 546 1519 597 quis
1548 559 1626 583 non
1654 544 1821 583 oderat?

355 608 450 652 Quis
471 608 610 646 civium
633 623 709 646 non
730 610 978 646 aversabatur
1000 609 1322 659 Cephisodorum,
1343 608 1410 659 qui
1434 607 1605 645 Molonis
1626 607 1670 644 F.
1696 606 1831 652 nomi3

355 671 533 716 nabatur,
559 670 664 720 quod
696 669 943 720 pulcherrimi
978 670 1188 719 adspectus
1218 669 1454 719 elegantiam
1483 668 1644 706 summis
1672 667 1822 718 probris

353 731 660 769 contaminarat?
692 731 772 768 Aut
788 731 1065 775 Mnesitheum,
1095 729 1160 780 qui
1182 730 1321 780 Magiri
1342 731 1485 780 (coqui)
1511 730 1555 768 F.
1577 730 1729 774 dicitur,
1755 735 1823 767 aut

356 793 500 829 multos
522 792 632 838 alios,
656 805 822 842 quorum
852 793 951 829 ultro
979 790 1217 829 obliviscor?
1247 791 1386 841 Neque
1413 793 1514 829 enim
1535 804 1667 830 eorum
1687 804 1821 841 quem-

353 854 447 890 libet
467 854 603 890 acerbe
617 860 656 891 et
675 854 902 891 nominatim
919 866 1120 891 recensere
1137 852 1224 890 volo
1241 865 1249 890 :
1282 852 1352 890 sed
1366 852 1490 890 multo
1506 852 1629 903 magis
1642 852 1821 903 optarim,

352 915 388 950 in
412 915 584 952 oratione
601 927 659 952 me
673 915 1020 956 taliumlfactorum
1038 913 1174 965 inopia
1187 914 1377 960 laborare,
1393 927 1462 965 pro
1477 927 1565 952 mea
1580 926 1673 964 erga
1687 915 1822 951 urbem

352 976 637 1013 benevolentia.
682 976 760 1013 Sed
781 977 873 1026 quia
891 984 1140 1026 utrorumque
1160 976 1352 1026 quosdam
1379 975 1534 1014 delectu
1556 976 1690 1014 habito
1716 988 1823 1013 com-

354 1037 664 1083 memoravimus,
697 1037 856 1074 seorsim
878 1050 945 1075 eos
974 1037 1040 1087 qui
1061 1038 1109 1074 ob
1135 1036 1367 1074 modestiam
1393 1036 1618 1086 diliguntur,
1641 1049 1708 1074 eos
1730 1037 1823 1074 item

354 1099 526 1143 seorsim,
553 1098 617 1149 qui
638 1099 865 1149 semetipsos
886 1098 1052 1136 violant:
1085 1112 1152 1136 vos
1174 1101 1256 1146 jam
1280 1097 1329 1135 ad
1353 1098 1605 1149 quaestionem
1633 1097 1735 1135 hanc
1762 1111 1823 1136 re-

355 1161 578 1211 spondeatis
599 1161 691 1198 mihi
711 1161 841 1206 velim,
862 1160 901 1197 in
929 1168 1013 1198 utro
1045 1160 1295 1198 Timarchum
1322 1160 1454 1198 ordine
1486 1160 1717 1198 collocetis?
1748 1160 1823 1198 Eo-

353 1235 489 1260 rumne
510 1223 574 1272 qui
594 1222 821 1272 diliguntur,
843 1235 892 1259 an
913 1222 978 1272 qui
1010 1234 1079 1272 pro
1100 1221 1236 1259 scortis
1264 1221 1523 1272 subiguntur?
1553 1221 1613 1258 Ne
1633 1221 1752 1271 igitur
1778 1234 1823 1259 ea

356 1297 472 1334 quam
501 1284 680 1334 delegisti
708 1284 834 1321 classe
853 1283 1000 1331 relicta,
1020 1296 1089 1334 pro
1113 1282 1318 1334 transfuga
1346 1283 1385 1320 in
1414 1289 1537 1321 coetus
1565 1284 1822 1334 ingenuorum

353 1345 567 1397 irrumpito.

409 1409 473 1446 32.
505 1401 622 1448 Quod
644 1407 674 1444 si
708 1407 838 1444 dicere
866 1407 1114 1453 instituerint,
1140 1419 1219 1445 non
1250 1407 1290 1443 in
1319 1413 1534 1445 scortorum
1562 1419 1722 1444 numero
1750 1406 1831 1444 ha:

353 1468 525 1506 bendum
546 1480 646 1515 esse,
666 1468 730 1518 qui
751 1481 829 1505 non
849 1481 895 1505 ex.
918 1468 1139 1520 syngrapha
1154 1467 1272 1505 fuerit
1289 1468 1469 1506 mercede
1485 1469 1674 1515 elocatus,
1694 1481 1738 1506 ac
1753 1481 1823 1519 po-

355 1529 548 1575 stularint,
579 1536 621 1566 ut
641 1529 793 1567 tabulas
825 1537 864 1568 et
892 1537 1009 1568 testes
1029 1530 1255 1568 exhibeam:
1285 1542 1354 1567 vos
1379 1530 1546 1581 primum
1576 1530 1824 1568 memineritis

352 1591 482 1642 legum
501 1590 548 1628 de
569 1591 824 1642 impudicitia,
846 1591 885 1628 in
905 1592 1045 1642 quibus
1065 1591 1213 1628 nullam
1233 1591 1456 1641 pactionum
1477 1591 1713 1629 mentionem
1734 1590 1827 1628 fecit

353 1652 564 1703 legislator.
596 1653 735 1703 Neque
759 1654 860 1690 enim
881 1666 930 1690 an
950 1652 1089 1704 aliquis
1110 1666 1158 1690 ex
1184 1652 1407 1704 syngrapha
1425 1666 1467 1691 se
1493 1652 1762 1703 coinquinarit,
1784 1652 1824 1690 id

354 1713 557 1765 spectavit,
591 1714 661 1752 sed
681 1715 853 1759 omnino,
877 1727 1110 1765 quocunque
1139 1714 1258 1751 modo
1284 1728 1346 1752 res
1376 1720 1464 1752 acta
1483 1705 1612 1759 fuerit,
1642 1727 1730 1752 eum
1758 1714 1826 1765 qui

354 1776 502 1820 fecerit,
525 1776 858 1814 administratione
885 1776 1108 1827 reipublicae
1131 1778 1325 1815 abstinere
1344 1777 1475 1828 jussit.
1518 1776 1642 1826 quue
1674 1775 1824 1814 merito.

357 1838 458 1875 Nam
486 1839 551 1888 qui
580 1838 810 1876 adolescens
833 1839 881 1876 ob
902 1845 1032 1889 turpes
1054 1839 1275 1889 voluptates
1297 1839 1460 1888 gloriam
1488 1837 1704 1875 honestatis
1726 1850 1823 1888 neg-

356 1899 529 1945 lexisset,
560 1913 647 1936 eum
684 1913 763 1936 non
793 1901 944 1937 censuit
976 1900 1075 1949 legis
1107 1907 1254 1945 auctor,
1285 1906 1402 1937 aetate
1431 1900 1673 1950 provectiore
1702 1900 1827 1937 ullum

356 1968 531 2012 oportere
561 1962 750 1998 honorem
780 1960 976 2010 consequi.
1025 1948 1178 1997 D‘einde
1208 1960 1366 1997 rationis
1387 1960 1497 1997 istius
1518 1960 1682 2011 ineptias
1711 1961 1827 1999 facile

356 2029 416 2059 est
435 2022 654 2060 ostendere.
703 2022 850 2059 Omnes
885 2023 988 2059 enim
1015 2021 1196 2071 fatemur,
1227 2035 1294 2058 nos
1325 2022 1527 2072 pactiones
1553 2022 1653 2059 inter
1680 2036 1752 2060 nos
1779 2036 1827 2060 ex

357 2082 571 2120 diffidentia
589 2083 738 2120 facere:
771 2089 813 2120 ut
843 2083 909 2132 qui
930 2095 996 2120 eas
1018 2082 1191 2128 servarit,
1205 2082 1353 2133 judicio
1372 2096 1510 2134 poenas
1532 2083 1581 2121 de
1611 2097 1658 2121 eo
1685 2091 1827 2132 sumat,

357 2145 423 2194 qui
455 2143 572 2181 fidem
600 2144 771 2194 fregerit.
822 2144 942 2194 Igitur
963 2144 995 2181 si
1021 2143 1304 2195 impudicorum
1324 2145 1426 2182 actio
1440 2145 1630 2196 judicium
1661 2159 1708 2183 ex
1734 2160 1825 2198 syn-

357 2205 507 2257 grapha
526 2206 712 2256 postulat,
734 2206 766 2243 si
784 2205 932 2257 injuriis
953 2206 1192 2244 afficiantur:
1225 2219 1357 2244 earum
1377 2207 1509 2258 legum
1530 2220 1627 2257 quas
1648 2206 1710 2245 isti
1738 2221 1826 2259 pro-

357 2267 501 2312 ferunt,
521 2268 742 2318 praesidium
764 2268 818 2305 eis
839 2275 900 2305 est
920 2268 1121 2318 reliquum.
1167 2268 1312 2319 Ecquae
1333 2276 1462 2306 autem
1484 2268 1683 2320 utriusque
1703 2270 1830 2320 possit

358 2342 442 2367 esse
473 2329 623 2367 oratio?
654 2329 794 2367 Putate
816 2330 917 2367 enim
937 2343 1020 2375 vos,
1040 2343 1121 2367 rem
1141 2343 1220 2368 non
1248 2343 1271 2367 a
1302 2343 1363 2368 me
1382 2329 1543 2377 narrari,
1564 2330 1634 2368 sed
1664 2343 1686 2368 a
1716 2331 1826 2369 vobis

359 2390 492 2441 aspici.
531 2390 623 2427 Esto
643 2390 743 2427 enim
763 2390 981 2428 conductor
999 2404 1135 2440 aequus
1155 2392 1194 2429 in
1216 2397 1432 2438 contractu,
1453 2392 1674 2431 conductus
1695 2398 1826 2430 autem

360 2452 527 2503 iniquus,
557 2458 596 2488 et
614 2451 839 2489 inconstans
855 2465 863 2489 ε
895 2460 962 2489 aut
981 2458 1119 2489 contra
1137 2453 1357 2491 conductus
1377 2466 1526 2504 aequus,
1548 2460 1589 2491 et
1608 2461 1714 2491 stans
1727 2466 1826 2495 xcon—

360 2513 500 2559 ventis,
530 2512 627 2550 alter
651 2518 746 2550 natu
763 2513 957 2564 grandior,
978 2520 1018 2551 et
1040 2514 1257 2552 conductor
1281 2514 1418 2552 fallax.
1452 2515 1534 2552 Vos
1564 2515 1668 2565 ipsos
1696 2521 1827 2552 autem

360 2588 430 2626 pro
451 2573 634 2612 tribunali
654 2575 789 2612 sedere
809 2573 958 2624 fingite.
1006 2575 1142 2626 Itaque
1163 2582 1258 2614 natu
1277 2577 1413 2628 major,
1441 2575 1533 2613 dato
1553 2575 1626 2612 sibi
1654 2582 1827 2626 tempore

361 2636 593 2687 dicendique
615 2642 823 2686 potestate,
851 2636 987 2674 seriam
1018 2636 1307 2674 accusationem
1333 2637 1521 2683 instituet,
1552 2648 1621 2673 vos
1651 2635 1827 2674 nimirum

360 2699 513 2735 intuens
528 2710 537 2734 z
557 2696 740 2741 conduxi,
758 2697 1033 2742 Athenienses,
1047 2697 1307 2744 Timarchum,
1323 2704 1367 2735 ut
1380 2710 1508 2735 meum
1523 2703 1696 2735 scortum
1711 2704 1830 2745 esset,

362 2772 410 2796 ex
428 2758 574 2804 tabula,
597 2771 686 2809 quae
714 2757 786 2795 sita
805 2766 867 2796 est
890 2759 994 2809 apud
1019 2758 1493 2805 Demosthenem,—nihil
1520 2758 1622 2796 enim
1652 2758 1830 2809 prohibet

360 2821 416 2857 ita
436 2820 580 2865 dici—,
602 2833 730 2870 neque
744 2833 834 2858 vero
852 2820 917 2858 ille
939 2828 1016 2859 stat
1036 2821 1174 2872 pactis,
1191 2833 1316 2871 eaque
1330 2821 1414 2872 jam
1429 2819 1588 2871 exponit
1607 2819 1768 2868 scilicet,
1783 2833 1829 2859 ac

355 2881 552 2935 judicibus
575 2889 718 2928 narrat,
738 2895 824 2932 quae
844 2882 912 2920 tali
933 2882 1076 2920 homini
1097 2882 1276 2921 facienda
1303 2882 1393 2920 sint.
1436 2881 1577 2920 Nonne
1596 2894 1686 2920 vero
1706 2881 1738 2919 is
1756 2882 1830 2933 ,qui
