1948 3306
356 195 431 231 618
726 195 1011 233 ADVERSUS
1043 196 1447 235 MACARTATUM.

359 309 501 348 genere
537 297 756 348 proximus:
803 300 1078 351 Theopompus
1117 307 1245 338 autem
1277 301 1483 340 Macartati
1521 306 1630 352 pater
1658 313 1812 352 prorsus

356 372 434 396 non
456 360 634 407 accessit,
655 374 779 412 neque
799 362 1100 400 controversiam
1121 362 1253 409 movit,
1273 362 1378 414 quod
1403 361 1495 400 nihil
1528 362 1578 400 ad
1608 362 1736 414 ipsum
1755 368 1816 400 at-

356 421 509 466 tineret,
531 421 645 472 idque
682 436 770 461 cum
796 430 899 461 esset
929 423 1065 462 eadem
1091 430 1218 462 aetate.
1287 425 1415 469 Quam
1445 424 1655 462 absurdum
1684 430 1816 462 autem

354 496 440 521 esse
471 484 629 534 putatis,
651 485 822 531 Judices,
844 498 932 523 cum
960 486 1233 537 Theopompus
1254 486 1302 524 de
1322 486 1485 538 pupilla,
1515 499 1602 536 quae
1634 485 1707 523 fuit
1732 485 1816 522 Ha-

353 544 456 595 gniae
474 546 639 596 patrueli
658 554 763 592 nata,
782 559 870 584 cum
892 547 1046 585 nemine
1074 560 1244 598 unquam
1275 548 1446 599 litigant,
1473 554 1517 585 ut
1540 546 1712 598 postulet
1731 546 1815 584 Ha-

353 606 456 657 gniae
477 607 547 645 sibi
566 607 831 646 haereditatem
853 609 967 646 tribui
988 615 1123 647 eontra
1138 622 1272 649 omnes
1293 609 1425 661 leges?
1471 609 1576 652 Quid
1594 609 1676 647 istis
1692 608 1835 649 homi-r

351 667 466 706 nibus
486 669 565 707 fieri
588 676 703 720 queat
722 669 980 720 impudentius
1004 677 1071 709 aut
1090 670 1343 709 sceleratius?
1373 672 1511 710 Recita
1526 671 1642 710 etiam
1654 676 1814 709 caeteras

356 729 477 781 leges.
496 731 498 733 ’

1029 806 1148 843 LEX.

397 881 566 912 Homicida
583 882 612 912 in
628 884 694 913 soro
710 884 882 922 postuletur
895 885 932 913 ab
948 884 987 914 iis
1003 884 1055 925 qui
1072 888 1142 913 sunt
1154 883 1232 913 intra
1248 881 1517 913 consobrinitatem
1534 886 1566 912 et
1580 891 1597 910 a
1613 880 1819 916 consobrinis,

352 942 411 962 una
427 941 652 972 persequantur
669 935 797 964 eundem
815 941 846 964 et
861 935 1109 965 coiisobrinornm
1126 935 1228 970 liberi,
1247 940 1278 964 et
1294 933 1409 973 generi,
1425 939 1456 964 et
1472 933 1583 969 soceri,
1600 937 1631 962 et
1650 932 1820 967 sobrini,et

351 984 495 1013 curiales.
526 984 577 1014 Sin
595 995 661 1014 cum
680 996 716 1014 eo
733 986 919 1015 redeundum
937 985 967 1015 in
985 986 1111 1024 gratiam
1129 985 1232 1020 fuerit,
1249 985 1275 1014 si
1292 990 1378 1023 pater
1390 988 1545 1023 superstes
1561 982 1631 1018 erit,
1647 987 1699 1012 aut
1714 983 1819 1017 frater,

351 1041 404 1063 aut
422 1033 487 1069 filii,
503 1040 555 1064 aut
574 1035 719 1069 omnium,
733 1040 784 1065 aut
801 1037 868 1074 ejus
883 1037 933 1075 qui
946 1036 1098 1074 prohibet,
1117 1035 1234 1065 valebit
1247 1034 1424 1064 auctoritas.
1447 1034 1501 1063 Sin
1520 1034 1625 1063 horum
1642 1043 1732 1063 nemo
1748 1032 1819 1068 erit,

353 1092 384 1116 et
401 1087 515 1115 caedem
534 1086 650 1117 invitus
667 1088 785 1122 fecerit,
803 1087 894 1127 idque
911 1088 1129 1128 quinquaginta
1145 1092 1176 1116 et
1193 1097 1271 1116 unus
1290 1086 1418 1125 Ephetae
1438 1083 1669 1125 pronunciarint
1688 1083 1820 1113 invitum

350 1136 462 1166 secisse
476 1137 604 1171 caedem,
617 1137 858 1168 intromittantur
876 1139 1005 1168 curiales
1023 1138 1049 1167 si
1064 1137 1168 1168 volent
1182 1138 1288 1166 decem
1302 1148 1309 1165 z
1322 1136 1359 1166 ab
1375 1135 1422 1165 his
1438 1140 1540 1165 autem
1555 1133 1775 1174 quinquaginta
1789 1138 1821 1163 et

352 1197 431 1217 unus
449 1199 486 1218 ex
501 1188 700 1227 optimatibus
717 1189 901 1229 deligantur,
917 1194 948 1219 et
960 1190 1013 1228 qui
1030 1189 1113 1229 prius
1129 1188 1245 1218 casdem
1263 1187 1400 1217 fecerunt
1411 1187 1467 1216 bno
1484 1185 1640 1216 sanctione
1651 1190 1819 1215 teneantur.

353 1239 417 1274 Qui
432 1239 549 1268 veroin
564 1239 741 1279 municipiis
756 1241 982 1275 desiderantur,
997 1251 1074 1280 quos
1091 1249 1179 1269 nemo
1196 1238 1369 1274 sustulerit,
1384 1248 1436 1268 eos
1452 1237 1569 1267 indicet
1589 1236 1730 1272 tribunus
1746 1246 1820 1275 cog-

352 1289 432 1320 natis
456 1295 489 1320 nt
507 1291 616 1320 tollant
644 1299 674 1320 et
699 1291 846 1330 sepeliant
867 1296 898 1321 et
915 1291 1050 1331 populus
1067 1301 1103 1320 eo
1119 1291 1169 1320 die
1187 1290 1343 1326 lustretur,
1359 1299 1420 1328 quo
1442 1287 1492 1318 die
1516 1287 1627 1326 singuli
1651 1286 1821 1317 desiderati

351 1340 476 1370 suerint.
533 1342 742 1371 Denunci'etur
767 1348 868 1371 autem
890 1341 928 1370 de
950 1340 1049 1370 servis
1065 1340 1199 1375 domino,
1214 1341 1253 1369 de
1274 1339 1415 1378 ingenuis
1437 1338 1476 1367 iis
1497 1337 1549 1377 qui
1573 1337 1605 1366 in
1624 1337 1712 1367 bonis
1738 1342 1819 1367 suut.

354 1392 544 1430 Sin-mortuo
562 1393 640 1422 bona
662 1403 721 1421 non
740 1397 838 1428 erunt,
855 1392 969 1422 mortui
985 1391 1124 1430 cognatis
1149 1391 1361 1422 denuncietur.
1407 1389 1497 1427 Quod
1511 1389 1537 1418 si
1551 1392 1620 1429 post
1637 1388 1749 1429 tribuni
1766 1389 1820 1419 de-

355 1443 580 1473 nunciationem
598 1444 719 1482 cognati
737 1454 794 1473 non
813 1444 1004 1479 sustulerint,
1023 1443 1161 1473 tribunus
1177 1442 1347 1472 tollendum
1373 1442 1505 1471 cadaver
1523 1441 1607 1471 locet
1621 1445 1653 1470 et
1668 1441 1820 1480 sepelien-

351 1495 425 1524 ‹lum
448 1500 478 1525 et
500 1495 690 1525 lustrandum
707 1506 744 1524 eo
760 1495 810 1525 die
827 1496 986 1534 populum,
1003 1505 1091 1534 quam
1108 1494 1233 1524 minimo
1249 1494 1374 1533 poterit.
1419 1493 1472 1523 Sin
1492 1503 1551 1523 non
1570 1492 1690 1528 locarit,
1706 1493 1818 1523 debeto

351 1546 436 1575 mille
455 1546 614 1576 drachmas
630 1546 748 1576 aerario.
796 1546 953 1585 Quicquid
970 1551 1071 1576 autem
1092 1545 1290 1586 impenderit,
1307 1545 1435 1584 duplum
1452 1537 1470 1574 a
1484 1544 1670 1575 debentibus
1687 1544 1816 1583 exigito.

353 1598 446 1635 Quod
464 1598 523 1628 nisi
539 1599 658 1634 fecerit,
674 1598 742 1637 ipse
758 1598 870 1628 debeto
886 1598 1096 1639 popularibus.
1129 1598 1191 1636 Qui
1207 1603 1306 1628 autem
1322 1596 1638 1627 locationeslucorum
1653 1597 1818 1632 Minervae,

353 1654 385 1679 et
407 1654 587 1679 caeterornm
605 1651 755 1685 Deorum,
772 1654 803 1679 et
819 1649 969 1686 Heroum,
986 1660 1045 1679 non
1061 1648 1266 1686 reddiderint,
1282 1648 1410 1678 infames
1427 1654 1458 1679 et
1481 1647 1542 1687 ipsi
1557 1651 1648 1678 sunto
1663 1653 1694 1678 et
1709 1658 1816 1678 eornm

353 1701 504 1737 haeredes,
521 1701 619 1731 donec
636 1701 793 1731 solverint.

353 1778 454 1817 Haec
474 1779 603 1817 omnia
625 1793 712 1830 quae
732 1779 838 1831 leges
851 1781 992 1828 Jubent
1012 1780 1137 1818 facere
1157 1787 1357 1830 cognatos,
1379 1792 1451 1817 nos
1464 1779 1606 1830 jubent
1625 1785 1665 1817 et
1688 1780 1814 1818 facere

348 1850 509 1891 cogunt,
537 1841 560 1878 J
566 1841 722 1878 udices:
764 1854 851 1879 cum
882 1841 1104 1880 Macartato
1138 1849 1266 1880 autem
1306 1841 1399 1878 nihil
1429 1841 1654 1892 loquuntur,
1688 1854 1814 1892 neque

351 1914 438 1939 cum
465 1902 715 1954 Theopompo
737 1909 844 1953 patre
872 1906 968 1951 ejus.
1026 1903 1163 1953 Neque
1191 1903 1351 1942 enimin
1368 1903 1514 1942 familia
1539 1903 1707 1954 Hagniae
1726 1911 1817 1942 sunt

349 1961 388 2000 in
409 1963 653 2002 universum:
685 1977 761 2014 qno
782 1972 898 2015 pacto
913 1964 1029 2015 igitur
1048 1964 1130 2003 istis
1151 1965 1359 2016 quicquam
1379 1964 1639 2003 mandarent?

406 2029 470 2064 14.
501 2027 559 2064 Ac
578 2027 651 2064 iste
673 2026 843 2078 quidem,
866 2028 888 2065 J
895 2026 1040 2074 udices,
1071 2028 1119 2065 ad
1141 2027 1366 2066 refutandas
1393 2027 1501 2079 leges
1520 2034 1559 2065 et
1591 2027 1814 2066 testimonia

349 2101 438 2138 quae
459 2101 529 2126 nos
551 2088 812 2136 exhibuimus,
835 2090 932 2140 justi
959 2089 1053 2127 nihil
1073 2089 1208 2128 afferre
1228 2096 1380 2141 potest:
1418 2089 1488 2128 sed
1520 2089 1744 2140 indignatur
1773 2095 1814 2128 et

348 2148 477 2200 inique
498 2163 628 2188 secum
649 2151 711 2202 agi
731 2150 895 2197 dictitat,
916 2151 979 2202 qui
999 2158 1108 2203 patre
1127 2158 1278 2189 mortuo
1298 2164 1385 2189 reus
1406 2151 1486 2190 fiat,
1543 2150 1648 2189 Illud
1667 2158 1810 2199 autem,

349 2211 371 2248 J
378 2212 525 2260 udices,
546 2226 623 2251 non
638 2213 873 2265 considerat,
893 2222 1042 2265 patrem
1058 2227 1172 2252 suum
1189 2214 1383 2252 hominem
1402 2213 1521 2252 fuisse
1540 2212 1757 2259 mortalem,
1773 2220 1813 2251 et

348 2286 436 2311 cum
465 2273 549 2311 aliis
569 2274 699 2313 multis
725 2274 882 2321 obiisse,
903 2282 941 2313 et
972 2275 1185 2313 senioribus
1216 2281 1256 2314 et
1277 2274 1511 2326 junioribus.
1568 2273 1653 2312 Etsi
1681 2281 1811 2313 autem

349 2334 625 2387 Theopompus
656 2336 764 2381 obiit,
786 2337 892 2387 leges
918 2349 995 2375 non
1023 2337 1216 2384 obierunt,
1237 2349 1362 2387 neque
1385 2336 1450 2387 jus
1480 2335 1586 2382 obiit,
1605 2348 1733 2386 neque
1746 2336 1812 2387 ju·

349 2396 456 2434 dices
475 2397 755 2448 pronunciandi
775 2399 1001 2437 auctoritate
1022 2398 1185 2450 praediti.
1241 2398 1381 2450 Agitur
1401 2405 1529 2436 autem
1556 2397 1596 2435 in
1614 2397 1689 2436 hoe
1703 2398 1810 2449 judi-

344 2457 405 2495 cio
424 2464 463 2495 et
481 2458 520 2495 in
538 2458 610 2496 hac
628 2458 927 2511 disceptatione,
946 2472 1027 2497 non
1048 2466 1132 2497 uter
1152 2458 1254 2510 prior
1274 2467 1342 2497 aut
1363 2459 1552 2511 posterior
1566 2459 1716 2506 obierit,
1739 2460 1808 2498 sed

346 2526 477 2557 utrum
491 2521 697 2559 conveniat
710 2535 833 2560 necne
851 2522 995 2574 expelli
1014 2536 1062 2560 ex
1078 2522 1194 2561 domo
1216 2522 1425 2573 Hagniana
1442 2522 1651 2574 patrueles,
1680 2530 1719 2560 et
1739 2536 1808 2574 pa-

347 2581 528 2619 truelium
546 2582 687 2621 liberos
714 2583 895 2635 Hagniae,
917 2585 965 2622 ab
986 2584 1030 2622 iis
1050 2584 1116 2635 qui
1136 2592 1227 2623 sunt
1245 2598 1267 2623 e
1289 2585 1418 2624 Stratii
1438 2585 1596 2632 familia,
1616 2592 1654 2623 et
1673 2585 1708 2623 ei
1727 2598 1805 2623 non

345 2643 400 2681 ita
418 2644 630 2696 conjuncti,
650 2652 692 2683 ut
712 2645 877 2696 Hagniae
897 2646 1163 2685 haereditatem
1181 2646 1286 2685 adire
1305 2647 1470 2699 possint,
1491 2647 1561 2686 sed
1586 2660 1727 2698 genere
1747 2661 1808 2687 re,-

347 2706 542 2744 motiores.
601 2705 663 2744 De
684 2707 758 2745 hoc
775 2707 892 2758 igitur
910 2709 1172 2746 controversia
1190 2715 1262 2746 est.
1435 2747 1439 2750 ,

404 2768 466 2804 15.
498 2767 577 2806 Sed
592 2774 631 2806 et
650 2781 696 2806 ex
718 2768 791 2807 hae
812 2769 897 2820 lege
918 2769 1058 2808 certius
1077 2770 1192 2808 etiarn
1213 2770 1472 2821 cognoscetis,
1488 2770 1511 2808 J
1517 2770 1665 2817 udices,
1684 2785 1807 2822 quan-

327 2835 426 2865 tum
449 2828 569 2866 Solon
589 2829 786 2881 legislator
806 2831 977 2869 studium
1007 2831 1149 2870 habeat
1168 2831 1488 2876 domesticorum
1518 2845 1643 2884 neque
1671 2833 1808 2873 relicta

345 2889 538 2929 duntaxat
556 2892 611 2930 eis
631 2893 734 2932 bona
754 2892 834 2940 det,
856 2894 926 2933 sed
941 2894 1056 2933 etiam
1076 2893 1245 2933 difficili-a
1263 2907 1429 2946 quaeque
1444 2895 1624 2946 cognatis
1635 2895 1804 2935 mandet.

345 2951 484 2990 Recita
505 2952 642 3003 legem.
