1998 3306
377 219 454 255 572
485 218 773 256 ADVERSUS
806 219 1221 261 NAUSIMACHUM
1254 219 1324 257 ET
1354 218 1738 258 XENOPITHEM.

1046 415 1163 453 LEX.

376 504 541 551 Auditis,
562 506 737 555 Judices,
766 508 892 559 legem
919 511 1121 561 perspicue
1146 510 1341 549 dicentem
1374 509 1529 561 singula
1553 522 1716 561 quorum
1737 509 1840 548 actio

376 578 453 604 non
475 567 600 614 detur,
624 569 723 608 inter
744 584 830 621 quae
851 571 946 609 illud
966 572 1082 610 etiam
1101 580 1172 619 est,
1196 586 1307 623 aeque
1327 580 1453 610 ratum
1476 585 1520 611 ac
1542 578 1699 617 caetera,
1733 583 1796 622 qu
1811 570 1842 608 i—

374 628 468 666 bus
513 630 569 669 de
596 633 760 675 rebus
799 633 1031 685 aliquem
1074 634 1289 672 missum
1319 634 1527 673 feceris
1556 641 1605 672 et
1633 641 1838 672 transe-
1890 652 1895 665 x

373 703 433 741 ge
452 691 539 738 ris,
584 694 753 731 nonsli
772 708 896 733 cere
942 695 1203 747 litigare?
1255 696 1356 733 Cum
1397 696 1515 747 igitur
1548 695 1603 734 sic
1639 701 1680 734 et
1708 707 1838 733 coram

371 752 504 791 multis
531 757 691 793 testibus
718 757 928 795 transactio
959 757 1062 795 facta
1083 757 1145 803 sit,
1173 764 1213 795 et
1239 765 1370 809 aperte
1398 770 1470 796 nos
1501 757 1563 796 lex
1584 756 1776 803 absolvat,
1791 767 1844 794 eo

372 812 623 864 impudenti-02
652 818 842 868 progressi
873 819 934 856 isti
967 826 1057 857 sunt
1082 826 1120 857 et
1138 819 1328 866 audaciae,
1353 827 1397 857 ut
1415 818 1706 870 quatuordecim
1727 817 1839 856 annis

372 883 591 926 postquam
616 887 764 929 patrem
795 893 924 919 meum
958 881 1117 919 missum
1150 882 1338 927 fecerunt,
1358 881 1509 919 duobus
1537 887 1575 918 et
1594 879 1730 931 viginti
1751 886 1840 931 post

369 936 476 975 litem
496 946 655 987 motam,
677 955 766 980 cum
793 950 924 980 noster
951 956 1090 994 parens
1120 942 1257 981 eodem
1284 955 1362 993 quo
1381 955 1471 980 cum
1492 941 1574 980 istis
1597 946 1839 991 transegerat

371 1011 473 1036 anno
494 1002 543 1038 sit
562 1008 751 1049 mortuus,
772 1011 811 1041 et
841 1010 987 1042 tutores
1009 1005 1074 1054 qui
1104 1012 1193 1055 post
1221 1004 1324 1042 illius
1351 1004 1496 1042 obitum
1518 1010 1650 1041 nostra
1669 1004 1775 1040 bona
1801 1002 1840 1039 in

372 1072 441 1097 sua
461 1068 652 1111 potestate
680 1064 916 1112 habuerunt,
936 1072 976 1104 et
1003 1073 1128 1104 mater
1157 1066 1327 1117 ipsorum
1361 1065 1451 1104 item
1479 1064 1615 1103 obierit
1639 1077 1727 1115 quae
1752 1063 1839 1102 haec

371 1123 501 1160 omnia
530 1132 657 1171 norat,
691 1133 731 1164 et
760 1126 890 1165 arbitri
922 1134 962 1165 et
988 1134 1108 1166 testes
1137 1127 1312 1179 plerique
1339 1139 1488 1173 omnes,
1518 1133 1690 1165 nostram
1716 1125 1838 1176 impe-

368 1182 492 1221 ritiam
525 1193 564 1223 et
596 1176 856 1227 necessariam
890 1202 1017 1227 rerum
1049 1197 1222 1227 actarum
1259 1188 1543 1240 ignorationem
1584 1187 1655 1225 sibi
1692 1199 1836 1238 magno

368 1244 534 1283 suturam
583 1249 789 1287 commodo
821 1249 1096 1296 existimantes,
1124 1249 1270 1302 judicia
1313 1248 1424 1287 nobis
1456 1248 1541 1286 haec
1573 1248 1766 1294 dictarint‚
1799 1254 1839 1286 et

367 1306 579 1344 orationem
601 1322 726 1359 neque
740 1309 885 1361 justam
906 1324 1032 1361 neque
1049 1324 1204 1362 aequam
1225 1309 1360 1348 afferre
1381 1309 1563 1348 audeant.

420 1368 457 1404 2.
490 1368 638 1407 Dicunt
653 1383 693 1408 se
709 1384 788 1409 non
810 1371 1030 1410 vendidisse
1049 1372 1321 1424 patrimonium
1342 1384 1388 1409 ea
1408 1370 1573 1422 pecunia
1590 1383 1706 1421 quam
1727 1383 1834 1409 acce-

364 1427 503 1477 perint,
524 1443 650 1481 neque
682 1432 844 1470 cessisse
877 1433 1000 1479 bonis,
1038 1434 1120 1479 sed,
1154 1446 1395 1484 quaecunque
1428 1432 1500 1470 sibi
1530 1431 1665 1470 relicta
1694 1431 1838 1471 fuerint

364 1488 495 1527 debita
513 1505 684 1541 vasaque
705 1501 745 1531 et
774 1495 940 1543 pecunia
959 1496 1142 1544 denique,
1162 1508 1208 1531 ea
1234 1508 1305 1531 sua
1324 1494 1428 1531 fieri:
1459 1506 1534 1543 ego
1554 1506 1644 1532 vero
1673 1506 1735 1531 me
1767 1506 1836 1532 au-

365 1550 467 1588 disse
489 1553 657 1600 memini,
679 1554 937 1606 Xenopithem
958 1562 997 1593 et
1017 1555 1284 1594 Nausicratem
1306 1568 1396 1593 suas
1415 1553 1672 1606 opesomnes
1699 1555 1738 1593 in
1757 1569 1835 1594 aere

363 1612 488 1652 alieno
507 1614 708 1667 reliquisse
729 1624 768 1654 et
787 1617 1007 1668 possedisse
1027 1618 1253 1656 manifestas
1271 1629 1458 1668 perquam
1478 1616 1654 1667 exiguas,
1675 1616 1834 1656 redacto

365 1682 496 1713 autem
527 1690 603 1714 aere
631 1678 758 1716 alieno
793 1686 830 1716 et
856 1679 960 1717 vasis
993 1680 1225 1730 quibusdam
1255 1678 1437 1724 venditis,
1466 1678 1669 1731 mancipiis
1702 1679 1832 1725 etiam,

363 1736 514 1786 praedia
537 1744 577 1776 et
603 1739 709 1778 aedes
730 1740 888 1779 mercati
915 1747 1005 1779 sunt
1032 1748 1195 1788 tutores,
1215 1754 1303 1791 quae
1324 1740 1384 1778 isti
1413 1746 1655 1792 receperunt.
1713 1741 1831 1785 Quod

365 1796 395 1834 si
417 1799 525 1837 nulla
544 1800 680 1839 fuisset
700 1801 806 1854 prius
826 1802 900 1840 iilis
921 1802 969 1841 de
991 1805 1105 1842 rebus
1133 1802 1408 1847 controversia,
1428 1815 1555 1852 neque
1576 1802 1687 1840 malae
1709 1803 1833 1841 admi-

362 1859 600 1900 nistrationis
619 1863 657 1901 in
671 1864 822 1915 judicio
843 1865 1100 1916 disceptatum
1121 1872 1235 1912 esset,
1256 1865 1330 1903 alia
1354 1864 1450 1903 ratio
1470 1864 1594 1903 foret:
1625 1872 1831 1917 postquam

362 1932 454 1960 vero
484 1922 545 1960 isti
574 1930 694 1963 totam
724 1926 887 1964 tutelam
907 1935 1141 1967 accusarunt
1160 1927 1301 1978 dieque
1331 1926 1436 1964 dicta
1455 1926 1662 1978 pecuniam
1690 1940 1831 1978 exege-

362 1989 468 2030 runt,
487 1997 532 2023 ea
547 1987 677 2025 omnia
697 1994 777 2025 tum
799 1995 994 2026 transacta
1013 1996 1114 2027 sunt.
1157 1989 1295 2039 Neque
1324 1987 1426 2026 enim
1446 1987 1509 2025 isti
1525 1987 1673 2026 scilicet
1692 1987 1741 2026 de
1761 2001 1831 2027 no·

361 2043 466 2083 mine
497 2048 630 2085 tutelae
659 2055 740 2087 tum
770 2050 953 2100 agebant,
973 2051 1041 2089 sed
1069 2051 1117 2089 de
1148 2050 1328 2102 pecunia,
1348 2063 1476 2100 neque
1500 2049 1555 2087 illi
1586 2063 1728 2089 nomen
1753 2050 1829 2089 hoc

361 2107 545 2146 emebant
563 2110 743 2160 pecunia,
764 2125 880 2162 quam
908 2114 1178 2158 numerabant,
1198 2112 1268 2150 sed
1286 2111 1446 2150 crimina
1464 2110 1717 2150 redimebant.
1768 2113 1828 2150 Ac

360 2166 471 2206 nulla
489 2171 647 2220 quidem
672 2173 752 2210 istis
778 2177 859 2220 ejus
889 2174 975 2211 aeris
1002 2174 1130 2218 alieni,
1153 2173 1259 2224 quod
1287 2180 1378 2211 ante
1399 2173 1699 2210 transactionem
1719 2172 1830 2212 rede-

359 2237 470 2279 gerat
486 2240 595 2282 pater
611 2242 678 2272 aut
696 2236 778 2286 ejus
798 2235 966 2287 denique
985 2235 1161 2287 pecuniae
1181 2248 1297 2286 quam
1319 2248 1339 2273 e
1358 2234 1484 2273 tutela
1503 2243 1722 2286 acceperat,
1744 2235 1827 2274 dari

359 2290 475 2330 licere
501 2302 638 2333 contra
660 2309 731 2334 nos
759 2297 952 2335 actionem
979 2310 1021 2335 re
1053 2304 1263 2342 transacta,
1286 2310 1334 2335 ex
1350 2297 1442 2348 ipsis
1471 2297 1620 2347 legibus
1640 2305 1680 2336 et
1701 2305 1827 2337 trans·

359 2352 511 2392 actione
533 2357 626 2394 satis
647 2370 714 2396 vos
736 2371 868 2397 omnes
899 2359 1127 2409 cognovisse
1154 2359 1328 2397 arbitror.
1385 2358 1475 2397 Jam
1503 2371 1581 2397 non
1600 2371 1717 2410 posse
1745 2360 1827 2399 fieri

357 2420 402 2451 ut
421 2427 467 2453 ea
485 2418 650 2467 pecunia
670 2419 857 2471 deinceps
877 2428 1034 2472 recepta
1057 2417 1236 2458 sit—hoc
1266 2420 1369 2458 enim
1400 2420 1463 2458 isti
1485 2420 1653 2471 fingunt,
1674 2420 1822 2473 decipi-

359 2476 450 2513 endi
469 2479 661 2527 gratia—,
682 2480 719 2518 id
740 2481 956 2520 ostendam.

412 2538 449 2575 3.
480 2538 634 2578 Patrem
664 2542 765 2580 enim
793 2557 840 2581 ne
860 2543 1052 2582 criminari
1073 2543 1227 2594 quidem
1248 2543 1379 2582 ausint
1396 2556 1481 2582 eam
1501 2544 1713 2596 accepisse,
1733 2558 1822 2584 nam

358 2598 481 2638 tribus
503 2610 712 2651 quatuorve
735 2606 931 2643 mensibus
952 2612 1041 2657 post
1066 2618 1183 2656 quam
1204 2618 1292 2642 cum
1322 2606 1404 2644 istis
1431 2612 1673 2656 transegerat
1699 2607 1792 2646 obiit
1811 2621 1819 2646 :

358 2672 486 2712 neque
507 2676 597 2701 vero
613 2664 865 2703 Demaretum
888 2667 1061 2705 relictum
1081 2667 1192 2705 nobis
1213 2674 1380 2705 tutorem
1401 2666 1574 2718 accipere
1594 2668 1822 2718 potuisse—.-

358 2735 447 2760 nam
468 2731 506 2762 et
521 2725 626 2764 hunc
645 2727 682 2764 in
703 2729 950 2767 accusatione
970 2736 1247 2780 posuerunt-‚
1265 2729 1304 2766 id
1323 2742 1477 2780 quoque
1497 2730 1711 2769 ostendam.
1757 2734 1822 2772 Ac

358 2785 512 2823 maximi
540 2788 695 2838 quidem
722 2790 833 2827 nobis
853 2790 892 2826 hi
919 2790 990 2842 ipsi
1015 2798 1135 2829 testes
1165 2799 1269 2830 sunt.
1328 2791 1531 2842 Nusquam
1551 2791 1653 2829 enim
1674 2805 1742 2831 eos
1769 2794 1823 2837 vj·

312 2872 316 2877 .
359 2846 459 2884 venti
481 2848 691 2889 Demareto
710 2852 874 2890 movisse
899 2852 1002 2891 litem
1025 2854 1247 2904 apparebit:
1279 2853 1350 2891 sed
1371 2861 1515 2898 tamen,
1537 2853 1568 2891 si
1589 2854 1674 2905 quis
1694 2855 1817 2906 ipsam

353 2908 470 2946 etiam
492 2923 570 2949 rem
591 2919 741 2963 spectet
760 2921 800 2952 et
827 2914 1064 2958 consideret,
1086 2909 1233 2954 v'idebit
1252 2914 1358 2955 illum
1379 2928 1465 2967 eam
1484 2928 1562 2954 non
1595 2916 1712 2955 modo
1742 2931 1818 2956 non

354 2971 568 3022 accepisse,
595 2975 665 3012 sed
699 2988 770 3014 nec
800 2975 974 3027 accipere
1007 2976 1191 3027 potuisse.
1250 2976 1350 3014 Nam
1376 2990 1464 3016 cum
1494 2977 1620 3029 ipsum
1645 2978 1816 3019 debitum
