1948 3306
324 171 376 207 42
640 167 714 207 DE
744 165 895 207 MALE
923 160 1100 206 GESTA
1131 163 1461 206 LEGATIONE.

326 283 453 323 psam,
475 277 514 309 et
533 270 608 310 alia
626 271 808 322 quaedam
829 271 973 324 oppida
1002 272 1185 324 cepisset,
1204 270 1494 310 Macedonibus
1522 280 1600 308 non
1627 279 1796 308 consen·-

327 334 528 382 tientibus,
547 334 615 372 sed
632 334 823 386 plerisque
843 334 1047 373 Pausaniae
1067 334 1311 377 faventibus;
1342 333 1402 371 his
1420 331 1539 383 igitur
1557 331 1799 383 temporibus

328 394 599 442 Athenienses,
621 395 855 447 Iphicratem
875 396 925 434 ad
945 395 1208 447 Amphipolim
1227 395 1377 433 misisse
1397 407 1486 433 cum
1512 393 1688 445 imperio,
1708 405 1800 431 cum

328 456 400 509 ipsi
421 456 702 508 Amphipolitae
724 459 855 496 urbem
878 464 1069 503 tenerent,
1091 465 1130 495 et
1146 457 1228 509 agri
1244 457 1393 496 fructus
1413 456 1666 509 perciperent.
1697 456 1799 493 Cum

328 519 443 569 igitur
462 518 500 556 in
528 531 574 557 ea
602 519 689 557 loca
717 520 890 557 venisset
911 519 1137 570 Iphicrates,
1159 519 1346 571 principio
1369 532 1457 557 cum
1483 517 1617 570 paucis
1638 517 1801 555 navibus

329 579 658 631 explorandarum
679 593 807 618 rerum
827 592 947 618 causa
966 580 1103 631 magis,
1121 593 1237 631 quam
1254 579 1482 619 obsidendae
1496 578 1615 623 urbis,
1631 585 1728 625 tum,
1743 578 1803 616 in·

329 654 460 692 quam,
480 654 568 680 eum
590 642 793 680 accersivit
807 647 930 679 mater
946 646 1014 678 tua
1032 647 1170 679 et—ut
1183 641 1208 678 ii
1227 642 1362 680 dicunt
1376 641 1442 693 qui
1459 640 1653 679 affuerunt
1669 651 1804 678 omnes
1835 680 1839 689 ἱ

331 703 577 742 —Perdicca
604 704 721 741 fratre
741 709 810 740 tuo
838 703 876 741 in
907 715 1046 740 manus
1081 702 1285 753 Iphicratis
1313 703 1470 750 tradito,
1498 709 1538 740 te
1568 708 1713 746 autem,
1740 699 1805 751 qui

331 778 427 816 puer
447 777 553 802 esses
573 764 716 812 adhuc,
747 764 786 801 in
812 776 938 814 genua
965 763 1068 802 illius
1098 763 1291 814 imposito,
1323 764 1431 810 dixit,
1461 763 1668 815 Amyntas,
1694 768 1807 813 pater

332 827 472 865 horum
494 839 717 877 puerorum,
739 825 831 863 dum
859 825 966 873 vixit,
985 831 1025 864 et
1044 832 1081 863 te
1102 825 1313 876 adoptavit,
1333 832 1373 863 et
1391 825 1486 863 urbe
1507 824 1806 862 Atheniensium

332 887 571 925 familiariter
596 901 689 925 usus
708 894 783 934 est,
804 887 908 925 unde
937 886 995 932 fit,
1017 895 1060 925 ut
1083 894 1122 925 et
1146 886 1324 939 privatim
1351 887 1490 925 horum
1508 898 1717 938 puerorum
1750 885 1805 926 sis

332 949 466 996 frater,
486 956 526 987 et
545 949 700 1001 publice
720 948 832 986 nobis
853 949 1013 987 amicus.
1057 948 1130 986 His
1150 948 1278 995 dictis,
1301 948 1549 987 vehementer
1575 959 1665 984 eum
1696 947 1806 984 obte-

331 1018 435 1049 stata
463 1017 538 1061 est,
569 1018 648 1048 tum
669 1024 738 1062 pro
758 1010 881 1056 vobis,
909 1017 991 1047 tum
1011 1023 1082 1061 pro
1104 1024 1160 1057 se,
1180 1017 1263 1048 tum
1292 1023 1362 1061 pro
1390 1022 1524 1060 regno,
1548 1008 1714 1058 denique
1737 1020 1808 1058 pro

332 1072 613 1111 incolumitate.
667 1072 819 1116 Quibus
859 1071 1076 1123 Iphicrates
1114 1071 1271 1119 auditis,
1303 1069 1540 1109 Pausaniam
1570 1067 1811 1107 Macedonia

335 1134 495 1185 expulit,
516 1141 555 1172 et
576 1134 682 1173 vobis
703 1134 902 1185 imperium
924 1134 1179 1174 conservavit.

393 1198 455 1234 14.
486 1196 583 1234 Post
596 1197 695 1242 haec,
711 1196 867 1235 locutus
884 1210 969 1235 sum
986 1197 1034 1235 de
1051 1195 1279 1244 Ptolemaeo,
1293 1195 1406 1247 cujus
1421 1193 1641 1233 auctoritati
1660 1205 1813 1232 summa

334 1271 463 1297 rerum
494 1258 873 1305 commissa'fuerat,
893 1271 1009 1309 quam
1038 1258 1070 1296 is
1096 1258 1248 1308 ingrate
1274 1264 1314 1295 et
1341 1257 1515 1308 improbe
1535 1268 1578 1293 se
1611 1254 1811 1306 gessisset,

336 1320 483 1358 docens
502 1320 683 1371 primum,
704 1333 791 1358 eum
812 1320 862 1358 de
888 1319 1113 1372 Amphipoli
1140 1319 1390 1357 adversatum
1409 1318 1531 1356 fuisse
1549 1324 1695 1355 nostrae
1714 1316 1813 1363 urbi,

334 1389 374 1420 et
394 1394 482 1420 cum
501 1382 707 1427 Thebanis,
730 1382 1022 1420 Atheniensium
1049 1382 1243 1428 hostibus,
1263 1381 1392 1419 foedus
1413 1381 1540 1419 icisse.
1588 1380 1646 1417 Ac
1666 1390 1812 1426 rursus,

337 1449 383 1480 ut
403 1442 612 1480 Perdiccas
634 1449 819 1493 suscepto
846 1456 978 1493 regno,
1004 1443 1054 1480 de
1079 1441 1307 1494 Amphipoli
1331 1442 1478 1480 bellum
1507 1441 1696 1493 gessisset
1721 1454 1813 1479 cum

338 1510 471 1541 nostra
484 1503 594 1550 urbe,
615 1509 653 1541 et
671 1511 854 1549 vestram,
875 1516 1098 1554 quanquam
1121 1503 1268 1554 injuriis
1288 1503 1515 1542 affectorum
1529 1503 1812 1542 humanitatem

336 1576 513 1612 narrans,
532 1566 902 1612 commemorabam,
928 1572 986 1610 ut,
1016 1564 1196 1616 quamvis
1226 1563 1422 1603 Perdicca.
1444 1564 1551 1604 bello
1579 1565 1814 1616 superiores,

339 1626 579 1664 Callisthene
609 1626 907 1664 Atheniensium
930 1627 1045 1673 duce,
1065 1624 1243 1663 inducias
1264 1632 1395 1663 tamen
1421 1638 1512 1664 cum
1532 1638 1580 1664 eo
1609 1626 1815 1674 fecissetis,

339 1688 506 1726 subinde
527 1693 744 1738 speranteS,
763 1700 833 1725 vos
862 1687 1021 1726 tandem
1048 1686 1152 1738 aequi
1179 1685 1326 1737 aliquid
1347 1686 1635 1737 impetraturos.
1673 1687 1727 1725 Et
1746 1700 1812 1726 ca-

339 1750 526 1787 lumniam
546 1749 650 1787 illam
677 1748 852 1787 refellere
873 1749 1093 1791 studebam,
1117 1748 1280 1795 docens,
1304 1747 1584 1787 Callisthenem
1614 1761 1639 1787 a
1664 1749 1813 1801 populo

339 1825 418 1849 non
438 1818 594 1861 propter
620 1810 798 1848 inducias
827 1810 948 1848 fuisse
978 1810 1226 1848 interfectum
1253 1822 1342 1848 cum
1367 1809 1561 1849 Perdicca
1579 1809 1720 1857 factas,
1741 1810 1814 1849 sed

339 1874 390 1911 ob
412 1873 508 1911 alias
529 1885 683 1911 causas,
722 1873 780 1910 Ac
801 1885 935 1910 rursus
956 1879 1093 1910 contra
1109 1884 1199 1909 eum
1215 1871 1347 1910 dicere
1366 1884 1444 1909 non
1464 1871 1705 1918 dubitabam,
1722 1871 1815 1910 Phi·

341 1935 486 1986 lippum
510 1933 731 1984 increpans,
759 1933 864 1983 quod
892 1933 984 1971 belli
1008 1939 1146 1971 contra
1170 1933 1307 1970 urbem
1335 1939 1506 1970 nostram
1531 1932 1691 1983 gerendi
1724 1946 1814 1972 suc-

342 2008 474 2034 cessor
487 1995 714 2033 exstitisset.
744 1996 876 2046 Atque
895 1995 1067 2032 omnium
1086 2007 1220 2032 eorum
1241 2007 1330 2044 quae
1345 1994 1573 2041 referebam,
1591 1999 1714 2033 testes
1728 2007 1818 2046 pro-

342 2058 513 2096 ferebam
537 2056 665 2094 literas
687 2057 786 2108 ejus,
811 2064 848 2095 et
868 2056 1084 2108 plebiscita,
1105 2062 1145 2094 et
1165 2056 1416 2094 Callisthenis
1441 2055 1633 2096 inducias.
1686 2058 1745 2096 Ac
1765 2057 1817 2096 de

342 2119 466 2171 prima
492 2119 659 2169 regionis
687 2119 789 2156 illius
815 2118 1084 2169 acquisitione,
1105 2125 1144 2156 et
1169 2117 1470 2163 novemviarum,
1493 2123 1535 2155 ut
1560 2119 1814 2170 vocabantur,

343 2188 384 2219 et
404 2181 452 2218 de
475 2180 618 2218 Thesei
636 2180 739 2227 filiis,
756 2193 920 2231 quorum
942 2180 1108 2218 Acamas
1128 2179 1211 2218 doti
1231 2180 1430 2231 accepisse
1445 2179 1608 2218 ferretur
1622 2193 1706 2219 eam
1726 2194 1818 2232 pro-

344 2243 526 2287 vinciam,
548 2243 633 2280 haec
666 2249 705 2281 et
730 2249 824 2281 tunc
857 2242 934 2280 diei
961 2242 1232 2289 conveniebat,
1262 2248 1302 2279 et
1329 2241 1436 2280 dicta
1468 2248 1560 2279 sunt
1591 2255 1707 2293 quam
1735 2242 1817 2280 fieri

344 2305 471 2356 potuit
503 2305 815 2348 accuratissime3
854 2317 961 2343 nunc
994 2311 1125 2342 autem
1153 2304 1332 2342 fortassis
1360 2316 1460 2355 opus
1492 2309 1554 2341 est
1579 2304 1698 2341 verba
1724 2317 1816 2342 con-

345 2366 443 2404 ferre
466 2365 503 2402 in
524 2365 809 2417 compendium.
849 2366 948 2409 Quae
968 2379 1058 2404 vero
1086 2365 1198 2417 signa
1225 2378 1303 2404 non
1322 2366 1361 2403 in
1381 2365 1550 2416 antiquis
1581 2365 1720 2404 fabulis
1745 2379 1816 2417 po—

346 2427 420 2465 sita
440 2433 561 2473 erant,
578 2427 649 2465 sed
669 2434 801 2465 nostra
816 2433 931 2465 aetate
952 2427 1069 2473 facta,
1086 2440 1218 2465 eorum
1239 2427 1473 2466 mentionem
1492 2427 1697 2466 faciebam.
1737 2428 1817 2466 Re-

343 2489 530 2534 ferebam,
548 2495 590 2526 ut
609 2502 820 2540 congressa
846 2489 1230 2528 Lacedaemoniorum
1263 2496 1557 2541 ceterorumque
1589 2489 1817 2528 Graecorum

345 2549 549 2598 societate,
582 2563 715 2587 eorum
745 2564 847 2589 unus
881 2551 1085 2602 Amyntas,
1111 2558 1223 2602 pater
1246 2551 1431 2603 Philippi,
1459 2551 1578 2589 misso
1608 2564 1818 2599 assessore,

346 2612 485 2663 suique
506 2611 681 2663 suffragii
694 2612 782 2664 jure
811 2613 1013 2665 praeditus,
1034 2613 1285 2658 decrevisset,
1311 2612 1572 2665 Amphipolim
1603 2612 1818 2652 Athenien-

347 2674 447 2712 sium
467 2675 614 2718 urbem,
633 2687 717 2712 esse
738 2674 1045 2713 Atheniensibus
1064 2674 1300 2725 reliquorum
1326 2675 1558 2713 Graecorum
1581 2674 1732 2713 auxiliis
1751 2688 1818 2713 ex-

347 2737 616 2789 pugnandam,
636 2742 677 2775 et
695 2736 992 2775 restituendam.
1042 2737 1092 2775 Et
1110 2736 1185 2775 hoc
1205 2749 1412 2775 commune
1431 2735 1666 2774 Graecorum
1683 2736 1820 2790 decre-

348 2807 446 2846 tum,
466 2806 611 2851 eosque
638 2800 703 2850 qui
724 2800 1005 2845 decrevissent,
1026 2813 1048 2838 e
1074 2799 1237 2852 publicis
1270 2797 1529 2837 monumentis
1559 2804 1702 2837 testata
1727 2811 1819 2850 pro-

349 2861 536 2900 ferebam.
582 2861 674 2900 Jam
706 2862 848 2912 quibus
869 2863 987 2901 rebus
1007 2862 1214 2914 Amyntas,
1246 2867 1337 2899 tuus
1364 2866 1488 2912 pater,
1507 2873 1638 2898 coram
1667 2859 1819 2899 Graecis

350 2922 532 2961 omnibus
552 2923 688 2970 cessit,
712 2936 791 2963 non
815 2923 989 2963 oratione
1021 2923 1227 2970 duntaxat,
1254 2921 1324 2962 sed
1354 2921 1469 2962 etiam
1502 2920 1704 2972 suffragio,
1736 2934 1818 2971 eas,
