1915 3356
530 198 778 238 EXORDIA
806 197 1158 237 CONCIONUM.
1495 194 1572 232 823

125 315 264 348 essem,
279 314 346 340 vos
363 302 528 340 dicendo
546 315 624 340 non
643 315 731 341 esse
751 299 1026 340 obtundendos
1039 306 1238 350 putarem:
1262 298 1345 350 jam
1362 295 1471 335 utilia
1488 296 1573 348 qui·
1607 298 1611 302 '

125 364 214 402 dem
245 363 392 409 auditu,
424 363 493 402 sed
521 377 544 402 a
563 363 669 414 vulgi
704 359 992 413 exspectatione
1030 372 1187 411 prorsus
1226 358 1483 408 abhorrentia,
1513 368 1576 396 me

123 424 291 463 dicenda
320 424 465 463 habere
496 431 604 476 puto.
681 424 763 461 Res
797 428 926 460 autern
952 420 1086 472 paucis
1122 420 1364 471 expedietur.
1430 418 1580 458 Audita

95 516 97 530 ς
124 485 241 538 igitur
259 499 305 525 ea
322 495 363 526 et
377 486 601 539 dijudicata,
621 485 652 524 si
670 484 778 523 vobis
797 483 998 536 plaucerit‚
1016 482 1179 520 utimini.
1237 481 1287 518 Et
1308 482 1437 527 breve,
1456 481 1578 520 Athe·

124 547 292 594 nienses,
324 555 364 587 et
392 561 547 599 aequum
576 559 726 585 sumam
757 545 942 584 orationis
973 544 1191 590 exordium,
1212 555 1338 594 neque
1367 542 1496 580 omnia
1520 542 1577 580 di-

125 621 224 648 cam.
293 609 386 662 Ejus
419 609 520 648 enim
548 609 705 660 quivos
737 607 922 659 deceptos
943 606 1036 645 velit
1070 618 1156 644 esse
1190 611 1298 656 put0,
1331 603 1578 643 considerare

124 683 202 722 quo
234 677 349 722 pacto
373 684 442 709 vos
473 670 668 709 auditores
688 670 831 710 alliciat
860 677 900 708 et
924 668 1070 720 negotii
1095 667 1363 706 difficultatem
1382 671 1579 717 contegat,

123 732 208 782 ejus
226 745 315 770 vero
341 732 407 783 qui
432 732 471 770 in
499 732 670 770 animum
695 732 891 770 induxerit
910 732 1014 770 bona
1043 730 1120 768 fide
1143 729 1345 767 vobiscum
1370 740 1484 780 agere
1502 727 1581 766 hoc

125 805 224 839 esse,
242 794 407 845 primum
425 799 469 832 ut
494 793 611 840 dicat,
633 794 819 846 quidnam
838 806 927 832 cum
952 793 1029 831 huc
1053 790 1229 844 prodiret
1259 789 1444 829 senserit:
1473 796 1528 837 ut,
1546 789 1582 828 si

125 866 171 893 eo
190 855 323 894 audito
342 862 431 908 post
449 856 634 908 reliquam
653 856 736 908 ejus
757 855 988 894 sententiam
1013 853 1146 893 audire
1165 853 1305 899 velitis,
1324 860 1364 890 et
1383 852 1525 891 doceat
1541 858 1582 890 et

125 923 295 968 exponat
312 929 359 956 ea
373 930 460 968 quae
474 917 619 969 optima
636 917 707 969 ipsi
726 917 809 956 visa
828 917 985 963 fuerint,
1002 916 1061 954 sin
1079 915 1314 968 improbetis,
1328 920 1374 952 ut
1392 913 1581 965 quiescat,

125 990 254 1028 neque
290 977 353 1016 vel
385 978 496 1017 vobis
530 978 580 1018 sit
616 978 801 1018 molestus
831 978 895 1017 vel
922 977 1169 1030 semetipsum
1201 977 1344 1015 frustra
1380 975 1580 1026 defatiget.

127 1038 299 1077 Primum
330 1046 458 1078 autem
482 1040 558 1079 hoc
584 1041 685 1079 dico.
743 1040 846 1078 Mihi
867 1040 1180 1092 Mitylenaeorum
1208 1038 1352 1090 populo
1372 1037 1476 1076 facta
1494 1048 1583 1076 esse

127 1099 279 1138 videtur
308 1100 458 1152 injuria,
478 1102 669 1154 vestrique
695 1115 782 1140 esse
808 1101 920 1140 officii
948 1094 993 1138 ut
1015 1113 1085 1139 vos
1114 1112 1247 1139 eorum
1270 1099 1394 1138 vicem
1417 1097 1582 1136 ulcisca-

127 1163 219 1201 mini
235 1177 245 1202 :
273 1164 378 1215 quod
395 1177 472 1215 quo
490 1171 607 1216 pacto
625 1164 709 1203 fieri
729 1164 883 1209 debeat,
903 1164 1032 1202 dicere
1051 1162 1143 1201 mihi
1164 1175 1279 1213 posse
1299 1161 1444 1206 videor,
1457 1160 1524 1198 ubi
1543 1166 1581 1199 et

127 1223 288 1264 affectos
303 1238 370 1265 eos
387 1238 473 1265 esse
487 1226 639 1278 injuria,
657 1233 698 1265 et
712 1226 852 1265 decere
866 1239 935 1264 vos
950 1231 994 1263 ut
1007 1238 1092 1264 eam
1105 1223 1322 1270 vindicetis,
1334 1222 1557 1262 ostendero.

760 1344 954 1385 XXXVI.

182 1423 352 1462 Primum
370 1437 450 1463 non
468 1424 567 1463 adeo
580 1424 718 1463 mirum
735 1430 808 1469 est,
829 1422 1106 1472 Athenienses,
1121 1420 1322 1460 consilium
1342 1417 1490 1457 daturis
1508 1430 1587 1457 non

128 1497 215 1523 esse
236 1485 349 1524 facile
379 1485 498 1525 verba
525 1485 670 1524 facere.
741 1485 840 1524 Cum
870 1484 972 1523 enim
997 1483 1155 1534 negotia
1185 1482 1233 1520 de
1263 1480 1403 1533 quibus
1442 1479 1588 1519 delibe-

127 1546 291 1585 randum
316 1553 377 1586 est
403 1547 505 1586 male
536 1560 578 1584 se
606 1542 932 1593 habent‚'arduas
959 1557 1044 1582 esse
1076 1555 1234 1581 necesse
1267 1548 1327 1580 est
1354 1541 1471 1580 etiam
1500 1553 1587 1580 sus-

128 1614 261 1659 ceptas
283 1607 332 1646 de
352 1608 425 1647 illis
451 1607 666 1647 suasiones,
725 1606 842 1651 Quod
868 1605 899 1644 si
925 1618 971 1642 ea
993 1610 1200 1656 propterea
1217 1603 1323 1654 quod
1349 1603 1480 1641 audire
1506 1615 1587 1640 non

128 1669 243 1708 vultis
261 1670 420 1709 meliora
439 1670 520 1708 fore
540 1683 629 1721 spes
649 1677 722 1716 est,
748 1669 823 1708 hoc
845 1668 907 1720 agi
927 1667 1066 1705 decet:
1097 1666 1155 1704 sin
1186 1666 1258 1704 isto
1282 1672 1400 1718 pacto
1419 1672 1463 1704 ut
1481 1665 1589 1704 dete·

129 1730 230 1768 riora
247 1731 388 1778 omnia,
408 1732 463 1770 sic
481 1732 618 1770 melius
649 1731 743 1769 nihil
769 1732 848 1778 fiet,
868 1743 1051 1782 quorsum
1072 1729 1223 1776 attinet,
1242 1737 1285 1767 ut
1312 1743 1359 1768 ea
1386 1728 1591 1768 deterrima

128 1794 225 1832 fiant
238 1795 456 1841 admittere,
479 1808 525 1834 ac
544 1802 627 1834 tum
657 1803 696 1834 et
714 1801 804 1847 post
820 1795 974 1846 longius
999 1802 1152 1846 tempus
1182 1800 1223 1832 et
1250 1794 1444 1833 difficilius
1467 1793 1516 1832 de
1535 1793 1591 1832 eis

129 1857 378 1896 restituendis
399 1858 589 1906 laborare,
609 1872 698 1896 cum
725 1858 859 1896 liceret
883 1858 959 1896 hoc
982 1863 1087 1895 statu
1106 1856 1315 1895 etiamnum
1335 1869 1383 1895 ea
1401 1856 1591 1907 corrigere

129 1925 168 1958 et
187 1919 348 1958 reddere
365 1919 555 1958 meliora?
584 1919 682 1967 Vos,
703 1919 795 1958 dum
814 1919 869 1958 ita
886 1919 1086 1957 vobiscum
1106 1918 1245 1970 agitur,
1272 1931 1360 1957 esse
1378 1916 1590 1956 iracundos

129 1987 436 2019 consentaneum
468 1987 555 2019 est:
584 1981 697 2020 irasci
729 1987 859 2020 autem
893 1993 971 2019 non
1002 1980 1175 2019 sontibus
1195 1979 1265 2018 sed
1286 1980 1436 2030 absque
1456 1977 1604 2017 discri-,

129 2043 235 2081 mine
265 2043 458 2089 omnibus,
489 2043 528 2082 id
559 2056 649 2082 vero
685 2056 814 2095 neque
842 2049 1144 2081 consentaneum
1175 2054 1304 2093 neque
1336 2048 1484 2079 rectum
1517 2047 1592 2079 est.

132 2104 210 2148 Qui
240 2105 342 2143 enim
376 2105 656 2156 praeteritarum
682 2117 810 2143 rerum
843 2117 963 2143 causa
990 2117 1069 2142 non
1092 2104 1265 2149 fuerunt,
1297 2110 1337 2142 et
1367 2116 1445 2154 quo
1473 2109 1592 2154 pacto

130 2165 278 2216 reliqua
296 2166 543 2206 emendanda
575 2167 653 2205 sint
686 2166 816 2206 dicere
840 2173 1023 2218 possunt,
1052 2166 1176 2218 gratia
1194 2172 1324 2205 vestra
1352 2172 1444 2204 sunt
1463 2165 1591 2217 potius

132 2240 248 2279 quam
266 2228 356 2266 odio
373 2228 504 2280 digni:
533 2242 646 2279 quos,
663 2228 695 2267 si
713 2229 931 2281 importune
951 2228 1170 2280 rejeceritis,
1190 2241 1329 2280 segnes
1359 2227 1410 2266 ad
1430 2241 1592 2279 surgen-

129 2289 224 2327 dum
243 2289 427 2328 reddetis.
475 2291 707 2341 Quanquam
726 2281 857 2330 autem
872 2303 949 2328 non
968 2291 1117 2341 ignoro,
1135 2304 1240 2342 saepe
1261 2303 1340 2328 non
1355 2289 1593 2337 auctoribus,

132 2350 201 2389 sed
220 2351 278 2389 his
297 2351 364 2403 qui
382 2351 490 2391 iratis
508 2351 776 2398 adversantur,
797 2352 887 2391 mali
902 2352 1096 2404 quippiam
1115 2352 1289 2391 accidere
1305 2351 1442 2397 solere,
1462 2358 1593 2389 tamen

132 2411 182 2451 ad
215 2413 386 2452 dandum
417 2413 620 2453 consilium
649 2415 806 2453 surrexi.
875 2414 1042 2453 Confido
1073 2415 1187 2461 enim,
1218 2414 1493 2459 Athenienses,
1531 2425 1593 2452 me

133 2474 274 2514 nullius
294 2476 387 2515 mali
414 2489 574 2516 causam
592 2483 786 2529 repertum
803 2477 863 2523 iri,
884 2484 923 2516 et
941 2476 1100 2516 meliora
1119 2477 1229 2516 vobis
1256 2489 1372 2529 quam
1392 2476 1487 2514 alios
1505 2487 1592 2514 sua-

133 2536 226 2577 dere
245 2551 377 2590 posse.

755 2625 968 2664 XXXVII.

190 2701 249 2741 Ea
266 2715 354 2755 quae
374 2704 611 2751 acciderunt,
635 2704 908 2751 Athenienses,
928 2704 1022 2743 talia
1048 2711 1152 2750 sunt,
1179 2703 1311 2756 qualia
1330 2714 1463 2741 omnes
1484 2700 1595 2741 audi-

136 2762 257 2802 vistis.
313 2765 452 2816 Neque
475 2779 567 2805 vero
586 2779 656 2805 vos
675 2767 931 2806 consternatis
959 2766 1096 2804 animis
1129 2778 1216 2804 esse
1235 2765 1363 2811 decet,
1382 2765 1596 2815 praesertim

138 2837 226 2864 oum
247 2827 375 2866 sciatis
394 2827 704 2881 desperationem
730 2842 858 2880 neque
889 2829 1005 2867 rebus
1031 2828 1125 2880 ipsis
1152 2826 1400 2867 commodare
1426 2833 1467 2865 et
1484 2826 1596 2864 vobis

141 2898 228 2924 esse
257 2886 479 2939 indignam:
510 2890 580 2929 sed
600 2890 709 2929 vobis
739 2891 834 2943 ipsis
863 2903 910 2928 ea
938 2889 1168 2941 corrigenda
1187 2895 1337 2941 putare,
1355 2887 1395 2926 id
1414 2895 1454 2927 et
1479 2887 1596 2926 officii

142 2960 229 2987 esse
247 2951 363 2989 vestri
381 2958 422 2990 et
439 2958 564 2992 vestra
579 2952 741 3005 dignum
770 2952 1001 2992 auctoritate
1019 2952 1223 2991 videbitur.
1262 2950 1455 2991 Convenit
1468 2956 1596 2990 autem
