1948 3306
352 169 432 219 684
740 167 1028 213 ADVERSUS
1058 167 1413 211 TIMOTHEUM.

409 273 445 309 8.
479 271 604 310 Etiam
625 273 861 323 argumentis
883 273 1022 310 docere
1042 283 1110 309 vos
1131 270 1301 309 conabor
1320 282 1367 307 ea
1383 283 1472 321 quae
1491 269 1579 313 dico
1600 281 1689 314 vera
1715 281 1814 314 esse.

353 332 505 382 Futatis
524 334 639 380 enim,
666 334 841 383 Judices,
871 342 1019 386 patrem
1040 347 1183 378 meum,
1213 332 1282 371 nisi
1302 331 1495 377 Timothei
1514 332 1678 375 fuissent
1696 331 1816 383 ligna,

351 401 390 444 et
416 394 490 438 iste
519 408 607 443 eum
628 403 817 447 rog-asset,
838 396 1110 442 commendato
1143 394 1349 441 Philonda,
1377 407 1466 439 cum
1489 394 1537 438 ad
1568 394 1688 438 duces
1714 393 1817 444 regis

352 455 534 523 solveret,
555 457 771 496 soluturum
801 458 921 495 fuisse
955 457 1125 502 naulum,
1145 464 1213 494 aut
1232 456 1506 507 permissurum
1525 468 1711 506 unquam,
1728 468 1817 493 cum

353 516 387 567 ei
406 530 474 569 pro
490 519 606 557 naulo
627 519 735 570 ligna
753 519 1011 570 oppignerata
1030 524 1178 565 essent,
1205 525 1247 556 ut
1268 531 1314 556 ea
1342 516 1554 557 Philondas
1574 530 1594 554 e
1614 522 1728 573 portu
1757 529 1817 560 as·

351 585 536 637 portaret,
557 593 601 618 ac
623 593 699 618 non
719 581 845 632 potius
866 593 1018 623 servum
1040 579 1207 629 aliquem
1226 579 1486 618 adhibiturum
1506 577 1571 629 qui
1594 570 1820 622 custodiret,

348 646 393 687 et
412 642 573 692 pretium
600 642 788 693 reciperet
814 642 1057 681 venditorum
1079 642 1287 692 lignorum,
1316 641 1441 684 donec:
1473 641 1546 679 sibi
1578 640 1820 684 satisfactum

352 709 470 753 esset,
486 703 524 740 si
555 702 757 742 Philondae
789 704 969 749 fuissent,
991 711 1029 742 et
1059 715 1176 742 causa
1206 702 1478 753 negotiationis
1497 700 1691 741 advecta?
1731 701 1820 741 Jam

352 762 414 801 cui
434 771 604 803 vestrum
625 765 829 803 verisimile
850 766 904 811 fit,
934 765 1007 803 nisi
1030 764 1216 816 jussisset
1242 763 1311 802 iste
1344 764 1491 809 solvere
1518 763 1676 806 naulum
1694 763 1821 813 ligno-

353 837 436 861 rum
457 838 545 875 quae
572 826 620 863 ab
650 827 825 878 Amynta
843 826 877 864 ei
906 826 1000 865 data
1019 826 1186 871 fuerant,
1208 824 1442 863 crediturum
1465 824 1584 870 fuisse
1603 817 1823 869 Philondae,

352 891 390 923 et
418 898 624 937 passurum
658 894 699 925 ut
717 901 736 925 e
763 894 875 939 portu
903 887 941 925 in
972 887 1078 926 aedes
1112 887 1223 929 istius
1253 887 1317 924 illa
1335 886 1522 924 veheret?
1551 892 1620 925 aut
1644 886 1711 937 qui
1740 884 1823 929 fieri

352 953 485 998 potest
504 955 547 985 ut
565 947 778 986 Philondas
798 949 1074 1000 negotiationis
1092 962 1212 987 causa
1230 948 1335 999 ligna
1356 947 1514 994 vexerit,
1533 954 1578 985 ut
1597 947 1668 986 iste
1684 946 1823 998 inquit,

353 1019 441 1048 cum
460 1008 542 1059 ipse
562 1023 739 1048 reversus
758 1010 833 1049 illis
851 1011 967 1063 lignis
996 1011 1046 1049 ad
1067 1024 1177 1054 suam
1197 1010 1493 1053 aedificationem
1509 1009 1624 1053 fuerit
1651 1007 1826 1050 abusus?

355 1068 457 1107 Illud
477 1071 591 1109 etiam
612 1072 870 1118 considerate,
893 1073 1038 1111 multos
1059 1073 1161 1111 cives
1189 1079 1229 1110 et
1252 1073 1374 1110 bonos
1394 1071 1494 1110 viros
1526 1070 1589 1115 isti
1618 1069 1824 1108 familiares

354 1130 438 1182 ejus
472 1133 631 1183 negotia
660 1146 830 1181 curasse,
862 1136 1025 1173 absente
1063 1133 1169 1185 apud
1204 1146 1335 1184 regem
1364 1132 1580 1177 Timotheo.
1648 1131 1824 1175 Quorum

354 1191 483 1231 nullus
505 1207 576 1244 pro
597 1195 818 1233 testimonio
837 1196 966 1234 dicere
996 1209 1113 1234 ausus
1143 1195 1230 1241 fuit,
1250 1194 1327 1239 vel,
1349 1207 1426 1232 non
1448 1193 1643 1245 accepisse
1664 1191 1825 1230 Philon-

352 1254 441 1292 dam
468 1257 627 1294 naulum
648 1270 670 1295 a
690 1271 839 1304 mensa,
860 1258 934 1304 vel,
956 1265 1161 1309 acceptum
1180 1257 1411 1301 reddidisse,
1433 1256 1496 1294 vel
1516 1256 1629 1294 etiam
1650 1255 1823 1307 ipsorum

353 1316 520 1367 aliquem
551 1318 710 1356 naulum
745 1319 971 1357 dissolvisse
1002 1320 1050 1358 de
1080 1319 1195 1370 lignis
1220 1332 1308 1370 quae
1337 1317 1553 1356 Philondas
1583 1317 1702 1362 vexit,
1724 1316 1825 1355 datis

352 1376 415 1426 isti
433 1379 481 1416 ab
502 1379 684 1431 Amynta.
742 1381 868 1419 Pluris
889 1380 991 1418 enim
1011 1381 1159 1419 faciunt
1177 1379 1496 1419 existimationem
1514 1385 1554 1417 et
1569 1379 1686 1418 fidem
1701 1391 1826 1424 suam,

353 1453 470 1491 quam
489 1448 533 1479 ut
551 1442 660 1480 falsis
682 1443 914 1480 testimoniis
932 1443 1109 1481 dicendis
1125 1442 1330 1481 Timotheo
1351 1441 1629 1492 gratificentur.
1686 1441 1826 1491 Neque

353 1508 484 1540 tamen
519 1516 559 1541 se
589 1517 719 1541 verum
742 1504 857 1542 etiam
883 1504 1146 1543 testimonium
1173 1504 1212 1541 in
1243 1517 1331 1541 eum
1355 1503 1527 1542 dicturos
1548 1516 1648 1548 esse,
1667 1508 1827 1554 propter

354 1562 650 1602 familiaritatem
690 1566 789 1617 ejus,
823 1567 1074 1604 affirmarunt.
1149 1566 1250 1604 Cum
1283 1565 1400 1617 igitur
1428 1578 1542 1604 nemo
1580 1564 1827 1605 familiarium

355 1626 549 1664 testificari
572 1640 691 1665 ausus
713 1628 835 1674 fuerit,
858 1635 897 1666 et
923 1635 1216 1679 procuratorum
1243 1627 1342 1679 ejus,
1364 1627 1454 1664 dum
1481 1626 1588 1678 apud
1605 1639 1737 1678 regem
1757 1627 1825 1668 ab-

353 1688 439 1738 fuit,
459 1689 519 1727 vel
551 1704 628 1728 non
654 1691 853 1742 accepisse
885 1691 1045 1728 naulum
1076 1690 1267 1742 lignorum
1303 1689 1535 1728 Philondam
1556 1702 1580 1727 a
1597 1701 1743 1734 mensa,
1766 1688 1826 1727 vel

355 1748 522 1800 ipsorum
556 1743 724 1802 aliquem
752 1751 1002 1790 dissolvisse:
1033 1764 1082 1789 an
1113 1764 1191 1790 non
1223 1751 1443 1789 existimare
1473 1750 1623 1789 debetis
1651 1763 1713 1788 me
1736 1762 1828 1787 vera

356 1810 491 1862 loqui?
521 1813 579 1851 Ac
599 1826 648 1850 ne
667 1813 764 1850 illud
782 1813 937 1864 quidem
958 1813 1086 1851 dicere
1112 1813 1285 1859 audebit,
1307 1812 1425 1850 alium
1438 1824 1670 1864 quemquam
1685 1811 1825 1850 dissol-

355 1872 458 1911 visse
482 1875 640 1912 naulum
662 1875 710 1913 de
739 1875 855 1925 lignis
884 1889 970 1926 quae
991 1875 1097 1914 vexit
1127 1875 1356 1921 Philondas,
1378 1869 1493 1926 quam
1513 1881 1663 1926 patrem
1683 1887 1826 1913 meum.

358 1934 426 1971 Sin
446 1936 571 1973 verbis
607 1937 799 1982 abutetur,
833 1937 1030 1987 postulate
1060 1944 1103 1974 ut
1137 1935 1399 1975 testimonium
1428 1935 1512 1988 ejus
1545 1935 1728 1974 exhibeat
1759 1937 1826 1987 qui

357 1996 515 2034 naulum
549 1997 706 2035 solverit
739 1998 786 2036 de
822 1998 954 2051 lignis,
1015 1998 1059 2035 In
1078 1998 1258 2036 confesso
1279 1998 1380 2036 enim
1405 2004 1464 2036 est
1493 1997 1621 2050 ipsum
1653 1997 1825 2037 abfuisse

358 2057 462 2109 apud
483 2071 626 2109 regern,
648 2059 880 2098 Philondam
899 2066 1042 2106 autem,
1061 2073 1175 2111 quem
1194 2066 1352 2112 propter
1371 2059 1479 2111 ligna
1496 2060 1656 2099 miserat
1669 2066 1708 2098 et
1726 2060 1826 2111 patri

358 2132 446 2157 meo
465 2120 771 2168 commendarat,
791 2121 984 2161 invenisse
1007 2129 1214 2168 mortuum,
1236 2135 1324 2160 curn
1351 2135 1374 2160 a
1401 2135 1491 2173 rege
1510 2135 1684 2160 reversus
1707 2130 1824 2161 esset.

359 2181 533 2220 Necesse
553 2182 670 2233 igitur
704 2190 764 2221 est
795 2184 958 2222 aliorum
992 2191 1248 2235 cognatorum
1274 2191 1342 2222 aut
1370 2184 1613 2222 familiarium
1643 2184 1825 2235 aliquem,

358 2243 499 2292 quibus
530 2244 704 2283 abiturus
733 2259 864 2284 curam
896 2259 1022 2284 rerum
1053 2259 1211 2284 suarum
1232 2245 1450 2293 mandarat,
1470 2246 1582 2292 scire,
1599 2246 1701 2284 unde
1718 2238 1825 2285 'com-

358 2312 493 2354 parato
514 2306 629 2344 naulo
654 2307 845 2357 lignorum
868 2307 1082 2346 Philondas
1103 2308 1341 2346 naviculario
1362 2307 1606 2353 satisfecerit,
1623 2307 1655 2346 si
1676 2321 1717 2346 se
1736 2322 1824 2347 eum

357 2367 455 2415 patri
491 2369 801 2416 commendasse,
833 2376 873 2406 et
899 2370 1094 2421 accepisse
1121 2370 1351 2408 Philondam
1382 2383 1406 2408 a
1433 2376 1542 2421 patre
1561 2383 1648 2408 meo
1666 2371 1824 2409 naulum

356 2427 550 2479 lignorum
572 2437 701 2481 negat.
760 2430 917 2469 Nullius
938 2444 1031 2483 ergo
1057 2432 1318 2470 testimonium
1347 2431 1517 2484 proferre
1546 2438 1658 2483 potes
1684 2431 1824 2469 famili-

358 2489 479 2527 arium
496 2497 660 2537 tuorum,
676 2491 724 2529 de
738 2505 816 2530 non
832 2499 1008 2543 accepto,
1023 2499 1062 2531 te
1082 2494 1256 2540 absente,
1270 2494 1389 2531 naulo
1405 2493 1599 2544 lignorum
1615 2493 1662 2532 de
1678 2506 1825 2542 mensa,

358 2552 427 2590 sed
448 2551 674 2594 alterutrum
687 2566 846 2591 necesse
861 2561 934 2600 est,
950 2560 986 2592 te
1006 2562 1074 2592 aut
1093 2555 1200 2593 nullo
1220 2555 1275 2593 uti
1294 2555 1540 2593 familiarium
1561 2567 1690 2605 neque
1708 2555 1824 2594 fidem

357 2613 498 2651 habere
526 2614 595 2652 ulli
615 2621 780 2661 tuorum,
802 2622 882 2661 aut,
903 2629 990 2653 cum
1021 2615 1113 2654 satis
1133 2616 1234 2654 scias
1255 2616 1487 2654 Philondam
1505 2608 1702 2667 accepisse
1729 2630 1824 2655 nau-

357 2675 438 2712 lum
475 2675 668 2726 lignorum
703 2690 725 2714 a
756 2683 865 2728 patre
887 2672 996 2721 meo,
1028 2677 1358 2727 quemadmodum
1391 2690 1479 2715 eum
1514 2677 1824 2724 commendaras,

358 2737 550 2775 cumhinc
573 2737 757 2783 solveres,
778 2738 996 2776 existimare
1016 2738 1140 2785 nobis,
1162 2738 1192 2776 si
1212 2739 1354 2790 possis,
1373 2734 1617 2784 fraudandis,
1637 2739 1713 2776 tuis
1732 2739 1823 2778 rati-

359 2798 496 2836 onibus
528 2806 567 2837 et
599 2800 829 2850 compendio
859 2814 923 2852 per
948 2801 1126 2852 injuriam
1156 2800 1453 2844 consulendum.
1510 2801 1596 2852 Ego
1615 2814 1723 2851 vern,
1748 2803 1822 2842 Ju-

359 2860 482 2909 dices,
504 2869 643 2911 praeter
664 2861 928 2911 testimonium
948 2863 1059 2914 quod
1074 2863 1183 2908 vobis
1203 2862 1372 2908 exhibui,
1389 2875 1518 2906 eorum
1539 2862 1605 2914 q-ui
1626 2876 1667 2905 se
1690 2863 1733 2907 iis
1753 2863 1822 2908 de·

360 2921 461 2960 disse
483 2930 698 2974 argentum,
722 2925 859 2975 quibus
891 2925 971 2964 iste.
987 2924 1116 2976 jussit,
1137 2924 1285 2971 dicu-nt,
1307 2925 1453 2976 quique
1471 2924 1520 2963 ad
1542 2937 1720 2969 mensam,
1738 2931 1818 2965 tum
