1981 3356
534 196 827 237 ADVERSUS
857 190 1274 236 PANTAENETUM.
1564 201 1641 238 569

171 303 280 336 tuum
310 300 539 352 acceperim,
569 315 646 341 non
677 303 760 354 ipse
792 301 917 340 solum
951 302 1012 339 isti
1044 307 1222 340 mutuum
1254 301 1441 348 dederim,
1471 315 1520 340 ne
1554 302 1638 354 ipse

169 359 324 410 quidem
357 362 451 401 istos
471 363 609 415 ignoro
641 371 708 403 aut
732 376 846 402 amo:
878 376 951 401 nec
981 370 1125 410 tamen,
1157 364 1210 401 ita
1238 364 1379 402 medii
1405 371 1548 412 ament,
1569 364 1637 403 de-

167 422 304 462 fraudo
324 432 389 463 aut
410 425 634 465 calumnior.
693 427 770 471 Qui
796 439 887 464 vero
907 431 1099 476 quaestum
1129 426 1236 472 facit,
1255 432 1298 463 ut
1320 439 1394 477 ego
1415 426 1635 478 navigando

164 491 204 521 et
224 485 396 535 pericula
425 489 639 535 subeundo,
659 502 854 540 parvaque
873 488 1039 539 pecunia
1053 487 1176 540 'parta
1195 501 1277 526 eam
1300 495 1464 535 mutuat,
1484 503 1570 526 cum
1591 496 1636 526 ut

163 542 246 584 aliis
267 548 505 598 gratificetur
532 557 613 588 tum
643 564 691 588 ne
720 564 789 602 per
814 549 1002 588 incuriam
1035 562 1212 587 nummos
1234 549 1432 600 dilapidet,
1456 563 1544 587 eum
1564 560 1633 588 cur

163 607 202 646 in
232 608 382 648 illorum
417 625 576 651 numero
603 612 807 664 quisquam
835 611 1022 664 reponat?
1063 612 1146 650 Nisi
1175 611 1271 649 illud
1302 612 1402 650 forte
1423 612 1545 659 dicas,
1567 612 1632 663 qui

162 670 232 709 tibi
257 673 452 718 mutuarit,
475 687 564 711 eum
585 675 675 713 odio
701 675 858 726 publico
886 687 972 713 esse
1005 674 1178 726 dignum.
1235 673 1375 712 Recita
1402 673 1495 711 mihi
1525 674 1633 712 testi-

161 733 304 781 monia,
323 735 445 785 qualis
474 736 513 773 in
544 749 609 775 eos
638 737 708 775 sim
742 737 806 788 qui
836 749 984 775 mecum
1019 736 1256 785 contrahunt
1284 748 1477 787 opemque
1506 748 1630 774 meam

160 792 383 846 implorant.

712 941 1068 979 TESTIMONIA.

159 1032 283 1079 Talis,
307 1033 548 1082 Pantaenete,
570 1049 655 1074 sum
686 1049 760 1088 ego
784 1037 847 1075 ille
869 1036 1043 1080 celeriter
1064 1036 1279 1083 ambulans,
1299 1043 1339 1074 et
1364 1035 1453 1074 talis
1486 1043 1529 1074 tu
1562 1036 1626 1087 qui

157 1094 393 1146 pedetentim
417 1096 580 1135 incedis.

215 1157 274 1194 11.
307 1157 385 1195 Sed
405 1157 455 1195 de
477 1171 562 1196 meo
591 1165 721 1196 tamen
758 1159 915 1197 incessu
943 1158 1202 1210 loquendique
1233 1158 1517 1197 consuetudine
1546 1171 1626 1196 om-

153 1230 243 1256 nem
264 1218 370 1270 apud
389 1231 458 1257 vos
479 1219 598 1258 libere
617 1220 816 1258 veritatem
832 1221 975 1267 dicam,
996 1220 1256 1258 Athenienses
1277 1235 1285 1258 :
1323 1221 1430 1259 haud
1449 1234 1510 1259 me
1533 1233 1626 1259 sane

153 1280 336 1331 praeterit,
356 1293 482 1332 neque
510 1280 659 1333 ignoro,
681 1295 742 1321 me
762 1288 941 1320 naturam
970 1282 1152 1320 habuisse
1179 1295 1318 1334 parum
1349 1283 1556 1334 propitiam
1587 1282 1627 1322 in

150 1341 212 1379 his
232 1343 360 1388 rebus,
377 1356 505 1394 neque
522 1356 588 1382 eas
604 1344 788 1396 expedire
804 1344 909 1383 mihi.
952 1344 1056 1383 Nam
1078 1345 1109 1382 si
1128 1357 1175 1383 ea
1195 1345 1288 1382 mihi
1309 1345 1441 1383 odium
1459 1345 1627 1396 pariunt,

151 1403 291 1455 quibus
311 1404 476 1456 agendis
496 1405 647 1443 nullum
667 1405 836 1444 fructum
858 1406 982 1457 capio,
1003 1419 1133 1444 nonne
1163 1405 1299 1444 infelix
1325 1407 1364 1443 in
1392 1419 1439 1444 ea
1469 1406 1624 1458 quidem

150 1473 262 1516 parte
282 1466 397 1505 sum?
445 1467 524 1505 Sed
544 1467 635 1518 quid
656 1481 783 1519 agam,
805 1469 836 1506 si
861 1468 914 1505 illi
940 1467 1150 1506 mutuaro?
1193 1476 1450 1520 proptereane
1481 1468 1626 1506 mulcta

150 1527 269 1567 etiam
298 1528 487 1567 solvenda
513 1528 614 1567 erit?
657 1521 916 1581 Nequaquam
946 1543 1051 1568 vero.
1110 1529 1302 1568 Malitiam
1323 1530 1425 1567 enim
1448 1530 1484 1567 in
1507 1543 1567 1568 me
1587 1537 1627 1568 et

149 1589 435 1642 improbitatem
466 1604 553 1630 esse
587 1605 636 1629 ne
667 1591 738 1630 iste
773 1592 931 1642 quidem
961 1592 1043 1644 ipse
1077 1593 1275 1637 ostendet,
1309 1606 1435 1643 neque
1466 1607 1487 1630 e
1515 1598 1625 1630 tanto

149 1660 322 1691 vestrum
357 1666 518 1692 numero
544 1654 748 1705 quisquam
775 1661 838 1692 est
860 1654 977 1692 ullius
1011 1654 1196 1692 facinoris
1231 1655 1322 1693 mihi
1356 1654 1555 1692 conscius:
1587 1654 1624 1692 in

150 1715 233 1754 aliis
270 1723 398 1754 autem
437 1716 553 1754 rebus
586 1717 851 1768 unusquisque
880 1724 1055 1755 nostrum
1086 1716 1174 1754 talis
1208 1724 1281 1762 est,
1312 1723 1354 1754 ut
1388 1717 1553 1754 fortunae
1585 1723 1624 1753 et

149 1783 298 1815 naturae
325 1779 451 1817 visum
485 1778 571 1816 fuit.
629 1779 688 1816 Ac
722 1791 936 1829 repugnare
970 1778 1127 1829 ingenio
1160 1778 1265 1816 factu
1304 1778 1480 1829 profecto
1514 1778 1622 1816 haud

149 1838 264 1878 facile
283 1846 357 1887 est,
377 1839 521 1891 alioqui
541 1840 645 1878 enim
666 1839 761 1877 inter
788 1852 860 1878 nos
880 1839 975 1876 nihil
995 1840 1224 1878 interesset:
1257 1839 1374 1877 alium
1392 1852 1483 1877 vero
1505 1853 1621 1891 quem

149 1900 291 1940 videris
311 1914 469 1941 censere
493 1908 534 1940 et
558 1894 857 1953 reprehendere,
878 1901 1047 1953 proclive
1077 1910 1149 1939 est.
1211 1901 1290 1940 Sed
1317 1901 1411 1952 quid
1438 1901 1505 1939 tibi
1532 1915 1622 1952 pro-

148 1969 235 2015 pter
251 1963 338 2003 haec
358 1963 413 2002 rei
432 1976 586 2003 mecum
612 1970 687 2011 est,
701 1963 959 2002 Pantaenete?
999 1962 1119 2000 Nihil.
1165 1962 1294 2001 Multa
1314 1964 1456 2001 acerba
1474 1976 1517 2001 es
1538 1977 1623 2014 per-

148 2038 301 2077 pessus.
357 2025 529 2065 Proinde
560 2025 757 2077 sumpsisti
792 2039 941 2077 poenas,
977 2038 1054 2063 non
1090 2024 1139 2062 de
1173 2039 1235 2063 me
1273 2025 1450 2076 quidem;
1494 2038 1621 2075 neque

149 2087 252 2125 enim
281 2088 363 2126 ulla
387 2088 455 2126 tibi
482 2101 505 2126 a
532 2101 594 2126 me
623 2095 708 2126 orta
736 2095 796 2125 est
823 2087 975 2138 injuria.
1035 2086 1192 2137 Alioqui
1217 2100 1414 2137 nunquam
1442 2100 1502 2124 me
1524 2100 1622 2138 prcc-

147 2150 319 2197 terisses‚
338 2163 464 2201 neque
483 2150 643 2187 missum
668 2163 731 2188 me
752 2149 927 2195 fecisses,
948 2162 1035 2187 cum
1054 2149 1249 2199 Evergum
1271 2162 1452 2186 accusare
1466 2148 1619 2187 institu-

143 2210 258 2257 isses,
279 2224 402 2262 neque
426 2210 592 2263 petisses
621 2217 666 2249 ut
693 2224 767 2262 ego
793 2210 972 2248 venditor
1003 2222 1090 2248 esse
1119 2209 1300 2259 dignarer
1320 2209 1384 2260 qui
1413 2210 1561 2247 atrocia
1582 2217 1620 2247 et

148 2285 293 2323 magna
310 2272 348 2309 in
369 2278 408 2310 te
428 2272 720 2311 commisissem.
779 2271 934 2310 Deinde
953 2284 1032 2322 quo
1053 2284 1126 2322 ego
1146 2279 1276 2322 pacto,
1297 2284 1387 2309 cum
1412 2285 1484 2310 nec
1505 2272 1619 2309 ades-

149 2347 244 2382 sem,
265 2340 305 2373 et
321 2347 482 2386 peregre
501 2334 694 2380 abessem,
715 2334 796 2372 ulla
814 2333 955 2385 injuria
974 2339 1011 2371 te
1032 2332 1166 2371 affeci?

207 2397 270 2435 12.
287 2396 404 2439 Quod
419 2396 450 2434 si
464 2397 548 2448 quis
564 2396 598 2435 ei
612 2396 796 2448 largiatur
812 2396 970 2434 summis
984 2409 1071 2434 eum
1089 2395 1270 2434 affectum
1285 2394 1447 2446 injuriis,
1462 2402 1499 2432 et
1514 2408 1618 2434 nunc

148 2457 198 2498 de
216 2458 262 2498 iis
280 2459 479 2498 verissima
496 2459 691 2498 dicturum
707 2472 794 2497 esse
814 2458 958 2504 omnia,
981 2458 1076 2495 illud
1095 2464 1229 2495 tamen
1249 2457 1385 2508 opinor
1404 2470 1538 2495 omnes
1560 2458 1619 2496 fa-

147 2520 320 2568 teamini,
340 2534 412 2559 usu
432 2521 584 2559 venisse
605 2520 689 2573 jam
712 2519 944 2571 quibusdam
974 2528 1017 2558 ut
1044 2519 1186 2557 multas
1215 2519 1436 2570 acciperent
1463 2518 1619 2568 injurias

149 2582 381 2634 pecuniariis
401 2582 553 2621 damnis
581 2582 791 2635 graviores.
836 2582 938 2620 Nam
968 2588 1008 2620 ct
1037 2581 1205 2619 fortuitae
1235 2581 1365 2619 caedes
1385 2581 1496 2625 fiunt,
1517 2588 1554 2618 et
1574 2593 1620 2618 ea

148 2643 340 2683 violantur
368 2658 456 2696 quae
483 2644 639 2683 minime
667 2644 938 2690 conveniebat,
958 2650 998 2682 et
1017 2643 1217 2694 complura
1250 2643 1332 2695 ejus
1361 2642 1513 2694 generis
1545 2642 1620 2681 alia

149 2706 457 2746 committuntur.
515 2706 595 2745 Sed
623 2712 751 2745 tamen
778 2706 916 2744 horum
937 2705 1109 2744 omnium
1139 2705 1326 2744 terminus
1347 2712 1388 2743 et
1406 2704 1621 2743 satisfactio

152 2774 299 2807 statuta
317 2775 377 2807 est
395 2768 497 2807 laesis
526 2768 628 2813 haec,
649 2775 694 2806 ut
720 2782 760 2806 re
786 2774 985 2806 transacta
1004 2774 1044 2806 et
1063 2767 1281 2818 composita
1301 2767 1526 2817 quiescant:
1559 2767 1618 2805 id-

152 2842 229 2880 que
254 2831 320 2882 jus
346 2837 497 2869 tantum
521 2830 558 2867 in
582 2830 760 2868 omnibus
780 2830 897 2876 valet,
918 2837 974 2875 ut,
998 2830 1029 2868 si
1059 2830 1145 2881 quis
1168 2828 1338 2867 fortuitae
1365 2826 1484 2866 caedis
1511 2842 1619 2868 reum

151 2892 346 2943 peregerit
364 2900 403 2932 et
423 2892 552 2944 palam
573 2892 787 2931 ostenderit
809 2891 976 2943 aliquem
1003 2904 1081 2930 non
1103 2904 1187 2929 esse
1207 2903 1361 2942 purum,
1383 2898 1472 2941 post
1489 2898 1620 2930 tamen

846 2956 871 2991 4
894 2966 920 2990 D
