1965 3356
496 217 786 256 ADVERSUS
817 216 1226 256 MACARTATUM.
1516 219 1594 256 615

191 321 251 359 11.
282 319 414 359 Priore
428 321 596 373 actione,
617 320 791 363 Judices,
810 334 899 359 cum
917 320 1190 373 conjurassent
1217 321 1280 359 isti
1300 321 1398 360 inter
1418 335 1473 368 se,
1501 334 1596 360 con-

125 382 348 434 junctisque
368 384 488 436 copiis
508 383 617 422 multi
637 396 754 421 unam
773 383 972 421 mulierem
993 389 1278 435 oppugnarent,
1304 397 1389 430 nos,
1420 384 1593 429 Judices,

131 458 259 496 neque
286 445 506 484 testimonia
530 445 752 496 scripsimus
778 443 826 482 de
846 445 960 482 rebus
980 444 1183 490 confessis,
1203 458 1327 494 neque
1347 452 1467 482 testes
1495 445 1593 484 cita-

131 508 270 554 vimus,
290 508 361 546 sed
379 508 599 560 putavimus
627 507 711 545 haec
737 506 847 544 nobis
868 507 907 544 in
925 514 1010 545 tuto
1030 519 1117 545 esse
1136 507 1350 544 collocata:
1380 506 1443 544 isti
1463 514 1594 545 autem

130 575 171 607 et
190 569 265 608 ali-a
281 570 406 608 multa
424 568 665 621 impudenter
685 568 736 606 ad
758 568 950 620 judicium
971 576 1213 620 comparant,
1233 581 1361 619 neque
1387 568 1592 619 quicquam

131 630 238 669 aliud
257 645 304 670 eo
323 631 480 682 quidem
503 638 678 681 tempore
708 631 908 675 curabant,
939 644 1055 681 quam
1085 637 1129 668 ut
1147 630 1303 680 judices
1331 630 1369 667 in
1390 631 1596 681 praesentia

129 692 322 740 fallerent,
341 706 429 732 cum
447 693 604 743 quidem
617 693 693 731 hoe
709 693 911 731 mendacio
929 695 1194 738 abuterentur,
1212 693 1413 731 Polemoni
1428 693 1596 744 Hagniae

128 755 230 807 patri
248 755 405 794 omnino
425 754 569 793 nullam
593 755 714 793 fuisse
735 768 906 793 sororem
928 768 1161 806 germanam>
1175 761 1214 793 et
1231 754 1435 794 uterinam.
1484 755 1595 793 Adeo

130 824 241 856 erant
267 817 513 869 impudentes
546 824 586 856 et
613 817 828 864 vaecordes,
849 825 892 855 ut
921 824 1029 855 tanta
1056 818 1093 855 in
1125 830 1164 854 re
1196 816 1418 868 deciperent
1441 817 1595 865 judices

129 878 258 930 itaque
290 879 505 924 manifeste,
538 882 576 918 e't
605 879 644 916 in
673 879 749 918 hoc
768 892 911 930 magno
939 879 1068 917 studio
1089 892 1316 930 summaque
1346 878 1596 917 contentione

129 939 431 979 incumbebant:
461 954 534 979 nos
565 947 696 979 autem
715 940 823 979 vobis
851 954 956 979 nunc
982 948 1042 979 tot
1067 948 1188 979 testes
1209 941 1442 979 adduximus
1463 941 1513 980 de
1534 955 1598 980 so-

131 1015 217 1040 rore
246 1002 484 1053 Polemonis‚
504 1002 672 1053 Hagniae
694 1002 826 1041 amita.
883 1002 952 1041 Isti
973 1016 1066 1041 vero
1094 1009 1256 1041 testetur
1276 1004 1339 1053 qui
1369 1003 1486 1049 volet,
1515 1011 1595 1050 aut,

128 1077 209 1103 non
229 1064 352 1103 fuisse
376 1064 512 1103 fratres
543 1078 747 1116 germanos
772 1072 810 1103 et
839 1065 1008 1103 uterinos
1036 1065 1290 1103 Polemonem
1316 1072 1356 1103 et
1380 1065 1595 1117 Phyloma·

132 1126 259 1173 cham,
290 1134 370 1174 aut,
401 1140 480 1165 non
511 1127 634 1165 fuisse
669 1127 922 1166 Polemonem
955 1127 1088 1173 filium,
1126 1127 1432 1179 Phylomacham
1464 1135 1596 1167 autem

127 1189 245 1227 filiam
265 1189 432 1239 Hagniae
452 1189 587 1226 Buseli
607 1189 687 1234 filii,
707 1196 788 1235 aut,
810 1188 1061 1227 Polemonem
1088 1202 1168 1227 non
1194 1189 1316 1227 fuisse
1337 1197 1486 1240 patrem
1514 1191 1597 1228 Ha-

126 1250 240 1301 gniae,
261 1250 371 1301 cujus
390 1249 686 1302 esthaeredita&
702 1263 827 1300 neque
844 1263 1014 1288 sororem
1027 1250 1252 1288 Polemonis
1272 1250 1594 1302 Phylomacham‚

127 1311 303 1363 ejusdem
322 1312 490 1359 amitam,
511 1319 592 1357 aut,
614 1312 847 1350 Eubulidem
865 1326 943 1350 non
962 1313 1082 1367 fuisse
1110 1313 1384 1366 Phylomachae
1404 1314 1538 1361 filium,
1558 1321 1598 1353 et

127 1373 301 1426 Philagri
323 1374 508 1426 patruelis
540 1374 726 1426 Hagniae,
746 1381 814 1412 aut
837 1374 947 1421 illud,
977 1375 1184 1413 Eubulidae
1210 1376 1396 1427 patruelis
1428 1376 1597 1428 Hagniae

125 1435 244 1474 filiam
271 1449 348 1474 non
377 1449 477 1482 esse,
504 1450 592 1488 quae
623 1436 751 1474 adhuc
784 1443 981 1488 superstes
1011 1443 1084 1483 est,
1118 1437 1440 1489 Phylomacham,
1472 1452 1597 1490 neq‘ue

128 1512 291 1551 puerum
310 1499 428 1546 hunc,
442 1500 594 1551 legibus
607 1499 746 1538 vestris
768 1499 996 1551 adoptatum
1016 1500 1055 1537 in
1077 1499 1282 1537 Eubulidae
1302 1500 1499 1547 familiam,
1516 1507 1596 1548 aut,

127 1561 434 1614 Theopompum,
457 1562 669 1600 Macartati
689 1569 852 1613 patrem,
874 1575 923 1600 ex
951 1562 1097 1600 familia
1126 1562 1246 1600 fuisse
1268 1562 1454 1613 Hagniae.
1513 1563 1596 1601 Ho-

129 1636 214 1661 rum
234 1623 421 1675 quicquid
439 1624 589 1662 libitum
609 1624 680 1662 erit
707 1631 871 1662 testetur
903 1624 1064 1675 aliquis:
1095 1624 1163 1662 sed
1186 1623 1279 1662 satis
1302 1624 1384 1662 scio
1405 1625 1597 1664 neminem

127 1684 184 1723 ita
211 1685 400 1724 audacem
431 1686 618 1731 futurum,
650 1692 718 1723 aut
747 1685 959 1737 deploratae
993 1685 1084 1723 fidei
1117 1686 1324 1724 hominem.
1384 1686 1442 1725 Ut
1468 1693 1596 1725 autem

129 1747 378 1799 perspicuum
397 1747 507 1785 vobis
529 1747 591 1793 sit,
611 1747 634 1785 J
641 1746 788 1793 udices,
801 1760 867 1784 eos
884 1747 988 1797 prius
1002 1760 1069 1798 per
1086 1747 1321 1785 calumniam
1342 1747 1460 1786 fuisse
1482 1761 1596 1800 supe-

128 1810 258 1856 riores,
277 1823 404 1861 neque
422 1809 628 1861 quicquam
648 1808 750 1860 aequi
777 1807 965 1855 attulisse,
996 1808 1084 1860 lege
1112 1809 1336 1847 testimonia
1356 1822 1444 1860 quae
1464 1810 1596 1848 adhuc

129 1877 221 1909 sunt
237 1871 396 1923 reliqua.

183 1984 313 2032 Pater,
422 1985 610 2025 Polemon
721 1951 875 1991 Fratres
984 1993 1023 2024 et
1043 1986 1322 2039 Phylomache,
1405 1992 1541 2025 mater.

181 2105 221 2137 et
237 2098 353 2146 filius,
421 2098 597 2150 Hagnias
722 2064 923 2104 patrueles
988 2106 1026 2136 et
1047 2096 1272 2143 Eubulides,
1406 2096 1522 2134 filius.

677 2218 1037 2258 TESTIMONIA.

172 2305 316 2336 Testatur
333 2316 366 2336 se
385 2310 547 2346 cognatum
565 2317 634 2336 esse
652 2307 815 2336 Polemoni
839 2306 972 2343 Haguiae
997 2306 1089 2345 patri,
1106 2310 1136 2336 et
1153 2307 1278 2336 audisse
1300 2318 1316 2336 e
1341 2311 1428 2346 patre
1455 2317 1510 2336 suo
1535 2307 1596 2337 fra-

131 2362 192 2387 tres
208 2357 303 2387 fuisse
324 2357 478 2397 patrueles
486 2358 676 2394 Polemonis,
687 2357 864 2397 Philagrum
882 2358 1043 2388 Eubulidae
1061 2364 1191 2398 patrem,
1201 2363 1232 2388 et
1243 2359 1476 2388 Phanostratam
1488 2358 1596 2388 Stratii

128 2408 232 2446 filiam,
245 2414 277 2439 et
288 2409 498 2439 Callistratum
514 2414 631 2449 patrem
647 2410 754 2439 matris
770 2410 915 2445 Sositliei,
927 2415 958 2440 et
974 2411 1195 2441 Euctemonem
1213 2420 1282 2440 eum
1297 2410 1349 2449 qui
1365 2421 1458 2449 regno
1472 2410 1596 2439 functus

130 2465 188 2497 est,
203 2466 234 2491 et
249 2461 464 2492 Charidemum
488 2467 606 2501 patrem
627 2462 821 2502 Theopompi
849 2467 879 2492 et
903 2462 1088 2499 Stratoclis;
1112 2467 1144 2492 et
1168 2473 1236 2492 esse
1265 2473 1331 2492 cum
1359 2462 1450 2502 hujus
1474 2462 1543 2491 filiis
1566 2468 1596 2491 et

129 2512 256 2553 Haguia
278 2513 310 2543 in
330 2514 438 2543 eudem
456 2524 566 2552 genere
582 2513 769 2544 Eubulidem
785 2525 803 2544 a
818 2519 907 2553 patre
925 2524 981 2544 suo
998 2514 1158 2553 Philagro,
1175 2514 1220 2544 sin
1237 2519 1334 2545 mater
1349 2516 1416 2553 ejus
1434 2513 1596 2553 Phyloma-

128 2563 186 2594 cha
200 2568 370 2604 spectatur,
387 2564 574 2595 Eubulidem
590 2564 724 2604 Hagniae
739 2566 908 2605 patruelem
923 2564 1095 2596 existimari
1112 2576 1152 2596 ex
1167 2565 1260 2595 amita
1275 2570 1375 2595 ortum
1388 2564 1530 2604 Hagniae.

765 2657 946 2696 ALIUD.

173 2742 338 2774 Testantur
364 2754 397 2774 se
426 2750 573 2785 cognatos
589 2756 659 2775 esse
678 2745 834 2775 Polemoni
851 2745 931 2787 patri
949 2744 1094 2785 Hagniae,
1108 2750 1139 2775 et
1155 2745 1301 2784 Philagro
1319 2743 1398 2783 patri
1419 2742 1596 2778 Eubufldae,

131 2799 163 2825 et
172 2795 350 2827 Euctemoni
367 2808 463 2839 regno
477 2799 592 2834 sancto,
610 2804 642 2829 et
656 2797 964 2829 scireEuctemonem
975 2798 1101 2837 fratrem
1117 2797 1214 2827 fuisse
1226 2796 1362 2835 Philagri
1376 2795 1470 2834 patris
1489 2796 1594 2825 Eubu—

128 2845 202 2876 lidae
217 2847 324 2878 eodem
342 2854 427 2888 patre
443 2853 558 2886 natum,
575 2855 617 2886 et,
634 2861 702 2880 cum
720 2850 883 2881 Eubulidae
898 2849 1085 2890 disceptatio
1101 2854 1185 2880 esset
1207 2849 1245 2878 de
1263 2848 1441 2877 baereditate
1461 2847 1594 2887 Hagniae

128 2897 282 2935 instituta,
297 2900 396 2931 adhue
412 2901 608 2943 superstitem
625 2902 721 2934 fuisse
738 2904 958 2934 Euctemonem
975 2904 1097 2932 fratrem
1114 2902 1284 2940 patruelem
1301 2900 1480 2931 Polemonis
1496 2901 1594 2941 patris

129 2948 272 2989 Haguiae,
286 2958 383 2990 neque
397 2954 592 2983 contendisse
607 2954 827 2984 Euctemonem
845 2964 913 2984 cum
927 2953 1082 2984 Eubulide
1093 2953 1132 2982 de
1145 2953 1324 2982 haereditnte
1338 2952 1482 2991 Hagniae,
1494 2961 1593 2991 neque

129 3005 192 3030 tum
209 3001 301 3031 alium
320 3012 500 3043 quemquam
516 3005 633 3036 ratione
653 3005 902 3045 propinquitatis.
