1948 3306
365 197 444 234 664
651 199 705 236 IN
741 198 1007 237 EVERGUM
1044 200 1112 237 ET
1152 199 1533 238 MNESIBULUM.

368 305 471 337 ctam
487 300 643 352 recepit,
659 309 703 340 ut
716 302 999 353 quinquaginta
1018 315 1122 340 meas
1142 315 1232 341 oves
1250 303 1386 341 molles
1401 303 1494 341 dum
1510 309 1770 354 pascerentur,
1785 309 1825 341 et

368 360 574 411 opilionem
596 376 674 401 una
693 377 779 402 cum
801 365 869 410 eis,
890 371 928 402 et
946 364 1129 415 quicquid
1149 364 1198 403 ad
1219 378 1376 416 gregem
1402 364 1580 416 pertinet,
1598 365 1824 416 abripuerit:

369 422 522 469 deinde,
537 437 694 475 puerum
707 426 919 462 ministrum
931 425 1105 476 hydriam
1117 440 1253 464 aeream
1265 432 1523 477 reportantem
1534 427 1826 465 accommodato

367 492 579 536 acceptam,
599 488 728 537 magni
749 488 871 537 pretii.
925 487 1060 537 Neque
1078 487 1161 525 haec
1176 488 1230 525 eis
1252 488 1458 526 abstulisse
1479 488 1551 526 suit
1570 488 1678 534 satis,
1698 488 1768 526 sed
1787 494 1826 525 et

368 545 405 583 in
420 547 602 597 praedium
619 549 950 598 ingressi-—agros
964 555 1092 586 autem
1115 549 1201 586 colo
1222 549 1270 586 ad
1286 549 1430 587 circum
1448 556 1681 600 equestrem,
1696 549 1823 600 ibique

367 608 497 648 habito
518 623 540 648 a
564 610 684 661 prima
706 610 1035 656 adolescentia—,
1054 612 1218 661 primum
1247 611 1285 648 in
1314 611 1476 649 famulos
1505 612 1689 663 impetum
1721 611 1827 649 feced

367 677 481 708 runt:
512 678 555 709 ut
576 685 664 708 vero
684 671 737 708 illi
758 672 1007 723 diffugerunt,
1028 680 1143 723 atque
1163 672 1262 710 alius
1284 673 1359 711 alio
1381 687 1422 711 se
1442 673 1640 724 proripuit,
1660 671 1825 724 ingressi

366 733 471 770 aecles
492 740 531 770 et
550 733 836 786 dejectajanua
856 735 994 785 quaein
1010 735 1164 772 hortum
1184 735 1271 785 fert,
1291 735 1468 787 Evergus
1488 736 1604 774 frater
1620 735 1824 786 Theophe-

366 795 417 832 mi
438 802 478 832 et
496 795 739 834 Mnesibulus
764 796 888 834 affinis
917 796 1013 848 ejus,
1034 809 1056 833 a
1076 797 1212 846 quibus
1245 797 1351 834 nullo
1381 810 1482 835 eram
1509 797 1654 849 judicio
1685 796 1824 844 victus,

366 859 506 909 quibus
527 872 603 896 non
624 860 681 897 fas
702 860 773 897 fuit
800 860 1008 911 quicquam
1037 872 1163 896 meum
1192 860 1396 909 attingere,
1416 858 1578 909 ingressi
1596 859 1646 897 ad
1666 871 1824 897 uxorem

365 933 490 958 meam
510 929 548 958 et
571 921 726 967 liberos,
747 921 931 972 quicquid
953 920 1193 958 instrumenti
1214 920 1305 957 mihi
1325 920 1397 957 suit
1418 920 1604 971 reliquum
1620 920 1656 957 in
1674 920 1824 958 aedibus

366 982 620 1021 abstulerunt.
678 983 875 1020 Putabant
901 982 1002 1020 enim
1024 994 1064 1019 se
1085 994 1161 1019 non
1183 981 1298 1019 modo
1319 981 1523 1026 tantillam,
1541 981 1612 1019 sed
1631 980 1747 1031 longe
1767 980 1824 1019 in-

366 1045 607 1082 structiorem
641 1044 919 1096 supellectilem
952 1043 1056 1081 domi
1086 1056 1182 1081 meae
1216 1050 1451 1093 reperturos.
1486 1042 1644 1090 Verum,
1669 1049 1826 1094 propter

366 1106 471 1144 obita
488 1120 648 1158 munera
668 1115 706 1145 et
727 1107 869 1145 tributa
889 1112 928 1145 et
947 1106 1064 1144 vestri
1085 1105 1270 1151 studium,
1291 1104 1366 1143 alia
1386 1103 1653 1156 oppignerata,
1675 1104 1748 1142 alia
1766 1104 1824 1142 di-

365 1168 523 1207 vendita
541 1176 673 1207 erant:
702 1183 788 1220 quae
806 1182 898 1208 vero
916 1168 1043 1206 adhuc
1062 1169 1273 1215 restabant,
1292 1167 1338 1205 iis
1359 1167 1526 1218 abreptis
1546 1167 1723 1205 omnibus
1744 1167 1825 1205 abi·

365 1239 490 1269 erunt.

424 1294 485 1331 16.
515 1293 722 1346 Praeterea,
745 1293 925 1340 Judices,
941 1307 1036 1331 uxor
1058 1306 1142 1331 mea
1161 1305 1248 1331 cum
1271 1292 1399 1330 liberis
1419 1293 1456 1330 in
1478 1293 1568 1331 aula
1585 1292 1822 1344 prandebat;

366 1363 406 1393 et
427 1355 606 1407 quaedam
631 1369 719 1393 cum
749 1355 833 1406 ipsa
862 1369 948 1406 quae
968 1355 1095 1393 nutrix
1117 1368 1204 1392 mea
1231 1355 1354 1392 fuerat
1373 1367 1517 1406 magno
1549 1362 1656 1400 natu,
1688 1355 1825 1394 mulier

363 1418 554 1455 benevola
574 1426 613 1455 et
634 1417 723 1462 fida,
743 1417 918 1456 libertate
945 1418 1091 1456 donata
1125 1431 1147 1455 a
1174 1423 1282 1468 patre
1316 1429 1417 1454 meo.
1477 1413 1672 1468 Nupsera‘t
1696 1424 1826 1456 autem

365 1479 509 1530 adepta
527 1480 744 1518 libertatem
761 1494 770 1523 3
802 1481 1015 1531 maritoque
1037 1487 1200 1525 mortuo,
1219 1479 1323 1530 quod
1343 1487 1381 1518 et
1396 1480 1525 1533 vetula
1540 1487 1638 1526 erat,
1655 1487 1694 1519 et
1712 1494 1734 1518 a
1748 1478 1826 1532 quo

363 1542 530 1580 aleretur
555 1542 743 1580 neminem
770 1542 951 1586 habebat,
973 1544 1054 1594 ipsa
1069 1543 1115 1580 ad
1139 1556 1200 1580 me
1219 1543 1396 1581 redierat.
1456 1542 1644 1594 Eaigitur
1661 1544 1711 1581 ad
1732 1557 1825 1595 ege-

363 1611 503 1642 statem
523 1604 695 1651 redacta‚
716 1618 802 1655 quae
823 1611 861 1642 et
880 1605 1007 1643 nutrix
1027 1613 1066 1643 et
1086 1605 1287 1643 educatrix
1303 1618 1389 1642 mea
1407 1604 1545 1652 fuerat,
1573 1605 1681 1643 nullo
1709 1607 1825 1645 modo

363 1666 456 1704 mihi
478 1667 714 1717 negligenda
740 1666 837 1705 fuit:
870 1667 982 1705 simul
1013 1668 1128 1705 etiam
1149 1667 1240 1718 quia
1264 1666 1493 1705 trierarchus
1513 1679 1616 1704 eram
1636 1667 1824 1715 abiturus,

362 1735 402 1766 et
419 1741 516 1766 uxor
544 1742 628 1767 mea
654 1729 725 1767 sibi
753 1729 870 1767 talem
890 1743 913 1767 a
931 1743 992 1767 me
1021 1729 1222 1768 custodem
1251 1729 1394 1767 aedium
1424 1728 1584 1780 relinqui
1615 1730 1826 1780 gaudebat.

364 1791 464 1829 Cum
485 1798 613 1829 autem
635 1792 672 1829 in
694 1792 783 1830 aula
804 1792 1053 1843 pranderent,
1069 1800 1182 1842 atque
1200 1791 1262 1829 isti
1282 1791 1357 1829 illis
1377 1791 1504 1829 subito
1519 1791 1712 1842 oppressis
1728 1792 1824 1830 irru-

362 1861 485 1899 erent,
505 1861 544 1891 et
563 1867 656 1891 vasa
675 1854 897 1904 diriperent,
918 1854 1002 1891 aliae
1024 1854 1180 1904 quidem
1200 1853 1445 1891 ancillae—in
1466 1853 1559 1890 turri
1579 1853 1680 1891 enim
1700 1861 1824 1900 erant,

362 1915 427 1952 ubi
448 1915 757 1962 diversantur—,
771 1916 939 1954 clamore
961 1916 1106 1961 audito,
1120 1915 1250 1952 turrim
1269 1914 1495 1960 occludunt,
1518 1922 1634 1966 atque
1653 1915 1745 1953 illuc
1763 1915 1823 1953 in-

363 1977 485 2028 gressi
505 1990 582 2014 non
599 1984 702 2024 sunt,
719 1977 786 2014 sed
803 1991 822 2015 e
839 1977 987 2015 caeteris
1008 1976 1260 2015 conclavibus
1276 1990 1369 2014 vasa
1383 1983 1648 2029 exportarunt,
1668 1983 1824 2015 vetante

361 2051 481 2077 uxore
502 2052 548 2077 ne
569 2052 617 2077 ea
642 2046 845 2090 tangerent
872 2045 911 2076 et
932 2039 1099 2086 dicente,
1122 2040 1170 2076 ob
1191 2038 1323 2076 dotem
1346 2038 1417 2076 sibi
1444 2051 1530 2076 esse
1557 2039 1824 2091 oppignerata,

362 2108 412 2145 et,
433 2114 521 2139 oves
543 2115 610 2139 eos
639 2102 780 2139 habere
804 2101 1086 2152 quinquaginta
1105 2107 1143 2138 et
1162 2100 1370 2152 opilionem
1399 2101 1554 2152 majoris
1576 2101 1686 2152 pretii
1705 2114 1823 2152 quam

360 2163 493 2213 quanti
513 2176 640 2201 essem
662 2163 1073 2201 damnatus—vicinus
1095 2163 1196 2200 enim
1217 2162 1374 2212 quidam
1393 2162 1447 2200 eis
1465 2163 1505 2201 id
1525 2156 1724 2201 nunciar‘at
1737 2164 1824 2215 pul-

361 2225 647 2276 satajanua—,
670 2232 858 2276 praeterea
887 2214 1091 2276 argentum
1120 2225 1173 2263 eis
1205 2225 1359 2262 dicebat
1384 2224 1422 2262 in
1453 2237 1588 2263 mensa
1615 2238 1699 2263 esse
1722 2226 1824 2277 posi-

359 2288 535 2325 tum—id
567 2289 667 2325 enim
697 2301 747 2326 ex
773 2301 831 2325 me
861 2289 1111 2327 audierat—z
1140 2289 1244 2340 quod
1273 2289 1303 2326 si
1329 2288 1652 2340 exspectaveritis,
1686 2290 1823 2340 inquit,

360 2356 428 2387 aut
461 2357 631 2388 vestrum
668 2350 806 2401 aliquis
834 2351 1011 2388 maritum
1055 2365 1180 2389 meum
1220 2350 1452 2397 accersierit,
1489 2351 1619 2389 statim
1651 2352 1823 2404 acceptis

359 2412 526 2449 nummis
558 2412 732 2454 abibitis;
778 2426 870 2450 vasa
897 2420 1023 2451 autem
1058 2413 1277 2464 relinquite,
1308 2420 1347 2451 et
1377 2413 1472 2450 nihil
1504 2426 1634 2451 meum
1663 2414 1822 2461 auferte,

357 2474 570 2524 praesertim
603 2487 692 2512 cuin
722 2474 898 2512 habeatis
924 2475 1057 2525 quanti
1085 2475 1231 2513 mulcta
1255 2482 1328 2512 est.
1388 2474 1483 2513 Haec
1504 2475 1660 2514 dicente
1686 2489 1822 2527 uxore,

358 2541 506 2573 tantum
538 2536 661 2573 abfuit
688 2544 732 2573 ut
761 2536 1007 2583 desisterent,
1028 2543 1069 2574 ut
1102 2544 1142 2575 et
1174 2537 1378 2583 nutricem,
1401 2539 1507 2589 (quae
1533 2538 1727 2589 cymbium
1751 2539 1822 2577 sibi

359 2597 593 2649 appositum,
614 2611 634 2636 e
654 2612 730 2649 quo
752 2601 925 2650 potabat,
945 2600 1046 2637 intra
1073 2600 1197 2637 sinum
1221 2599 1434 2646 abdiderat,
1454 2614 1502 2638 ne
1530 2601 1569 2638 id
1603 2601 1664 2639 isti
1694 2603 1824 2641 aufer-

357 2667 455 2706 rent,
469 2668 674 2711 postquam
696 2674 760 2698 eos
782 2661 883 2699 intus
906 2675 990 2700 esse
1009 2662 1136 2710 vidit),
1166 2676 1204 2700 re
1231 2662 1512 2708 animadversa,
1546 2663 1601 2701 sic
1621 2665 1824 2705 tractarint

356 2721 456 2759 inter
475 2722 714 2773 eripiendum
735 2723 931 2774 cymbium
950 2723 1221 2774 Theophemus
1248 2730 1288 2761 et
1319 2724 1492 2775 Evergus
1519 2725 1636 2764 frater
1655 2726 1752 2778 ejus„
1778 2735 1822 2767 ut

357 2789 397 2820 et
415 2783 574 2821 brachia
592 2790 631 2821 et
651 2798 790 2822 manus
817 2785 986 2823 mulieris
1015 2785 1205 2835 sanguine
1235 2783 1562 2834 suffunderentur,
1583 2787 1676 2825 dum
1700 2797 1821 2827 retor-

356 2852 520 2894 quentur
539 2845 707 2896 dumque
727 2853 887 2884 vexatur
908 2848 955 2885 ab
977 2847 1058 2885 istis
1079 2847 1260 2898 poculum
1280 2847 1542 2898 eripientibus,
1565 2856 1604 2887 et
1617 2856 1730 2888 notas
1749 2864 1821 2888 un-

357 2905 490 2955 guium
510 2906 549 2944 in
570 2908 672 2945 collo
695 2908 786 2945 dum
805 2908 838 2945 ei
853 2908 1033 2960 jugulum
1053 2909 1312 2961 comprimunt
1324 2915 1364 2947 et
1382 2908 1538 2948 lividum
1551 2917 1686 2964 pectus
1701 2911 1821 2950 habe-

355 2973 434 3005 ret:
465 2981 588 3019 eoque
607 2969 863 3021 improbitatis
882 2978 1082 3019 venerunt,
1113 2978 1157 3010 ut
1175 2984 1290 3010 anum
1310 2977 1350 3009 et
1368 2972 1522 3012 obtorto
1549 2973 1652 3013 collo
1671 2973 1820 3013 trahere
