1948 3306
314 161 363 196 84
799 158 857 196 IN
882 157 1341 199 CTESIPHONTEM.

311 267 401 299 sunt
433 261 658 306 conciones,
679 266 717 298 et
745 261 785 298 in
813 262 940 312 priore
959 263 1164 300 recitatum
1185 268 1245 300 est
1263 273 1467 300 commune
1494 260 1684 300 sociorum
1713 261 1785 300 de*-

312 330 474 369 eretum‚
491 323 603 374 cujus
625 335 777 360 summa
794 335 867 373 ego
889 324 1016 374 capita
1030 323 1197 360 breviter
1214 322 1436 373 praedicam.
1467 322 1638 360 Primum
1653 323 1782 373 itaque

312 384 567 422 decreverunt
585 390 628 421 ut
644 384 692 422 de
706 397 801 435 pace
814 391 965 422 tantum
979 384 1267 430 consultaretis,
1284 383 1480 421 societatis
1498 390 1627 421 autem
1642 396 1783 421 nomen

312 449 594 499 praeterierunt,
616 461 693 487 non
712 450 818 501 quod
838 448 944 486 obliti
964 448 1119 493 fuerint,
1140 448 1210 486 sed
1230 447 1335 498 quod
1356 448 1480 498 ipsam
1504 447 1619 485 etiam
1647 460 1786 498 pacem

313 511 576 550 necessariam
593 512 714 562 magis
741 524 858 562 qnam
878 510 1084 547 honestam
1104 523 1190 548 esse
1211 509 1489 548 existimarent.
1522 509 1675 547 Deinde
1693 522 1785 560 pru-

314 573 422 611 denti
439 573 608 612 remedio
630 571 911 612 Demosthenis
932 571 1110 609 sordibus
1126 578 1388 617 occurrerunt,
1410 577 1526 622 atque
1541 571 1698 609 decreto
1719 570 1789 608 ad-

315 636 569 687 scripserunt,
591 643 633 673 ut
651 634 812 673 cuilibet
832 634 1060 672 Graecorum
1078 633 1214 671 liceret
1243 634 1344 671 intra
1363 641 1441 672 tres
1461 647 1614 672 menses
1635 635 1677 671 in
1696 646 1790 671 ean·
1824 666 1829 677 k

315 698 405 736 dem
426 698 646 736 columnam
680 710 769 734 cum
801 695 1106 734 Atheniensibus
1138 696 1284 743 referri,
1313 696 1527 747 eademque
1557 695 1791 734 sacramenti

317 766 358 798 et
385 760 575 798 foederum
604 758 879 797 communione
908 757 1114 804 contineri,
1144 757 1243 795 duas
1274 770 1336 795 res
1366 758 1556 796 maximas
1588 771 1631 795 ea
1660 757 1790 795 ration

315 829 405 860 ante
426 828 678 873 occupantes,
712 822 876 872 primum
896 821 1053 872 quidem
1076 821 1244 871 spatium
1274 821 1462 858 trimestre
1489 821 1597 871 quod
1629 821 1792 858 Graeco-

318 897 402 920 rum
422 883 681 934 legationibus
704 883 798 921 satis
815 890 918 921 esset
939 889 1203 933 sumpserunt,
1225 882 1366 919 deinde
1381 882 1608 920 Graecorum
1621 883 1790 920 benevo-

316 943 478 982 lentiam
499 944 647 983 civitati
667 950 812 981 nostrae
837 956 917 981 una
945 956 1034 982 cum
1063 942 1260 981 communi
1283 941 1447 980 Graeciae
1477 954 1666 980 consessu
1697 954 1789 979 con-

316 1005 513 1052 ciliarunt,
542 1012 584 1044 ut
609 1006 641 1043 si
660 1006 759 1044 forte
786 1005 1021 1044 violarentur
1041 1005 1202 1051 foedera,
1223 1017 1296 1042 nos
1317 1017 1444 1056 neque
1469 1004 1542 1041 soli
1568 1016 1695 1053 neque
1721 1001 1793 1040 im·

316 1068 441 1118 parati
460 1067 617 1106 bellum
637 1080 874 1117 gereremus,
894 1081 982 1118 quae
1003 1081 1108 1105 nunc
1129 1066 1239 1104 nobis
1273 1067 1391 1118 culpa
1420 1066 1695 1104 Demosthenis
1728 1077 1794 1103 ac-

264 1120 268 1127 *
317 1130 508 1168 ciderunt.
539 1129 609 1166 Me
631 1135 760 1167 autem
779 1141 871 1167 vera
891 1129 1034 1176 dicere,
1054 1130 1140 1179 ipso
1160 1128 1314 1167 decreto
1339 1128 1488 1177 audito,
1507 1127 1753 1180 perdiscetiS.

737 1269 1050 1309 DECRETUM
1083 1269 1388 1308 SOCIORUM.

375 1369 442 1406 26.
475 1367 579 1405 Huic
598 1367 835 1406 me-decreto
857 1379 1057 1405 assensum
1078 1379 1163 1404 esse
1177 1366 1314 1412 fateor,
1330 1365 1486 1403 assensi
1502 1371 1592 1403 sunt
1607 1371 1648 1403 et
1662 1376 1797 1404 omnes

321 1435 494 1479 oratores
524 1430 589 1479 qui
619 1429 657 1465 in
686 1428 811 1480 priore
842 1428 908 1465 illa
936 1428 1125 1466 concione
1155 1428 1274 1465 verba
1305 1427 1496 1464 fecerunt.
1538 1426 1597 1464 Ac
1629 1427 1798 1478 populus

322 1504 409 1528 cum
431 1492 505 1529 hac
526 1491 659 1541 utique
679 1490 860 1542 opinione
882 1490 1077 1537 discessit,
1100 1503 1238 1541 pacem
1257 1489 1414 1540 quidem
1434 1489 1605 1527 futuram
1625 1502 1721 1535 esse,
1752 1489 1800 1527 de

323 1554 513 1592 societate
533 1567 623 1592 vero
642 1559 685 1590 ut
713 1552 939 1591 consultum
964 1559 1081 1598 esset,
1111 1565 1200 1590 cum
1215 1552 1297 1603 jam
1328 1559 1410 1589 tum
1441 1551 1604 1590 Graecos
1633 1552 1681 1589 ad
1697 1565 1801 1589 arma

324 1616 553 1662 concitaret,
582 1628 659 1653 non
698 1615 754 1653 ita
782 1614 979 1666 expedire,
1011 1614 1082 1652 sed.
1111 1627 1197 1652 eam
1226 1614 1397 1652 futuram
1427 1613 1682 1652 communiter
1710 1626 1801 1651 cum

327 1676 477 1715 Graecis
498 1677 702 1715 universis.
752 1677 842 1714 Nox
870 1676 1070 1719 interfuit;
1110 1676 1298 1727 postridie
1327 1677 1367 1714 in
1400 1675 1628 1713 concionem
1657 1688 1801 1713 conve—

324 1739 468 1778 nimus.
513 1740 612 1777 Tum
638 1751 728 1778 vero
761 1738 1051 1776 Demosthenes
1082 1745 1274 1789 suggestu
1305 1743 1511 1789 occupato,
1532 1732 1678 1776 nemini
1709 1737 1804 1775 alio-

323 1814 409 1839 rum
430 1801 587 1839 dicendi
605 1801 693 1839 loco
714 1800 863 1847 relicto,
883 1800 978 1838 nihil
1008 1800 1218 1851 quicquam
1239 1800 1369 1838 aiebat
1399 1813 1446 1838 ea
1471 1813 1560 1850 quae
1586 1799 1669 1837 heri
1698 1799 1803 1837 diee-

324 1869 459 1901 rentur
479 1864 596 1901 verba
616 1863 834 1913 profutura,
863 1862 937 1899 nisi
957 1861 1000 1898 iis
1023 1861 1194 1912 Philippi
1221 1861 1343 1910 legati
1363 1861 1655 1907 assentirentur,
1679 1873 1803 1910 neque

326 1937 367 1962 se
390 1924 484 1962 satis
510 1925 609 1961 scire
637 1923 842 1973 professus
872 1929 932 1958 est
963 1921 1159 1970 quomodo
1189 1934 1265 1971 pax
1298 1921 1380 1959 fieri
1407 1921 1534 1972 possit
1563 1922 1712 1972 absque
1741 1936 1805 1961 so-

327 1986 481 2024 cietate.
541 1985 634 2021 Non
664 1984 767 2020 enim
804 1988 957 2032 oportet
990 1981 1300 2031 inquit--ipsum
1331 1982 1432 2019 enim
1463 1982 1569 2032 quod
1606 1985 1808 2034 usurpavit

325 2048 487 2085 verbum
520 2045 706 2084 memoria
738 2050 869 2089 teneo,
902 2048 1061 2093 propter
1095 2042 1350 2093 asperitatem
1380 2050 1419 2081 et
1441 2044 1523 2095 ejus
1557 2044 1623 2095 qui
1651 2045 1809 2085 dicebat

329 2116 369 2147 et
387 2105 865 2155 vocabuli-disrumpere
886 2103 1113 2142 societatem
1140 2117 1164 2142 a
1182 2117 1297 2155 pace,
1326 2118 1452 2155 neque
1483 2105 1712 2145 Graecorum
1741 2121 1807 2146 ex-

330 2177 509 2222 spectare
548 2167 856 2213 cunctationem,
897 2165 967 2204 sed
1001 2165 1065 2203 vel
1104 2167 1365 2217 nosmetipsos
1403 2167 1548 2205 bellum
1584 2182 1715 2219 gerere
1746 2170 1808 2209 vel

329 2246 469 2285 pacem
497 2230 674 2283 privatim
695 2229 837 2267 facere.
880 2228 929 2265 Et
951 2227 1127 2275 tandem,
1158 2229 1370 2280 Antipatro
1400 2229 1450 2267 ad
1480 2237 1709 2282 suggestum
1739 2232 1808 2270 ad-

330 2300 485 2340 vocato,
504 2291 688 2343 quaedam
712 2304 760 2329 ex
782 2303 829 2328 eo
860 2290 1096 2341 requirebat,
1118 2304 1235 2342 quem
1253 2291 1378 2329 multo
1404 2297 1493 2329 ante
1522 2293 1726 2331 certiorem
1753 2294 1808 2332 fe-

332 2362 441 2395 cerat
472 2355 565 2407 quid
600 2360 702 2392 esset
732 2360 957 2404 rogaturuS,
988 2352 1179 2403 simulque
1212 2353 1509 2404 praemonuisset
1536 2368 1715 2405 quaenam
1744 2357 1810 2395 ille

333 2419 522 2457 adversus
543 2416 717 2466 rempub.
737 2415 1007 2465 responderet.
1057 2414 1262 2452 Postremo
1281 2415 1367 2454 haec
1386 2415 1578 2463 vicerunt,
1607 2430 1695 2456 cum
1722 2418 1812 2457 hinc

335 2479 622 2520 Demosthenes
642 2477 810 2516 dicendo
832 2476 1057 2524 adursisset,
1073 2476 1179 2515 illinc
1195 2476 1437 2516 Philocrates
1457 2478 1702 2529 plebiscitum
1716 2480 1810 2519 scri-

334 2545 492 2596 psisset.

391 2607 458 2642 27.
487 2604 578 2642 Jam
606 2615 697 2641 vero
729 2601 834 2653 quod
867 2602 921 2639 eis
952 2603 1136 2648 restabat,
1167 2609 1212 2640 ut
1247 2602 1541 2654 Cersobleptem
1570 2610 1610 2642 et
1638 2604 1812 2644 Thraciae

336 2669 425 2707 loca
455 2666 623 2716 Philippo
642 2664 847 2710 dederent,
867 2664 907 2701 id
936 2677 1092 2715 quoque
1113 2665 1303 2715 vigesimo
1334 2666 1467 2716 quinto
1497 2665 1814 2717 Elaphebolionis

338 2730 607 2774 confecerunt,
628 2727 854 2779 priusquam
882 2727 1138 2777 posteriorem
1164 2726 1269 2765 illam
1290 2728 1542 2778 legationem,
1557 2728 1814 2780 jurisjurandi

340 2791 522 2843 exigendi
547 2802 680 2835 causa,
700 2787 991 2826 Demosthenes
1014 2788 1161 2826 obiret:
1192 2802 1281 2827 nam
1303 2795 1429 2827 vester
1450 2789 1513 2828 ille
1533 2796 1572 2827 et
1590 2789 1813 2830 Alexandro

341 2862 380 2892 ct
395 2852 575 2903 Philippo
593 2851 764 2888 infensus
780 2855 911 2888 orator
926 2850 984 2887 bis
998 2850 1153 2901 legatus
1167 2851 1364 2902 profectus
1385 2859 1445 2889 est
1460 2851 1499 2888 in
1522 2851 1814 2898 Macedoniarn,

343 2927 432 2954 cum
461 2927 509 2951 ne
542 2912 662 2951 semel
691 2911 848 2963 quidem
870 2911 1061 2962 proficisci
1090 2911 1275 2959 licuisset,
1305 2912 1336 2950 is
1365 2913 1431 2963 qui
1460 2925 1561 2951 nunc
1582 2921 1814 2966 consputare
