1948 3306
330 163 406 202 792
800 159 1009 200 ORATIO
1041 159 1325 200 FUNEBRIS.

329 272 500 306 statuere
518 278 597 305 non
612 265 758 318 possim
778 265 873 317 quid
899 264 963 305 cui
983 263 1034 303 sit
1057 263 1358 316 praeferendum.
1413 262 1495 303 Sed
1521 263 1622 302 dabo
1650 268 1781 303 tamen

326 342 500 381 operam,
520 328 585 380 qui
603 329 691 369 vitae
710 327 862 367 illorum
878 327 975 366 ordo
989 327 1075 374 fuit,
1095 326 1262 366 eundem
1278 332 1318 366 et
1335 325 1458 366 oratio
1476 338 1563 365 mea
1578 334 1624 365 ut
1640 332 1780 365 servet.

326 389 428 429 Nam
450 390 490 429 hi
509 391 638 429 statim
655 390 693 429 in
713 390 891 429 omnibus
909 389 1066 441 puerilis
1085 389 1212 428 aetatis
1227 387 1364 428 studiis
1383 388 1492 427 suere
1515 388 1694 437 illustres,
1713 402 1781 427 ex-

327 451 504 492 ercendis
523 451 569 490 iis
593 465 682 504 quae
702 464 897 504 quamque
915 457 1071 490 aetatem
1091 451 1288 499 decerent,
1307 450 1431 502 iisque
1449 449 1680 502 placuerunt
1696 449 1782 500 qui-

324 515 398 552 bus
429 527 498 567 par
523 521 596 561 est,
621 514 858 566 parentibus,
877 512 1025 560 amicis,
1044 513 1286 565 propinquis.
1342 513 1517 558 Quarum
1542 517 1782 563 rerum‘tan-

324 589 440 628 quam
470 576 634 626 vestigia
665 589 770 614 nunc
802 588 1019 627 agnoscens
1050 582 1303 626 cognatorum
1323 582 1440 628 atque
1464 574 1676 613 amicorum
1702 586 1782 612 me-

324 637 447 676 moria
482 636 646 688 singulis
682 636 787 675 horis
825 649 959 674 eorum
994 636 1184 676 desiderio
1221 638 1402 684 ardescit,
1438 635 1571 675 multis
1616 635 1783 674 subinde
1818 640 1823 650 “

324 699 569 748 monimentis
596 711 729 736 earum
760 697 935 744 laudum,
965 698 1105 747 quibus
1136 698 1191 736 illi
1215 699 1445 749 praestitere,
1477 697 1784 737 occurrentibus.

323 760 534 811 Postquam
553 773 644 798 vero
664 759 714 798 ad
732 758 879 798 virilem
894 765 1049 798 aetatem
1069 766 1341 810 pervenerunt,
1355 773 1434 799 non
1454 760 1559 811 apud
1578 760 1681 798 cives
1697 765 1784 798 tan-

324 829 419 869 tum,
442 823 511 861 sed
542 822 659 861 etiam
690 822 795 875 apud
826 822 1001 860 homines
1021 821 1236 868 universos,
1257 821 1401 873 ingenii
1434 822 1493 860 sui
1517 821 1783 874 praestantiam

322 885 577 924 illustrarunt.

372 949 411 985 7.
442 947 514 985 Est
543 946 657 993 enim,
676 952 735 984 est
767 944 957 983 universae
985 943 1137 983 virtutis
1167 950 1212 983 ut
1239 943 1426 996 sapientia
1455 943 1699 996 principium,
1727 944 1783 983 sic

322 1009 509 1049 fortitudo
528 1009 712 1060 perfectio
728 1022 738 1047 t
768 1014 808 1046 et
827 1014 868 1045 ut
887 1007 954 1046 illa
973 1020 1060 1059 quae
1081 1007 1234 1058 agenda
1254 1013 1343 1045 sunt
1359 1006 1543 1053 decernit,
1561 1006 1616 1045 ita
1633 1007 1719 1045 haec
1738 1019 1786 1045 ea

321 1066 463 1111 tuetur.
521 1072 696 1116 Quarum
728 1077 890 1122 utraque
919 1069 959 1108 hi
992 1069 1158 1108 multum
1190 1069 1468 1108 excelluerunt.
1535 1069 1638 1108 Nam
1669 1075 1721 1117 et,
1754 1069 1787 1108 si

323 1134 427 1185 quod
448 1147 651 1177 commune
671 1132 821 1171 Graecis
834 1132 1011 1171 omnibus
1030 1131 1243 1183 periculum
1264 1131 1481 1183 ingruebat,
1495 1130 1536 1169 hi
1554 1130 1666 1183 primi
1685 1145 1784 1184 prae-

323 1196 501 1235 viderunt
520 1202 557 1235 et
587 1209 691 1248 saepe
720 1208 854 1234 omnes
882 1194 934 1233 ad
969 1194 1233 1233 defensionem
1256 1193 1445 1232 exhortati
1465 1200 1578 1232 sunt:
1619 1194 1659 1233 id
1679 1195 1784 1245 quod

321 1264 384 1296 est
403 1257 519 1296 animi
537 1257 739 1309 prudentis
755 1257 921 1308 signum.
979 1256 1032 1294 Et
1051 1269 1138 1295 cum
1159 1256 1387 1294 Graecorum
1406 1255 1544 1307 partim
1563 1255 1785 1307 ignoranti‘a

322 1319 459 1370 partim
482 1318 762 1370 ignavia„dum
794 1316 1057 1370 impendentia
1087 1317 1190 1356 mala
1215 1330 1350 1355 cavere
1383 1316 1465 1355 sine
1490 1316 1660 1369 periculo
1691 1317 1785 1356 licu-

319 1380 429 1427 isset,
444 1380 505 1419 vel
525 1394 603 1419 non
623 1380 853 1432 praevideret
871 1380 927 1418 vel
950 1378 1222 1426 dissimularet,
1242 1385 1387 1424 tamen,
1402 1385 1447 1417 ut
1470 1385 1681 1433 paruerunt
1699 1380 1785 1418 offi-

321 1443 459 1494 cioque
490 1442 601 1493 fungi
639 1442 856 1488 voluerunt,
878 1441 1031 1492 abjecta
1060 1440 1284 1492 injuriarum
1318 1440 1516 1486 memoria,
1547 1440 1667 1479 duces
1701 1454 1785 1481 sese

321 1505 487 1557 professi
515 1504 774 1556 praestitisque
795 1503 972 1542 alacriter
1002 1504 1179 1542 omnibus
1205 1502 1462 1554 exhibitisque
1490 1508 1531 1542 et
1560 1503 1786 1555 corporibus

320 1575 360 1606 et
390 1567 580 1619 pecuniis,
600 1572 640 1605 et
670 1566 798 1613 sociis,
817 1565 909 1604 belli
939 1565 1149 1604 discrimen
1177 1565 1381 1604 adierunt:
1410 1564 1449 1602 in
1482 1577 1560 1616 quo
1592 1578 1664 1603 nec
1693 1565 1784 1604 vitae

320 1643 401 1669 suae
432 1635 703 1682 pepercerunt.
775 1630 878 1667 Cum
911 1636 1041 1667 autem
1070 1628 1245 1680 praelium
1275 1620 1539 1674 committitur,
1564 1627 1786 1667 necessario

319 1692 461 1739 evenit,
480 1699 523 1730 ut
544 1692 607 1730 alii
640 1693 908 1737 succumbant,
929 1691 993 1729 alii
1013 1690 1184 1730 vincant.
1242 1690 1384 1729 Dicere
1404 1697 1534 1729 autem
1560 1703 1640 1728 non
1672 1690 1784 1728 dubi-

321 1762 414 1801 tem,
429 1753 550 1793 videri
570 1754 663 1792 mihi
691 1768 758 1792 eos
779 1754 847 1805 qui
874 1754 1054 1805 utrinque
1079 1753 1117 1791 in
1146 1753 1228 1792 acie
1261 1752 1528 1800 occubuerint,
1547 1758 1629 1791 tum
1660 1751 1784 1791 cladis

320 1824 492 1869 acceptae
514 1823 704 1867 experteS,
724 1823 804 1854 tum
831 1816 974 1867 pariter
1006 1821 1190 1865 utrosque
1210 1815 1375 1853 victores
1406 1827 1508 1853 esse.
1566 1813 1668 1852 Nam
1686 1813 1787 1852 inter

318 1879 490 1917 viventes
510 1891 644 1916 eorum
665 1892 752 1918 esse
772 1877 935 1916 victoria
954 1877 1121 1922 ducitur,
1147 1876 1288 1927 quibus
1308 1889 1331 1914 a
1351 1876 1423 1914 diis
1451 1875 1516 1914 illa
1536 1875 1783 1915 conceditur:

320 1941 427 1992 quod
447 1947 575 1978 autem
602 1940 652 1978 ad
680 1954 764 1979 eam
793 1939 1043 1978 obtinendam
1063 1938 1328 1990 requirebatur
1360 1951 1382 1976 a
1403 1937 1578 1989 singulis,
1610 1937 1649 1975 id
1679 1937 1784 1989 quis-

318 2003 402 2054 quis
423 2003 590 2041 servavit
604 2002 757 2040 ordines
776 2001 965 2053 praestitit.
1023 2001 1101 2043 Qui
1128 2001 1159 2038 si
1186 2000 1302 2040 homo
1319 2008 1436 2038 natus
1467 2000 1548 2038 fato
1577 1999 1785 2047 concessit,

318 2079 524 2117 perpessus
542 2064 605 2102 ille
625 2065 780 2116 quidem
800 2064 838 2102 id
866 2070 926 2102 est
944 2063 1050 2114 quod
1080 2063 1245 2101 fortunae
1263 2063 1390 2101 visum
1409 2061 1494 2109 fuit,
1515 2062 1690 2100 hostibus
1715 2075 1785 2101 au-

319 2135 397 2166 tem
417 2128 545 2166 animo
560 2140 637 2165 non
658 2126 877 2166 succubuit.
936 2126 1040 2169 Quin
1059 2125 1174 2164 etiam
1195 2125 1383 2169 existimo,
1405 2137 1482 2176 quo
1507 2124 1634 2162 minus
1653 2124 1786 2163 hostes

318 2190 518 2241 regionem
548 2196 719 2227 nostram
757 2188 984 2234 invaserint,
1019 2194 1162 2238 praeter
1207 2186 1514 2225 adve‘rsariorum
1551 2186 1784 2232 socordiam,

318 2253 458 2290 horum
487 2265 642 2303 quoque
676 2251 857 2289 virtutem
891 2249 1010 2288 fuisse
1040 2262 1209 2288 causam.
1267 2248 1369 2287 Nam
1393 2248 1459 2299 qui
1488 2254 1570 2286 tum
1594 2248 1672 2286 illic
1691 2261 1788 2286 con-

319 2314 509 2360 flixerant,
539 2314 677 2352 viritim
704 2312 881 2364 periculo
910 2312 1151 2363 singulorum
1180 2312 1298 2357 facto,
1333 2311 1462 2349 denuo
1494 2309 1630 2348 Martis
1660 2310 1784 2349 aleam

318 2388 409 2415 cum
441 2375 590 2413 illorum
623 2374 802 2425 cognatis
836 2373 1001 2424 experiri
1030 2373 1251 2419 noluerunt,
1276 2371 1542 2410 existimantes
1568 2370 1650 2409 fore
1668 2371 1786 2410 utin-

321 2438 444 2490 geniis
464 2437 649 2475 similibus
665 2442 924 2481 occurrerent,
946 2434 1015 2472 sed
1035 2448 1114 2472 non
1134 2448 1220 2473 esse
1242 2433 1355 2472 facile
1377 2433 1539 2472 similem
1560 2432 1689 2472 denuo
1707 2433 1786 2471 for-

320 2508 455 2538 tunam
470 2499 644 2551 adipisci.
700 2498 817 2542 Quod
837 2498 891 2535 ita
909 2510 1009 2543 esse,
1029 2497 1090 2534 vel
1111 2496 1274 2535 maxime
1294 2496 1411 2534 factae
1431 2494 1546 2535 etiam
1567 2495 1673 2546 pacis
1692 2508 1785 2533 con-

321 2561 487 2600 ditiones
508 2560 740 2599 ostendunt:
772 2572 844 2597 nec
865 2558 967 2596 enim
994 2558 1069 2596 dici
1098 2564 1227 2609 potest
1247 2570 1367 2596 causa
1400 2557 1481 2595 ulla
1498 2556 1558 2595 vel
1576 2556 1701 2594 verior
1724 2555 1786 2595 vel

319 2624 520 2662 honestior
534 2637 603 2662 cur
623 2621 928 2661 adversariorum
947 2620 1129 2659 dominus
1150 2619 1424 2658 defunctorum
1443 2617 1671 2657 necessariis
1691 2619 1784 2657 ami-

323 2701 392 2726 cus
420 2687 514 2733 fieri,
545 2699 663 2737 quarn
696 2685 824 2723 denuo
845 2683 894 2722 de
915 2696 1065 2721 summa
1089 2695 1217 2720 rerum
1243 2682 1427 2720 dimicare
1451 2680 1640 2724 maluerit,
1668 2694 1785 2732 quam

323 2749 474 2787 virtutis
502 2761 636 2786 eorum
656 2747 871 2785 admiratio.
928 2745 1106 2784 Arbitror
1125 2750 1269 2790 autem,
1288 2743 1320 2781 si
1340 2742 1426 2794 quis
1447 2756 1513 2781 eos
1539 2741 1642 2794 ipsos
1662 2742 1727 2793 qui
1746 2742 1784 2780 in

322 2812 406 2850 acie
426 2816 618 2849 steterunt
638 2814 763 2860 roget,
785 2814 914 2846 utrum
934 2806 1154 2846 existiment
1173 2818 1214 2844 se
1235 2810 1373 2856 suapte
1391 2805 1546 2850 virtute,
1575 2818 1625 2842 an
1656 2804 1786 2855 inspe-

323 2880 407 2912 rata
436 2879 476 2912 et
499 2872 701 2924 impotenti
726 2871 895 2918 fortuna,
928 2883 1008 2908 rem
1039 2870 1139 2908 bene
1167 2867 1350 2920 gessisse,
1372 2866 1510 2918 suique
1546 2865 1784 2918 imperatoris

323 2934 458 2990 peritia
475 2940 516 2974 et
533 2933 695 2974 audacia
712 2941 752 2973 et
771 2932 1028 2980 animositate,
1048 2930 1242 2970 neminem
1267 2929 1321 2969 ita
1349 2928 1411 2968 vel
1437 2928 1702 2982 impudentem
1721 2927 1783 2968 vel
