1948 3306
340 189 418 229 630
731 187 1026 227 ADVERSUS
1058 185 1420 226 LEOCHAREM.

880 315 1272 355 CONTESTATIO.

341 411 597 452 Contestatus
629 412 744 465 igitur
768 413 841 451 iste
869 418 942 458 est,
962 412 1018 450 ita
1047 424 1141 450 sane
1167 411 1267 450 sicut
1292 400 1510 458 audivistis,
1537 411 1575 449 in
1593 410 1801 450 Archiadae

337 474 607 513 haereditatem
628 475 691 526 agi
709 488 786 513 non
804 487 936 526 posse,
952 487 1040 512 curn
1059 474 1093 512 ei
1109 473 1186 513 sint
1204 474 1398 513 naturales
1417 474 1526 512 liberi
1545 473 1655 513 firma
1670 482 1804 515 aucto-

337 536 451 574 ritate
471 549 519 574 ex
538 536 726 575 instituto,
783 536 1011 580 Quaeramus
1023 535 1152 586 igitur,
1167 535 1244 574 sint
1257 549 1305 575 ne
1324 536 1359 575 ei
1374 536 1495 583 liberi,
1515 549 1565 575 an
1577 535 1647 574 iste
1659 536 1801 576 falsum

339 603 580 637 contestatus
603 598 666 636 sit.
700 597 915 636 Archiades
936 597 1014 644 ille,
1034 596 1146 648 cujus
1165 604 1224 635 est
1237 596 1459 644 haereditas,
1475 597 1676 649 adoptavit
1691 598 1803 636 istius
1824 634 1829 644 ,

338 660 405 712 qui
425 672 528 698 nunc
541 665 785 698 contestatus
806 666 865 697 est
884 672 998 698 avum
1015 673 1024 698 :
1053 659 1086 697 is
1105 672 1209 706 vero,
1237 659 1410 710 legitimo
1429 659 1508 698 filio
1533 659 1669 698 relicto
1694 666 1805 711 patre

334 722 446 762 istius
465 722 685 767 Leostrato,
708 721 758 759 ad
779 721 998 760 Eleusinios
1018 720 1153 759 rediit:
1182 728 1273 772 post
1290 721 1375 760 haec
1394 722 1477 773 ipse
1498 721 1722 761 Leostratus
1742 721 1806 760 iti-

338 784 442 831 dem,
460 784 594 822 relicto
617 783 708 830 filio,
732 783 770 821 in
801 791 1003 835 paternam
1029 783 1212 822 familiam
1241 783 1381 823 rediit:
1410 785 1473 823 ille
1492 798 1582 824 vero
1603 786 1651 824 ab
1671 797 1718 823 eo
1736 797 1806 836 po-

338 851 507 885 stremus
526 846 685 884 relictus
701 846 870 883 omniurn
892 846 1166 898 adoptatorum
1187 846 1269 885 sine
1299 846 1425 885 liberis
1445 847 1626 894 decessit,
1644 847 1808 899 proinde

341 908 486 947 familia
506 908 668 947 deserta¹
682 908 795 947 rediit
814 907 1019 946 haereditas
1038 920 1172 945 rursus
1193 908 1244 946 ad
1263 921 1330 947 eos
1351 909 1418 958 qui
1445 910 1494 946 ab
1523 908 1632 947 initio
1665 921 1809 961 genere

337 971 502 1023 proximi
521 970 692 1009 fuerunt.
745 970 833 1014 Quo
853 975 969 1021 pacto
988 969 1118 1020 igitur,
1137 969 1243 1020 quod
1268 969 1377 1008 istius
1406 971 1686 1010 contestatione
1705 970 1810 1009 affir-

337 1039 479 1081 matur,
507 1033 574 1071 filii
600 1032 718 1083 aliqui
745 1032 954 1070 Archiadae
978 1031 1115 1082 reliqui
1145 1044 1233 1070 esse
1263 1038 1438 1084 possent,
1462 1045 1552 1070 cum
1579 1038 1619 1070 et
1638 1031 1812 1084 adoptivi

338 1094 423 1146 ejus
444 1108 485 1134 se
511 1106 708 1146 regressos
729 1107 817 1132 esse
837 1094 1047 1141 fateantur,
1066 1099 1106 1132 et
1133 1093 1165 1132 is
1193 1093 1259 1146 qui
1287 1100 1509 1146 postremus
1527 1093 1567 1132 in
1586 1093 1733 1133 familia
1750 1107 1810 1132 re—

335 1155 454 1196 lictus
474 1159 542 1196 est‘
552 1157 669 1195 orbus
689 1155 930 1194 decesserit?
967 1155 1137 1194 Proinde
1164 1168 1324 1194 necesse
1344 1161 1405 1195 est
1423 1154 1609 1194 familiam
1634 1168 1721 1194 esse
1740 1155 1809 1193 de-

338 1225 502 1257 sertam:
531 1231 620 1269 quae
639 1218 793 1257 deserta
811 1230 901 1257 curn
921 1218 985 1265 sit,
999 1216 1108 1256 liberi
1130 1230 1333 1270 superesse
1354 1224 1566 1269 nequeunt.
1598 1217 1677 1256 Iste
1691 1217 1809 1269 igitur

336 1287 581 1320 contestatus
601 1286 664 1319 est
682 1294 749 1319 eos
769 1280 836 1331 qui
856 1293 934 1319 non
955 1286 1046 1318 sunt
1064 1294 1174 1325 esse;
1202 1286 1242 1318 et
1264 1280 1303 1318 in
1326 1279 1610 1319 contestatione
1639 1278 1808 1331 scripsit,

337 1355 451 1383 cum
488 1342 570 1382 sin
586 1349 604 1381 t
637 1342 712 1382 lib
728 1356 749 1381 e
762 1343 815 1389 ri,
845 1343 911 1394 qui
929 1355 1049 1380 unum
1072 1355 1115 1381 se
1135 1355 1221 1381 esse
1241 1341 1392 1381 asserit.

396 1405 459 1444 16.
481 1405 534 1443 At
552 1418 641 1444 cum
661 1404 757 1443 dicit
787 1404 1070 1443 naturales
1096 1404 1241 1442 firma
1271 1403 1614 1442 auctoritate
1647 1415 1710 1441 ex
1740 1401 1809 1441 in-

336 1480 356 1507 s
369 1468 472 1507 titu
484 1474 501 1506 t
513 1481 553 1518 o,
583 1469 838 1520 imposturam
857 1466 952 1505 facit
969 1473 1106 1505 contra
1122 1465 1263 1517 legem.
1296 1466 1398 1504 Nam
1417 1465 1515 1504 illud
1533 1471 1592 1504 est
1612 1477 1701 1503 esse
1728 1478 1755 1503 n
1769 1477 1810 1503 a-

334 1536 390 1569 tu
403 1529 481 1569 ral
495 1543 515 1569 e
530 1543 583 1577 m,
613 1530 646 1568 si
666 1529 750 1581 quis
771 1529 919 1568 semine
939 1535 1045 1567 satus
1065 1528 1194 1576 fuerit,
1214 1534 1255 1567 et
1272 1528 1348 1566 hoc
1367 1533 1530 1566 testatur
1554 1527 1617 1566 lex
1644 1526 1705 1565 his
1723 1539 1809 1565 ver-

335 1595 413 1644 bis,
441 1607 588 1646 quam
617 1593 973 1645 desponderit
1003 1598 1148 1643 pater
1180 1597 1266 1630 aut
1291 1591 1461 1629 frater
1487 1586 1576 1629 aut
1599 1603 1734 1637 avus,
1753 1603 1809 1628 ex

335 1669 396 1696 ea
429 1656 708 1695 naturales
741 1667 798 1693 ac
830 1654 971 1705 legit
988 1653 1073 1690 imi
1113 1652 1272 1691 liberi
1315 1659 1491 1692 sunto:
1531 1652 1691 1691 verbum
1722 1664 1810 1704 por-

332 1733 377 1759 ro
414 1733 432 1757 r
445 1732 468 1757 a
482 1725 498 1757 t
512 1732 536 1757 a
584 1731 608 1756 a
620 1731 645 1755 u
659 1730 679 1755 c
693 1723 710 1755 t
721 1729 744 1755 o
756 1730 773 1754 r
785 1716 797 1754 i
809 1723 826 1754 t
837 1730 861 1755 a
871 1722 889 1754 t
901 1729 922 1754 e
958 1715 1161 1766 legislator
1198 1715 1246 1753 de
1287 1714 1562 1766 adoptionibus
1595 1714 1811 1766 usurpavit,

336 1780 445 1834 quod
475 1780 736 1826 existimabat,
767 1779 810 1817 si
835 1777 966 1829 quis,
996 1778 1157 1816 orbus
1190 1789 1399 1815 suorum
1431 1777 1691 1815 bonorum
1729 1776 1811 1814 do-

334 1843 475 1882 minu
492 1855 525 1890 s,
561 1841 727 1880 filiurn
762 1839 1062 1891 adoptarit,
1099 1845 1271 1877 ratum
1307 1838 1358 1876 id
1394 1851 1526 1877 esse.
1602 1837 1682 1876 Iste
1719 1850 1811 1877 vero

335 1913 536 1944 natura
567 1904 718 1942 nullum
751 1901 959 1941 Archiadae
989 1901 1111 1939 filium
1140 1914 1227 1939 esse
1257 1901 1330 1939 ait:
1374 1900 1445 1939 sed
1472 1905 1716 1939 contestatus
1749 1906 1813 1938 est

338 1979 362 2005 c
374 1980 400 2004 u
414 1979 453 2005 m
490 1966 571 2005 sin
582 1973 600 2004 t
631 1979 657 2003 n
670 1978 693 2004 a
705 1971 721 2003 t
733 1978 758 2002 u
771 1977 789 2001 r
804 1964 887 2002 ale
902 1977 934 2011 s,
976 1962 1258 2001 contestatione
1277 1963 1384 2000 facta
1401 1961 1457 2000 rei
1476 1961 1684 2001 contraria.
1732 1961 1810 2006 Qui

337 2040 427 2067 cum
447 2040 489 2066 se
509 2027 734 2079 adoptivum
757 2039 842 2064 esse
861 2025 1103 2078 profiteatur,
1121 2025 1170 2062 ab
1189 2024 1276 2076 ipso
1297 2024 1483 2063 defuncto
1497 2031 1542 2062 ut
1555 2030 1717 2063 constat
1733 2037 1813 2063 non

337 2097 400 2129 est
429 2090 668 2143 adoptatus:
699 2089 876 2141 proinde,
909 2101 988 2139 quo
1020 2094 1136 2140 pacto
1171 2087 1239 2126 tibi
1272 2087 1347 2126 ista
1371 2101 1488 2139 porro
1513 2094 1601 2126 rata
1627 2092 1744 2126 erunt
1762 2100 1810 2125 ex

336 2152 549 2192 instituto?
591 2152 818 2204 Propterea,
838 2150 1033 2198 nimirum,
1066 2150 1173 2202 quod
1200 2149 1408 2202 inscriptus
1441 2157 1501 2189 est
1531 2149 1812 2188 Archiadae

339 2214 391 2253 fil
404 2214 416 2253 i
429 2228 452 2252 u
465 2228 482 2253 s
499 2229 509 2260 ;
550 2215 599 2253 ab
619 2215 702 2253 istis
721 2214 872 2253 scilicet
889 2226 1014 2265 nuper
1032 2213 1068 2251 vi
1087 2213 1208 2258 facta,
1230 2225 1318 2250 cum
1339 2211 1386 2251 lis
1405 2212 1455 2252 de
1473 2211 1702 2251 haereditate
1727 2211 1812 2263 jam

339 2282 561 2316 contestata
592 2283 708 2316 esset.
775 2277 867 2315 Non
898 2282 959 2314 est
990 2275 1164 2330 profecto
1191 2275 1343 2327 justum
1381 2274 1560 2327 injuriam
1594 2272 1813 2327 argumenti

338 2337 427 2377 loco
448 2339 657 2378 adducere.
1470 2380 1472 2383 ⁸

399 2402 461 2440 17.
492 2401 595 2439 Nam
614 2400 726 2447 illud,
753 2400 776 2438 J
783 2397 929 2446 udices,
948 2398 1038 2437 ferri
1070 2398 1136 2450 qui
1159 2405 1305 2451 potest,
1322 2411 1411 2437 eum
1439 2398 1506 2449 qui
1538 2410 1643 2436 nunc
1673 2397 1812 2436 incun-

339 2470 493 2503 ctanter
520 2463 626 2501 dicat
655 2475 697 2501 se
731 2461 956 2512 adoptivum
985 2473 1089 2508 esse,
1108 2461 1147 2498 in
1179 2459 1464 2500 contestatione
1490 2459 1530 2498 id
1545 2459 1714 2499 scribere
1732 2471 1811 2499 non

339 2525 461 2564 fuisse
491 2537 651 2563 ausum:
678 2524 747 2562 sed
774 2523 961 2574 scriptum
983 2522 1021 2559 in
1049 2522 1334 2561 contestatione
1366 2521 1420 2560 ita
1440 2534 1524 2561 esse
1554 2529 1599 2560 ut
1623 2520 1673 2560 de
1699 2520 1812 2559 filio

340 2586 598 2634 naturali,
633 2599 681 2625 ea
712 2598 800 2637 quae
832 2598 924 2623 mox
955 2584 1134 2623 dicentur
1165 2590 1211 2622 ut
1238 2582 1287 2622 de
1312 2582 1586 2634 adoptivo?
1627 2581 1746 2626 Quod
1778 2580 1815 2619 si

338 2649 610 2689 defensionem
632 2649 834 2687 attulerint
852 2646 1127 2686 contestationi
1148 2644 1394 2691 contrariam,
1413 2644 1526 2683 aliter
1543 2643 1625 2682 fieri
1646 2643 1712 2695 qui
1739 2656 1811 2695 po-

341 2718 419 2751 test
437 2712 531 2764 quin
562 2720 630 2750 aut
649 2709 827 2749 defensio
856 2709 957 2748 falsa
986 2708 1038 2747 sit
1065 2714 1135 2747 aut
1161 2705 1421 2747 contestatio?
1459 2706 1545 2745 Nec
1573 2706 1627 2744 ab
1652 2718 1693 2746 re
1714 2706 1811 2746 ado·

339 2776 513 2826 ptIonem
533 2774 574 2813 in
603 2772 887 2813 contestatione
906 2784 986 2810 non
1004 2776 1234 2823 posuerunt.
1291 2767 1606 2807 Adscribendum
1634 2766 1737 2806 enim
1756 2768 1811 2807 eis

339 2836 492 2884 fuisset,
512 2850 535 2875 a
553 2849 631 2888 quo
651 2842 783 2875 essent
811 2834 1008 2886 adoptati:
1038 2833 1103 2872 ille
1137 2839 1267 2872 autem
1298 2844 1367 2871 eos
1397 2843 1476 2870 non
1503 2829 1719 2884 adoptavit,
1739 2832 1810 2870 sed

342 2898 415 2952 ipsi
434 2912 517 2937 sese
536 2899 767 2951 adoptantes
788 2910 859 2936 nos
878 2896 1105 2936 haereditate
1127 2894 1310 2947 spoliant.
1791 2906 1800 2911 ·

396 2962 459 3001 18.
489 2960 576 3000 Jam
602 2967 645 3000 ut
676 2972 884 3012 pergamus
911 2959 962 2998 ad
995 2957 1083 3007 alia,
1103 2957 1169 3009 qui
1196 2969 1275 2997 non
1304 2954 1516 2995 absurdum
1547 2953 1661 2994 simul
1681 2959 1720 2992 et
1739 2952 1810 2992 ini-
