1948 3306
326 171 405 209 776
791 171 1015 211 CONTRA
1046 170 1309 213 NEAERAM.

332 275 449 325 gisse,
469 279 509 312 et
528 286 717 314 reversam
737 275 956 316 vadimonio
974 275 1098 314 fuisse
1118 274 1330 326 obligatam
1349 272 1454 325 apud
1482 272 1730 319 bellidueem‚
1750 276 1794 310 ut

330 334 586 387 peregrinam,
607 343 647 375 et
675 337 847 376 oratione
867 339 976 376 vobis
1005 337 1244 383 demonstro,
1272 342 1313 374 et
1330 335 1560 374 testimoniis
1578 341 1639 374 est
1656 333 1796 387 proba-

331 405 415 436 tum
432 412 441 441 ;
472 398 676 437 ostendam
694 406 823 438 autem
844 399 950 436 vobis
966 405 1006 436 et
1023 398 1150 449 ipsum
1168 398 1411 449 Stephanum
1425 396 1691 443 testificatum,
1706 408 1793 435 eam

331 473 418 497 esse
446 461 702 512 peregrinam.
761 460 898 498 Filiam
918 458 1019 497 enim
1050 460 1214 506 Neaerae,
1236 473 1353 510 quam
1379 472 1426 498 ea
1444 471 1576 502 secum
1592 457 1794 510 parvulam

332 522 501 572 puellam
528 523 578 561 ad
604 537 692 561 enm
713 522 930 561 adduxerat
947 522 1169 574 (Strybelen
1187 530 1270 561 tum
1288 523 1497 569 vocabant,
1515 533 1619 561 nunc
1638 519 1795 559 Phano-

333 583 440 632 nem)
460 585 680 636 Stephanus
700 598 769 635 pro
791 597 860 623 sua
886 584 968 622 filia
985 585 1138 623 cuidam
1163 583 1408 631 Atheniensi,
1431 582 1629 627 Phrastori
1658 580 1795 633 AEgili÷

331 646 416 684 ensi
435 646 614 693 collocat,
642 646 733 684 dote
753 647 912 698 triginta
936 646 1128 685 minarum
1154 647 1304 686 addita.
1361 647 1416 685 Ut
1442 652 1570 685 autem
1590 645 1642 685 ad
1672 643 1795 685 Phra·
1826 654 1831 666 “

329 715 472 747 stoi-em
490 709 609 757 venit,
627 709 825 748 hominem
843 709 1093 756 laboriosum,
1108 710 1254 762 quique
1268 723 1349 749 rem
1367 709 1595 749 familiarem
1614 713 1796 753 accurate

327 771 592 819 instruxisset,
628 784 707 810 non
743 778 898 823 poterat
928 771 997 811 illa
1032 771 1254 811 Phrastoris
1286 771 1474 811 delectari
1503 770 1689 818 moribus,
1724 768 1795 809 sed

328 833 460 872 matris
476 834 654 873 instituta
665 834 897 884 requirebat,
917 842 955 873 et
975 835 1140 874 eandem
1168 832 1454 887 impunitatem,
1469 841 1514 873 ut
1532 834 1573 872 in
1586 833 1655 874 tali
1673 833 1796 872 licen-

327 895 380 933 tia
415 895 595 935 educata.
663 895 865 945 Phrastor‚
895 897 963 949 qui
994 911 1081 936 eam
1113 910 1241 949 neque
1269 897 1489 936 modestam
1520 909 1608 935 esse
1632 895 1794 942 videret,

328 970 456 1008 neque
481 958 555 996 sibi
587 958 835 1010 morigeram,
855 959 1047 1011 simulque
1084 959 1306 999 sciscitatus
1333 966 1452 1005 esset,
1481 964 1522 998 et
1552 965 1795 1009 compertum

326 1019 502 1068 haberet,
534 1033 619 1059 eam
638 1035 716 1060 non
737 1035 821 1061 esse
848 1022 1037 1075 Stephani
1056 1022 1190 1070 filiam,
1209 1023 1281 1062 sed
1302 1022 1472 1068 Neaerae,
1493 1034 1610 1073 seque
1630 1019 1796 1073 primum

327 1081 549 1134 deceptum,
565 1097 655 1122 cum
674 1083 910 1137 desponsam
930 1091 974 1124 ut
992 1085 1196 1138 Stephani,
1215 1098 1294 1124 non
1313 1093 1358 1124 ut
1377 1085 1530 1123 Neaerae
1547 1083 1668 1122 filiam
1682 1095 1797 1121 aoce-

326 1143 460 1195 pisset,
482 1159 598 1196 quam
627 1148 846 1199 suscepisse
864 1147 1086 1200 Stephanus
1108 1161 1158 1187 ex
1186 1147 1308 1187 altera
1328 1160 1458 1194 uxore,
1478 1146 1704 1198 priusquam
1723 1144 1796 1183 du-

327 1207 453 1247 xisset
473 1208 667 1257 Neaeram,
689 1209 907 1250 diceretur:
938 1210 998 1249 his
1026 1212 1204 1250 omnibus
1237 1211 1287 1249 de
1323 1210 1452 1249 causis
1480 1209 1537 1248 ira
1565 1214 1795 1254 commotus,

326 1283 448 1322 seque
469 1278 508 1310 et
527 1272 773 1311 contumeliis
792 1272 980 1312 affectum
1006 1281 1047 1312 et
1074 1273 1257 1312 delusum
1284 1285 1369 1311 esse
1396 1283 1500 1323 aegre
1528 1271 1671 1316 ferens,
1692 1268 1798 1322 ejicit

324 1333 540 1381 mulierem,
573 1348 691 1385 quam
723 1347 870 1374 annum
906 1336 986 1374 sere
1019 1336 1125 1388 apud
1161 1349 1247 1375 sese
1276 1335 1480 1380 habuerat,
1511 1338 1796 1384 praegnantem,

325 1393 417 1445 dote
447 1407 525 1433 non
560 1395 726 1434 reddita.
784 1397 885 1435 Cum
917 1410 1011 1436 vero
1046 1397 1270 1452 Stephanus
1299 1396 1334 1435 ei
1363 1395 1466 1434 diem
1496 1394 1661 1447 dixisset
1691 1392 1796 1444 apud

326 1456 495 1504 Odeum,
517 1456 567 1494 de
588 1458 694 1503 dote,
727 1471 775 1495 ex
808 1459 896 1509 lege
925 1473 1014 1510 quae
1029 1460 1156 1511 jubet,
1176 1459 1207 1498 si
1235 1457 1422 1497 dimiserit
1454 1469 1626 1504 uxorem,
1656 1454 1798 1494 reddat

325 1518 472 1565 dotem,
489 1518 548 1556 sin
567 1518 710 1564 minus,
732 1532 870 1558 novem
901 1521 1036 1560 obolos
1067 1533 1227 1559 usuram
1253 1520 1416 1572 pendat,
1437 1525 1478 1558 et
1496 1517 1664 1557 curatori
1681 1517 1796 1556 muli-

328 1580 403 1618 eris
429 1594 500 1632 pro
531 1593 579 1619 ea
607 1579 657 1619 de
690 1580 795 1619 victu
825 1581 876 1619 ad
908 1581 1066 1621 Odeum
1084 1582 1199 1621 detur
1218 1581 1537 1629 actio,Phrastor
1554 1579 1796 1632 Stephanum

329 1644 434 1694 apud
465 1643 640 1682 sexviros
661 1650 837 1691 accusat,
859 1657 963 1692 eum,
981 1657 1070 1682 cum
1091 1644 1143 1683 sit
1161 1643 1423 1691 Atheniensis,
1442 1642 1659 1695 peregrinae
1676 1641 1795 1680 filiam

327 1717 399 1757 pro
420 1718 493 1745 sua
511 1705 782 1758 despondisse,
799 1719 848 1745 ex
866 1706 953 1759 lege
973 1706 1062 1746 hac.
1118 1706 1205 1758 Age
1223 1706 1345 1745 recita
1362 1705 1457 1744 mihi
1474 1705 1615 1757 legem.

996 1825 1124 1865 LEX.

371 1913 405 1944 Si
418 1912 487 1953 quis
500 1916 603 1943 autem
614 1912 682 1943 viro
696 1911 879 1944 Atheniensi
894 1914 1090 1954 peregrinam
1103 1912 1265 1944 mulierem
1280 1922 1337 1952 pro
1352 1922 1406 1943 sua
1418 1911 1555 1949 elocarit,
1570 1911 1795 1952 ignominiosus

330 1969 410 2001 esto,
427 1970 457 1994 et
472 1965 537 2004 ejus
554 1974 605 1995 res
618 1964 778 1995 familiaris
794 1965 985 2005 publicetur,
1000 1969 1030 1996 et
1046 1965 1141 1996 triens
1158 1970 1226 1995 esto
1242 1966 1308 2004 ejus
1322 1965 1374 2004 qui
1386 1975 1455 1995 eum
1465 1963 1657 1995 convicerit:
1675 1969 1798 1995 accuset

327 2021 430 2047 autem
456 2017 538 2058 apud
556 2017 698 2048 sexviros
718 2016 832 2058 aliquis
849 2028 889 2048 ex
903 2017 954 2055 iis,
969 2017 1080 2058 quibus
1095 2017 1180 2055 licet,
1196 2017 1451 2057 quemadmodum
1475 2016 1715 2057 peregrinitatis.

324 2104 384 2141 Ac
402 2102 529 2154 legem
548 2116 625 2156 qua
646 2104 868 2157 Stephanus
887 2118 910 2143 a
928 2104 1137 2143 Phrastore
1159 2109 1220 2143 est
1239 2103 1346 2155 apud
1372 2102 1544 2142 sexviros
1570 2108 1794 2148 accusatus,

323 2165 538 2205 audivistis.
596 2167 697 2206 Cum
734 2174 864 2206 autem
896 2167 1144 2220 intelligeret,
1172 2180 1214 2206 se
1242 2166 1462 2210 convictum
1495 2166 1544 2206 de
1577 2165 1794 2218 peregrinae

322 2223 590 2276 filia'elocata,
603 2229 643 2267 in
664 2243 816 2269 summo
837 2226 1064 2270 discrimine
1078 2228 1554 2282 versaturum,paciscitur
1568 2242 1656 2270 cum
1672 2227 1795 2267 Phra·
1834 2281 1836 2283 ‚

327 2296 444 2337 store,
460 2297 499 2329 et
527 2290 618 2330 dote
648 2292 766 2341 cedit,
777 2293 968 2346 judicium
1001 2294 1050 2332 de
1068 2294 1179 2333 victu
1199 2292 1322 2332 tollit:
1353 2291 1540 2332 Phrastor
1562 2291 1656 2332 item
1675 2290 1795 2333 actio-

320 2365 409 2390 nem
437 2354 542 2405 apud
561 2354 734 2394 sexviros
755 2355 989 2395 institutam.
1046 2356 1148 2401 Quae
1166 2362 1212 2395 ut
1240 2368 1333 2395 vera
1352 2367 1441 2394 esse
1470 2359 1637 2402 constet,
1655 2353 1794 2392 horum

321 2414 431 2453 vobis
450 2415 578 2467 ipsum
598 2416 850 2456 Phrastorem
868 2419 998 2456 citabo
1017 2424 1169 2464 testem,
1187 2424 1227 2456 et
1239 2429 1377 2469 cogam
1396 2416 1545 2464 testari,
1561 2414 1792 2456 auctoritate

321 2475 465 2528 legum.
520 2478 631 2517 Voca
648 2478 740 2517 mihi
758 2479 1008 2518 Phrastorem
1024 2478 1290 2531 AEgiliensem.

841 2599 1261 2639 TESTIMONIUM.

365 2694 515 2725 Phrastor
530 2694 711 2735 AEgilieusis
730 2699 868 2734 testatur,
884 2703 1048 2738 postquam
1061 2696 1194 2728 senserit
1209 2697 1399 2737 Stephanum
1415 2695 1475 2727 sibi
1491 2695 1524 2727 N
1526 2705 1614 2728 eaerae
1628 2695 1723 2728 filiam
1734 2697 1789 2727 de-

320 2747 482 2785 spondisse
500 2758 552 2788 pro
566 2758 632 2784 sua,
649 2759 681 2779 se
696 2749 845 2779 adversus
860 2760 930 2780 eum
951 2750 1103 2780 actionem
1119 2749 1290 2781 instituisse
1305 2750 1388 2789 apud
1406 2749 1561 2786 sexviros,
1576 2753 1607 2780 et
1626 2748 1786 2789 mulierem

321 2797 452 2835 ejecisse
474 2798 575 2835 domo,
590 2810 688 2840 neque
715 2800 827 2831 habere
851 2801 954 2831 adhuc·
971 2801 1002 2831 in
1027 2801 1234 2836 matrimonio¹
1252 2801 1339 2838 item,
1357 2811 1449 2842 quum
1470 2801 1530 2831 sibi
1549 2800 1722 2843 Stephanus
1747 2801 1786 2830 ad

319 2848 441 2879 Odeum
457 2850 495 2881 de
508 2850 592 2882 victu
608 2851 689 2882 diem
706 2851 853 2891 dixisset,
867 2863 971 2884 secum
982 2853 1171 2893 transegisse
1185 2853 1386 2893 Stephanum,
1403 2858 1437 2883 ut
1453 2853 1533 2884 actio
1549 2853 1633 2894 apud
1645 2852 1784 2885 sexviros

316 2899 477 2933 tolleretur
491 2902 627 2943 itemque
643 2904 819 2945 Stephanus
836 2906 956 2937 actione
973 2907 1012 2937 de
1028 2905 1113 2937 victu
1126 2907 1233 2937 contra
1249 2915 1282 2936 se
1294 2905 1436 2937 instituta
1451 2904 1627 2936 desisteret.

1936 2051 1948 2239 ⁴*2—‘*·:.-<.-*.
1943 1930 1948 1949 .-
