1915 3356
556 196 814 235 EXORDIA
843 195 1199 235 CONCIONUM.
1537 198 1615 235 809

154 313 271 354 quam
291 299 410 347 aliud,
430 301 479 339 ob
513 300 611 339 illud
641 302 779 339 saltem
809 307 1059 351 utrorumque
1091 301 1286 339 orationes
1320 301 1453 340 audire
1484 302 1613 345 velim,

155 369 210 410 ut,
231 363 263 401 si
282 363 461 414 quaedam
480 364 565 415 quis
591 363 733 403 rectius
760 376 876 414 quam
905 362 1074 414 impetus
1094 371 1221 401 vester
1251 371 1290 401 et
1317 364 1510 415 cupiditas
1541 364 1616 402 fert

151 424 310 472 diceret,
345 426 428 478 ejus
456 426 662 465 consilium
694 425 1049 476 amplectererninit
1081 425 1138 463 sin
1161 425 1429 464 destitueretur
1460 427 1614 478 ingenio

151 501 280 540 neque
312 489 545 528 sententiam
578 488 692 527 animi
723 487 782 526 sui
815 487 1007 539 explicare
1040 495 1188 539 posset,
1208 496 1251 525 ut
1283 488 1322 525 id
1356 489 1390 526 ei
1420 502 1505 536 sua,
1535 503 1615 528 non

149 557 280 588 vestra
312 551 428 602 culpa
460 551 524 602 qui
557 550 690 588 audire
719 549 863 596 nolitis,
883 549 1074 587 accidisse
1101 549 1304 588 videretur.
1363 549 1515 588 Deinde
1535 564 1616 590 non

149 617 261 650 tanta
299 612 475 651 molestia
505 611 767 658 afficeremini‚
796 611 827 650 si
854 624 969 663 quem
1009 612 1132 650 multa
1166 617 1382 662 nugantem
1415 611 1616 660 audiretis,

149 680 309 725 quanta,
330 673 362 711 si
382 687 495 724 quem
516 674 581 725 qui
609 680 870 725 opportunum
891 673 1038 725 aliquid
1060 674 1165 712 dictu
1185 673 1348 711 haberet
1365 672 1617 725 prohibeatis.

148 736 207 774 Ac
225 735 457 788 principium
477 736 635 787 quidem
656 742 717 774 est
734 744 838 774 recte
859 736 1049 787 probandi
1078 736 1220 783 omnia,
1241 743 1282 774 ut
1311 748 1359 773 ne
1386 735 1481 786 quid
1502 742 1618 775 antea

145 810 216 836 vos
234 804 366 836 tenere
386 798 544 849 putetis,
563 812 678 850 quam
698 798 970 850 cognoveritis,
989 811 1079 836 cum
1098 797 1314 850 praesertim
1347 797 1478 836 sciatis
1510 811 1615 849 saepe

139 858 222 911 jam
241 859 387 897 multos
417 860 582 899 consilia
606 867 794 899 mutasse.
852 860 971 905 Quod
1003 860 1034 898 si
1068 873 1173 898 nunc
1191 860 1301 898 vobis
1327 859 1411 898 haec
1430 872 1618 912 persuasa

143 921 301 969 fuerint,
320 921 403 960 fore
419 928 515 973 puto
540 928 585 960 ut
602 922 737 973 paucis
758 923 884 961 verbis
901 928 941 960 et
959 922 1042 973 ipse
1063 922 1191 961 dicere
1215 922 1360 974 aliquid
1373 922 1462 973 jure
1480 922 1615 961 videar

145 991 185 1022 et
205 997 267 1023 me
285 983 394 1022 vobis
414 983 559 1035 optime
575 984 780 1023 consulere
794 990 994 1036 appareat.

848 1078 898 1118 V.

196 1148 445 1200 Quanquam,
468 1148 743 1196 Athenienses,
761 1148 886 1187 multa
903 1149 1022 1188 verba
1040 1149 1144 1189 facta
1163 1156 1257 1189 sunt
1286 1150 1334 1188 ab
1365 1150 1545 1189 omnibus
1566 1150 1610 1189 iis

140 1211 210 1262 qui
229 1211 392 1250 consilia
411 1210 619 1258 dederunt,
639 1224 710 1250 vos
739 1217 870 1249 tamen
895 1225 1001 1250 nunc
1029 1212 1151 1251 nihilo
1178 1212 1355 1264 proprius
1377 1213 1426 1250 ab
1447 1213 1532 1265 ejus
1553 1213 1613 1250 in-

140 1273 336 1319 ventione,
359 1273 465 1325 quod
494 1273 693 1324 agendum
727 1273 789 1320 sit,
820 1274 961 1312 abesse
997 1274 1126 1320 video,
1162 1288 1280 1326 quam
1311 1275 1536 1326 priusquam
1572 1276 1612 1313 in

141 1335 372 1375 concionem
400 1335 714 1375 adscendissetis.
772 1335 897 1387 Cujus
931 1336 986 1374 rei
1016 1349 1152 1384 causa,
1183 1337 1334 1388 opinor,
1367 1343 1428 1375 est
1459 1337 1613 1384 eadem,

141 1410 229 1449 quae
259 1400 329 1437 est'
349 1404 394 1436 ut
423 1411 574 1437 summa
608 1397 722 1450 Reip.
744 1397 905 1436 laboret.
965 1398 1050 1436 Nec
1075 1398 1178 1437 enim
1199 1398 1247 1437 de
1266 1399 1475 1450 propositis
1496 1399 1613 1437 rebus

139 1473 210 1499 vos
228 1466 391 1499 monent
409 1466 582 1500 oratores
600 1473 610 1498 ε
641 1460 711 1498 sed
731 1473 771 1498 se
794 1459 960 1498 invicem
983 1468 1171 1500 accusant
1187 1468 1227 1499 et
1246 1461 1503 1513 proscindunt
1521 1475 1614 1512 quo,

139 1528 186 1561 ut
204 1535 279 1574 ego
299 1521 456 1574 quidem
471 1522 622 1572 judico,
646 1522 888 1561 consuefacti
918 1529 1027 1560 extra
1049 1523 1258 1574 judicium,
1275 1530 1440 1575 quantas
1475 1523 1611 1562 clades

137 1584 345 1632 invexerit,
364 1585 511 1633 audire,
531 1584 737 1637 siquando
767 1584 807 1622 in
827 1587 892 1633 jus
917 1592 1106 1623 vocentur
1129 1590 1234 1636 (cum
1260 1599 1330 1624 vos
1357 1585 1452 1623 nihil
1472 1585 1607 1624 audire

139 1648 231 1685 novi
251 1648 409 1699 putetis,
428 1648 497 1686 sed
529 1661 577 1686 ea
603 1655 753 1686 tantum
776 1661 863 1699 quae
884 1661 987 1699 saepe
1008 1661 1077 1686 vos
1108 1648 1416 1695 commoverint),
1437 1648 1485 1686 de
1516 1648 1611 1686 faci-

138 1709 297 1748 noribus
317 1723 451 1748 eorum
478 1710 707 1749 clementius
731 1709 995 1762 pronuncietis
1026 1717 1065 1749 et
1090 1711 1291 1762 judicetis.
1348 1713 1409 1748 Ac
1437 1711 1513 1749 ista
1533 1723 1612 1762 qua

139 1771 190 1809 de
209 1785 329 1826 causa
346 1772 696 1819 faciantJStultitiae
713 1773 878 1810 fortasse
898 1772 1014 1810 fuerit
1036 1772 1222 1824 indagare
1243 1773 1432 1811 curiosius
1453 1773 1490 1810 in
1511 1786 1610 1825 prae-

140 1834 292 1873 sentia:
319 1835 390 1872 sed
421 1834 514 1886 quia
532 1833 642 1872 vobis
676 1846 756 1872 non
788 1834 1011 1886 expediunt,
1032 1834 1120 1873 ideo
1141 1848 1188 1873 ea
1208 1834 1464 1886 reprehendo.
1523 1835 1609 1886 Ego

138 1909 232 1935 vero
251 1909 327 1935 nec
347 1897 539 1935 accusabo
559 1908 791 1947 quemquam
809 1895 939 1942 hodie,
958 1909 1086 1947 neque
1116 1896 1195 1935 tale
1221 1897 1429 1947 quicquam
1450 1896 1610 1948 pollice·

137 1961 223 2008 bor,
242 1959 349 2012 quod
366 1972 444 1998 non
464 1972 486 1998 e
504 1959 668 2012 vestigio
687 1959 864 2012 probem,
883 1972 1010 2011 neque
1030 1960 1198 2011 denique
1217 1960 1305 1998 illos
1324 1959 1406 1998 ulla
1425 1973 1473 1998 ex
1499 1967 1609 2012 parte

136 2022 339 2061 imitabor:
369 2022 439 2060 sed
458 2033 547 2074 quae
577 2028 661 2060 tum
693 2022 945 2061 conficiendis
979 2023 1094 2061 rebus
1125 2022 1339 2074 aptissima,
1360 2029 1441 2060 tum
1462 2022 1610 2061 delibe-

137 2085 314 2124 rantibus
333 2085 442 2124 vobis
473 2083 584 2123 utilia
604 2084 795 2132 existimo,
813 2083 872 2122 his
897 2097 1016 2135 quam
1044 2084 1270 2124 brevissime
1298 2085 1516 2136 explicatis,
1538 2085 1608 2124 de-

137 2147 334 2186 scendam.

839 2217 909 2254 VI.

192 2297 272 2342 Qui
290 2299 457 2346 majores
472 2302 621 2334 vestros
640 2295 819 2343 laudant,
839 2295 1114 2342 Athenienses,
1135 2295 1349 2333 orationem
1373 2294 1430 2332 illi
1449 2292 1608 2345 quidem

137 2359 339 2399 instituere
372 2358 465 2397 mihi
504 2357 681 2396 videntur
710 2358 925 2409 jucundam
957 2357 1104 2404 auditu,
1125 2370 1204 2396 non
1231 2364 1311 2395 tam
1345 2369 1477 2395 eorum
1509 2369 1607 2407 quos

136 2424 338 2464 celebrant
375 2421 516 2461 servire
551 2420 781 2460 commodis.
837 2419 1026 2472 Aggressi
1057 2420 1159 2458 enim
1188 2433 1264 2466 res,
1283 2432 1381 2469 quas
1413 2417 1609 2471 explicare

137 2486 303 2526 dicendo
322 2498 392 2538 pro
413 2484 603 2536 dignitate
623 2496 740 2522 nemo
766 2490 894 2534 queat,
915 2483 988 2534 ipsi
1015 2482 1169 2534 quidem
1198 2480 1431 2533 eloquentiae
1450 2480 1607 2518 laudem

136 2554 352 2602 reportant,
373 2547 444 2587 sed
474 2547 591 2585 iidem
610 2546 784 2584 efficiunt
810 2553 854 2584 ut
880 2545 928 2583 de
960 2545 1114 2583 illorum
1134 2545 1275 2582 virtute
1294 2550 1482 2593 concepta
1502 2541 1608 2593 apud

138 2612 335 2650 auditores
367 2610 500 2663 opinio
537 2609 744 2647 minuatur.
802 2608 887 2659 Ego
920 2621 1009 2646 vero
1049 2607 1256 2645 maximam
1292 2605 1444 2644 virtutis
1475 2617 1608 2642 eorum

137 2675 296 2713 laudem
316 2680 468 2726 tempus
484 2684 566 2710 esse
582 2678 703 2723 puto:
734 2671 841 2723 quod
861 2684 948 2708 cum
969 2669 1115 2707 interea
1136 2683 1213 2707 non
1234 2670 1417 2720 exiguum
1451 2667 1499 2704 sit
1530 2666 1609 2704 ela-

137 2748 265 2788 psum,
284 2736 401 2774 rebus
421 2740 552 2773 tamen
572 2733 725 2772 illorum
747 2732 866 2785 gestis
886 2732 1034 2784 majora
1062 2731 1158 2770 nulli
1185 2731 1248 2770 alii
1277 2730 1471 2780 suscipere
1493 2735 1608 2780 potu-

139 2804 266 2837 erunt.
312 2797 398 2848 Ego
430 2803 559 2835 autem
593 2809 750 2848 operam
772 2796 888 2841 dabo,
913 2801 957 2832 ut
986 2794 1177 2834 rationem
1202 2793 1392 2845 explicem
1411 2804 1490 2844 qua
1517 2792 1609 2830 mihi

138 2861 285 2912 optime
317 2871 433 2912 posse
468 2859 645 2898 instructi
676 2871 762 2897 esse
795 2856 1017 2896 videamini.
1085 2857 1146 2895 Ita
1177 2857 1280 2895 enim
1314 2868 1354 2894 se
1383 2868 1443 2892 res
1478 2854 1609 2893 habet.

138 2921 313 2961 Tametsi
332 2934 404 2960 nos
424 2928 595 2960 oratores
616 2933 750 2959 omnes
771 2919 1001 2970 eloquentes
1026 2918 1240 2964 videamur,
1259 2917 1379 2955 nihilo
1400 2923 1530 2955 tamen
1550 2930 1608 2956 res

137 2990 289 3022 vestras
310 2982 467 3021 meliore
485 2981 574 3022 loco
594 2982 674 3022 fore
689 2982 783 3020 satis
802 2981 882 3020 scio
900 2994 909 3018 :
941 2980 1009 3019 sed
1031 2980 1062 3019 si
1082 2980 1167 3031 quis
1187 2979 1380 3030 (quisquis
1397 2978 1460 3018 ille
1481 2979 1612 3023 fuerit)

848 3045 912 3079 51,

67 3287 75 3303 .-

10 3287 179 3356 m

135 3327 138 3332 -
146 3327 155 3336 -r
