1948 3306
291 146 342 182 98
758 142 814 179 IN
847 139 1294 180 CTESIPHONTEM.

296 258 396 292 rens,
415 245 526 296 quasi
546 257 636 283 vero
656 244 797 292 Boeoti,
817 245 943 297 reipsa
963 244 1141 296 injuriam
1162 243 1281 295 passi,
1300 243 1338 282 in
1364 241 1506 280 callido
1528 240 1765 280 Demosthe—

297 309 354 346 nis
375 308 579 346 verboruin
600 313 785 345 contextu
806 307 1112 358 acquiescerent,
1135 318 1182 343 ac
1201 319 1278 343 non
1298 304 1428 356 potius
1448 304 1591 342 damna
1610 303 1676 342 illa
1700 315 1765 341 ac-

295 376 409 421 cepta
434 369 655 420 gravissime
676 376 809 407 essent
836 368 977 406 laturi:
1008 367 1147 406 deinde
1167 367 1393 405 bellicorum
1422 371 1647 416 sumptuum
1666 364 1765 401 duas

298 439 427 483 partes
443 431 553 470 vobis
571 431 791 482 adscripsit,
811 430 876 481 qui
891 430 1046 481 longius
1064 443 1086 467 a
1106 428 1279 481 periculo
1296 428 1477 473 aberatis,
1497 426 1649 465 tertiam
1666 425 1768 463 The-

296 494 425 538 banis,
448 500 596 544 turpem
616 493 654 530 in
674 493 731 530 his
753 492 914 542 singulis
934 497 1126 542 quaestum
1149 496 1390 541 aucupatus3
1424 487 1626 540 imperium
1654 486 1769 525 mari-

299 555 438 593 timum
460 568 548 592 cum
570 554 645 592 illis
665 553 982 599 communicavit,
1003 554 1217 604 impensam
1238 551 1390 604 proprie
1410 557 1578 589 vestram
1606 562 1681 587 esse
1710 560 1772 585 ’co-

301 617 394 659 lm,-
427 623 618 663 terrestre‚
640 616 670 654 si
695 615 809 666 nugis
832 614 1037 665 indulgere
1057 614 1254 660 nolumus,
1276 620 1399 652 toturn
1419 625 1580 663 prorsus
1601 611 1652 650 ad
1669 610 1771 648 The-

300 680 425 717 banos
447 678 660 724 transtulit,
682 677 780 715 adeo
809 683 852 714 ut
877 677 916 714 in
937 689 983 713 eo
1005 675 1111 726 quod
1131 682 1266 712 natum
1286 682 1346 713 est
1363 675 1467 713 bello
1497 671 1679 711 Stratocli
1700 671 1773 708 im·
1816 659 1821 669 ⁸

301 740 469 792 peratori
489 746 620 777 vestro
649 739 756 777 facta
774 752 850 776 nou
872 738 920 775 sit
934 738 983 775 de
1004 737 1167 774 militum
1190 737 1315 774 salute
1336 735 1567 774 consulendi
1586 740 1774 786 potestas,

304 803 443 852 Neque
464 814 555 838 vero
572 801 656 838 haec
677 813 751 850 ego
768 800 917 844 incuso,
945 799 1009 836 alii
1030 798 1340 849 praetermittunt,
1363 797 1433 835 sed
1452 804 1492 835 et
1510 810 1584 848 ego
1603 808 1773 834 comme-

303 876 412 901 moro
433 868 472 901 et
497 875 632 900 omnes
655 860 946 911 reprehendunt
978 865 1017 897 et
1046 872 1114 897 vos
1143 859 1249 896 scitis
1281 871 1408 910 neque
1438 857 1657 897 irascimini.
1711 857 1775 894 Sic

303 924 404 961 enim
426 923 463 960 in
485 922 795 961 Demosthenem
816 922 909 960 estis
926 920 1108 959 animati:
1132 920 1356 958 insuevistis
1375 920 1456 972 jam
1475 920 1585 958 istius
1605 918 1778 957 facinora

303 985 499 1032 exaudire,
516 992 560 1023 ut
579 984 671 1023 nihil
693 984 860 1035 amplius
881 983 1085 1021 miremini.
1134 983 1187 1020 At
1205 995 1281 1020 non
1302 983 1356 1020 ita
1375 982 1505 1020 facere
1525 994 1593 1020 vos
1612 986 1781 1032 oportet,

305 1047 375 1085 sed
396 1047 606 1102 indignari,
628 1047 697 1085 sed
719 1047 854 1084 acerbe
875 1045 1026 1097 punire,
1043 1044 1234 1096 siquidem
1250 1044 1397 1094 reliqua
1414 1043 1559 1082 civitati
1575 1044 1676 1081 bene
1689 1055 1778 1094 pro-

306 1123 497 1161 spereque
514 1109 631 1147 vultis
651 1109 873 1160 procedere.

360 1173 425 1210 46.
459 1171 682 1210 Secundam
701 1184 794 1209 vero
814 1177 853 1208 et
867 1169 1065 1208 antedicta
1083 1169 1207 1209 multo
1236 1169 1450 1220 graviorem
1476 1168 1655 1220 injuriam
1674 1166 1780 1211 fecit,

307 1246 396 1271 cum
432 1240 609 1272 senatum
642 1232 855 1284 populique
893 1233 1137 1284 majestatem
1171 1232 1325 1283 penitus
1359 1231 1488 1268 furtim
1518 1227 1713 1269 submovit
1743 1234 1782 1265 et

307 1294 463 1332 Thebas
484 1296 522 1333 in
544 1294 759 1332 Cadmeam
793 1289 978 1338 traduxit,
1000 1294 1118 1331 rebus
1139 1292 1279 1330 nostris
1299 1305 1388 1330 cum
1423 1293 1647 1331 Boeotorum
1676 1289 1780 1341 prin-

308 1356 462 1408 cipibus
480 1357 672 1408 pactione,
685 1356 790 1394 facta
809 1355 1106 1393 communicatis
1123 1370 1133 1399 ;
1163 1354 1256 1405 quin
1276 1366 1369 1391 vero
1389 1360 1538 1391 tantam
1559 1351 1631 1389 sibi
1659 1350 1782 1388 domi-

308 1419 507 1456 nationem
528 1417 782 1468 comparavit,
804 1423 847 1454 ut
859 1417 942 1467 jam
974 1428 1193 1454 conscenso
1220 1422 1408 1465 suggestu
1431 1414 1615 1465 glorietur
1634 1425 1676 1455 se
1706 1424 1784 1463 quo

309 1479 592 1530 velit‘legatum
615 1479 891 1529 profecturum,
907 1477 1061 1515 etiamsi
1081 1490 1150 1514 vos
1171 1489 1249 1514 non
1267 1476 1494 1513 mitteretis:
1524 1474 1630 1526 quod
1651 1475 1683 1512 si
1698 1473 1784 1525 quis

310 1542 585 1592 imperatorum
607 1541 641 1578 ei
660 1539 958 1586 contradiceret,
990 1551 1068 1589 quo
1097 1543 1282 1589 praetores
1315 1538 1354 1575 in
1384 1537 1609 1576 servitutem
1635 1535 1787 1586 redigat

310 1616 457 1654 eosque
478 1602 713 1641 assuefaciat
740 1614 789 1639 ne
811 1601 883 1639 sibi
903 1600 1204 1650 refragarentur,
1241 1598 1408 1637 minetur
1436 1612 1479 1637 se
1511 1598 1686 1650 suggesti
1715 1610 1784 1635 no-

313 1665 414 1704 mine
441 1665 548 1703 litem
578 1665 860 1702 intentaturum
890 1662 1096 1714 praetor-im
1127 1662 1239 1713 plura
1266 1661 1368 1700 enim
1404 1661 1453 1700 ad
1483 1674 1552 1700 vos
1581 1659 1790 1699 commoda

314 1740 385 1765 sua
406 1741 526 1779 opera
545 1741 565 1765 e
587 1733 790 1777 suggesto,
810 1739 926 1776 quam
945 1738 1014 1776 per
1033 1724 1287 1775 imperatores
1307 1736 1328 1761 e
1350 1723 1530 1775 praetorio
1548 1722 1789 1774 pervenisse.

316 1790 362 1826 In
382 1797 543 1827 externo
573 1796 703 1827 autem
724 1787 911 1833 exercitu,
932 1800 1021 1825 cum
1042 1798 1094 1824 ex
1126 1785 1326 1823 ordinibus
1348 1798 1426 1824 non
1458 1785 1660 1836 completis
1680 1797 1787 1835 quae-

316 1858 417 1889 stum
437 1852 596 1896 faceret,
620 1850 784 1887 militare
805 1848 1044 1901 stipendium
1061 1848 1266 1894 furaretur,
1283 1854 1322 1885 et
1340 1847 1477 1886 decem
1498 1847 1564 1885 illa
1582 1847 1703 1885 millia
1723 1859 1789 1884 ex-

314 1921 511 1952 ternorum
532 1914 698 1951 militum
714 1911 1059 1962 Amphissensibus
1075 1909 1256 1947 mercede
1271 1915 1434 1960 accepta
1446 1909 1610 1954 locaret,
1625 1908 1791 1946 multum

315 1976 408 2014 licet
427 1977 648 2014 obtestante
669 1980 708 2011 et
739 1973 778 2010 in
795 1972 1047 2011 concionibus
1075 1972 1282 2022 quiritante
1311 1985 1387 2018 me,
1412 1971 1558 2010 civitati
1576 1973 1789 2023 imparatae,

317 2038 502 2089 surreptis
541 2035 786 2074 mercenariis
815 2035 997 2081 subsidiis,
1025 2033 1241 2086 periculum
1271 2046 1466 2071 summum
1493 2033 1638 2085 injecit.
1687 2033 1792 2075 Quid

318 2100 419 2138 enim
439 2099 584 2151 putatis
606 2097 827 2148 Philippum
848 2096 1088 2148 temporibus
1110 2095 1185 2133 illis
1206 2095 1245 2132 in
1263 2095 1364 2133 votis
1384 2094 1595 2134 habuisse?
1638 2095 1728 2133 Non
1748 2101 1794 2132 ut

319 2162 476 2200 seorsim
508 2173 599 2199 cum
617 2161 767 2198 urbana
788 2160 884 2205 acie,
917 2159 1078 2196 seorsim
1103 2171 1192 2196 cum
1223 2157 1430 2195 conductis
1463 2157 1585 2209 copiis
1617 2157 1667 2196 ad
1698 2157 1793 2195 Am-

319 2224 492 2275 phissam
515 2220 757 2261 decertaret?
789 2220 953 2258 Graecos
982 2226 1094 2257 tanta
1111 2219 1230 2271 plaga
1257 2226 1419 2270 accepta
1452 2219 1694 2258 exanimatos
1725 2232 1792 2270 op—

320 2283 531 2336 primeret?
562 2283 616 2320 Et
635 2289 765 2321 tamen
785 2282 923 2319 horum
953 2280 1124 2319 omnium
1145 2280 1335 2319 malorum
1355 2279 1486 2331 opifex
1506 2279 1794 2317 Demosthenes

322 2360 400 2385 non
416 2346 510 2384 satis
529 2345 661 2390 habet,
683 2345 713 2382 si
733 2357 869 2395 poenas
896 2343 1087 2394 effugerit,
1109 2343 1179 2381 sed
1198 2343 1271 2380 nisi
1289 2342 1406 2380 etiam
1424 2353 1542 2379 aurea
1560 2354 1704 2380 corona
1723 2341 1793 2379 do-

322 2414 450 2454 netur,
470 2406 673 2457 indignum
704 2413 840 2456 putat:
872 2418 998 2455 neque
1019 2405 1053 2442 ei
1087 2405 1230 2442 sufficit
1258 2403 1494 2455 praeconium
1530 2416 1660 2442 coram
1687 2403 1796 2441 vobis

323 2470 419 2515 fieri,
440 2468 509 2507 sed
538 2467 611 2505 nisi
633 2474 673 2504 et
693 2479 824 2504 coram
845 2465 997 2503 Graecis
1029 2466 1278 2515 praedicetur,
1310 2464 1513 2502 ferendum
1545 2470 1676 2515 negat.
1733 2464 1797 2502 Ita

325 2532 505 2570 nimirum
524 2542 644 2581 prava
663 2528 813 2566 indoles
834 2540 1016 2579 magnam
1033 2533 1269 2577 potestatem
1284 2527 1428 2578 adepta
1446 2527 1624 2578 publicas
1643 2540 1798 2579 semper

328 2593 486 2632 excudit
505 2590 760 2630 calamitates.

381 2659 446 2694 47.
474 2655 608 2693 Tertia
625 2666 716 2691 vero
737 2659 777 2690 et
796 2652 1033 2704 superiorum
1053 2650 1224 2690 omnium
1253 2651 1479 2702 gravissima
1497 2657 1558 2689 est
1575 2650 1726 2704 injuria,
1747 2653 1798 2691 de

330 2733 408 2772 qua
427 2733 513 2758 sum
534 2717 724 2755 dicturus.
774 2716 875 2753 Cum
898 2715 999 2753 enim
1020 2713 1224 2765 Philippus
1243 2713 1407 2751 Graecos
1427 2726 1505 2751 non
1521 2720 1802 2763 contemneret,

329 2795 400 2820 nec
420 2783 798 2832 ignoraret—neque
820 2777 922 2814 enim
942 2775 1198 2826 intelligentia
1217 2775 1436 2812 caruit—se
1465 2775 1514 2812 de
1543 2775 1654 2814 bonis
1677 2776 1801 2814 fortu-

329 2846 463 2895 nisque
479 2842 657 2881 omnibus
673 2840 711 2877 in
725 2852 842 2890 parvo
860 2837 1021 2876 dieculae
1038 2837 1163 2888 spatio
1182 2849 1270 2874 esse
1290 2836 1590 2884 decertaturum,
1605 2843 1724 2889 atque
1740 2837 1800 2876 id-

332 2907 434 2944 circo
455 2917 589 2956 pacem
620 2902 749 2942 facere
782 2901 914 2944 vellet,
945 2899 1174 2950 legatosque
1202 2899 1391 2937 missurus
1419 2904 1546 2943 esset;
1577 2912 1665 2938 cum
1698 2899 1800 2938 The·
