1915 3356
0 3220 11 3356 adh
2 3173 7 3203 ιν
2 3130 6 3138 -

459 208 745 248 ADVERSUS
776 205 1187 244 NICOSTRATUM.
1472 206 1549 244 713

150 316 190 353 2.
222 313 481 359 Nicostratus,
516 312 688 357 Judices,
709 309 857 348 vicinus
882 309 918 346 in
949 320 1041 357 agro
1067 315 1106 346 et
1125 308 1285 358 aequalis
1315 320 1439 354 meus,
1465 308 1555 346 mihi

95 375 158 423 vel
175 375 266 414 olim
288 382 402 413 notus
423 374 516 412 fuit:
547 374 730 411 defuncto
750 376 879 409 autem
906 375 1030 420 patre,
1051 381 1139 406 cum
1159 382 1233 419 ego
1253 369 1291 406 in
1311 383 1445 420 agrum
1465 382 1557 408 con-

93 437 311 484 cessissem,
330 436 396 474 ubi
417 435 532 475 etiam
550 445 654 472 nunc
671 432 819 477 habito,
849 437 963 468 aucta
989 437 1049 468 est
1082 436 1213 468 nostra
1241 430 1494 478 familiaritas,
1514 438 1558 469 ut

95 499 193 542 inter
220 498 369 538 vicinos
391 505 429 535 et
457 495 638 547 aequales.
695 492 893 545 Temporis
923 499 1051 531 autem
1081 504 1302 543 progressu,
1322 501 1457 532 mutuo
1486 507 1557 533 nos

94 560 310 607 arctissime
326 557 514 609 complexi
535 569 668 594 sumus
685 568 695 594 ε
724 568 813 593 nam
833 561 872 592 et
891 567 964 605 ego
983 554 1098 592 istum
1117 553 1192 591 feci
1212 554 1322 599 tanti,
1343 561 1386 592 ut
1415 555 1557 594 nullius

96 634 268 673 unquam
287 620 366 660 voti
383 621 566 670 impotem
587 630 610 655 a
628 629 691 655 me
709 616 931 662 dimiserim,
949 623 988 654 et
1006 615 1080 654 iste
1098 615 1191 653 mihi
1210 615 1259 653 ad
1280 628 1411 654 curam
1432 623 1472 655 et
1489 617 1559 655 ad·

95 681 411 721 ministrationem
431 693 557 718 rerum
587 691 758 717 mearum
777 691 856 716 nou
883 677 1029 715 inutilis
1050 677 1122 715 fuit
1140 689 1150 720 ;
1178 683 1217 715 et
1236 689 1325 714 cum
1346 690 1419 728 ego
1447 691 1559 729 pere-

95 757 163 796 gre
195 743 363 789 abibam‚
390 741 469 780 sive
499 740 655 793 publice
686 739 829 778 triremi
854 739 1062 790 praefectus
1093 739 1173 777 sive
1201 739 1377 790 privatim
1405 739 1481 778 alia
1511 738 1564 778 de'

96 818 230 853 causa,
249 805 361 844 istius
380 804 470 843 fidei
497 817 585 856 quae
602 803 641 841 in
668 815 761 854 agro
779 802 972 840 habebam
993 802 1124 840 omnia
1137 800 1139 803 ’
1153 800 1345 839 mandavi.
1404 801 1564 841 Accidit

97 874 228 912 autem
247 874 293 906 ut
311 881 400 907 cum
420 865 563 906 triremi
589 866 640 905 ad
661 864 972 917 Peloponnesum
1003 863 1294 907 accedendum3
1325 869 1441 914 atque
1471 863 1563 904 inde

97 930 136 968 in
154 929 322 976 Siciliam
342 929 460 981 legati
480 927 648 968 vehendi
668 935 815 974 essent,
835 939 933 978 quos
952 927 1120 978 populus
1145 932 1354 968 creaverat.
1393 925 1564 965 Proinde

97 1005 188 1030 cum
205 993 332 1038 subito
359 992 575 1038 solvissem,
597 990 657 1029 isti
689 1003 752 1029 me
782 988 1007 1028 discessisse
1038 988 1187 1041 scripsi,
1208 1000 1336 1039 neque
1360 1001 1476 1039 posse
1503 1002 1564 1028 re-

98 1053 193 1092 verti
226 1053 399 1100 domum,
433 1060 476 1092 ut
505 1066 555 1091 ne
584 1052 723 1103 legatis
746 1051 786 1089 in
815 1064 923 1089 mora
951 1064 1092 1101 essem3
1123 1050 1384 1101 mandavique
1411 1057 1456 1089 ut
1484 1063 1562 1088 rem

98 1115 325 1160 familiarem
344 1122 496 1154 curaret
513 1121 553 1154 et
574 1114 872 1160 administraret,
887 1119 931 1151 ut
946 1119 986 1152 et
1004 1113 1188 1165 superiori
1203 1119 1377 1164 tempore
1396 1112 1565 1152 fecisset.

154 1179 192 1223 3,
221 1177 267 1214 In
297 1190 385 1215 mea
412 1190 503 1215 vero
536 1175 845 1228 peregrinatione
876 1174 1080 1226 aufugiunt
1110 1175 1164 1213 illi
1198 1174 1390 1226 mancipia
1418 1175 1492 1214 tria
1518 1189 1567 1214 ex

99 1252 218 1290 agro:
246 1239 326 1286 duo
346 1252 433 1290 quae
451 1252 524 1290 ego
544 1239 578 1277 ei
599 1237 794 1284 dederam,
809 1251 926 1275 unum
947 1238 1053 1288 quod
1073 1238 1156 1289 ipse
1176 1243 1433 1288 compararat.
1467 1238 1566 1282 Quae

100 1301 193 1348 dum
214 1301 459 1354 persequitur
479 1301 631 1353 capitur
650 1314 674 1339 a
686 1300 844 1345 triremi,
860 1306 899 1338 et
916 1300 954 1338 in
969 1299 1148 1351 AEginam
1164 1298 1354 1338 abductus
1374 1299 1567 1338 venditur.

101 1364 156 1409 Ut
175 1371 306 1411 autem
323 1375 403 1415 ,ego
422 1377 444 1402 e
463 1363 696 1416 praefectura
716 1362 843 1401 navali
862 1361 1064 1407 redieram,
1086 1360 1267 1400 convenit
1285 1373 1347 1398 me
1367 1360 1472 1399 Dino
1490 1361 1568 1400 fra-

98 1434 158 1465 ter
184 1425 309 1474 istius,
327 1433 369 1471 et
392 1439 528 1465 casum
547 1427 631 1477 ejus
652 1437 976 1473 commemorans,
998 1438 1039 1463 se
1067 1425 1115 1462 ab
1136 1437 1182 1462 eo
1203 1436 1268 1475 per
1287 1422 1417 1461 literas
1437 1436 1566 1462 accer-

101 1489 230 1536 situm,
255 1502 302 1528 eo
326 1502 405 1528 non
434 1489 653 1541 profectum
682 1500 771 1526 esse
804 1487 857 1526 ait
885 1494 1040 1539 propter
1066 1486 1196 1525 viatici
1224 1485 1435 1537 penuriam,
1457 1485 1569 1524 simul

101 1550 219 1589 etiam
238 1550 426 1599 referens,
445 1550 579 1589 audire
599 1563 642 1589 se
661 1547 776 1601 quam
801 1549 904 1587 male
928 1549 1003 1587 iste
1023 1555 1266 1587 tractaretur.
1323 1547 1475 1591 Quibus
1495 1561 1570 1599 ego

102 1612 256 1660 auditis,
269 1613 396 1659 vicem
414 1613 498 1664 ejus
517 1612 711 1658 misertus,
729 1611 925 1650 Dinonem
942 1610 1099 1649 fratrem
1120 1611 1250 1649 statim
1272 1610 1322 1648 ad
1342 1623 1430 1648 eum
1445 1609 1571 1656 mitto,

101 1674 143 1712 in
162 1674 344 1713 viaticum
364 1674 466 1712 datis
488 1673 670 1713 trecentis
695 1673 904 1712 drachmis.
961 1673 1157 1711 Reversus
1187 1671 1258 1709 iste
1282 1684 1345 1709 me
1375 1671 1572 1721 convenit,

103 1750 150 1775 ac
178 1736 344 1788 primum
369 1743 410 1774 et
435 1736 679 1787 amplectitur
704 1741 744 1774 et
771 1735 918 1782 laudat,
938 1735 1004 1787 qui
1024 1748 1096 1773 suo
1123 1734 1230 1773 fratri
1259 1734 1441 1773 viaticum
1471 1748 1570 1785 prae-

102 1798 285 1843 buissem,
307 1798 420 1835 simul
446 1797 561 1835 etiam
591 1809 700 1835 suam
719 1797 913 1835 fortunam
944 1797 1159 1843 miseratur,
1183 1802 1371 1847 cognatos
1397 1810 1489 1835 suos
1510 1796 1571 1835 in-

103 1873 246 1899 cusans
264 1872 404 1911 meque
425 1872 515 1897 cum
534 1859 714 1910 lacrymis
742 1872 882 1910 rogans
902 1865 946 1897 ut
965 1872 1006 1897 se
1026 1859 1217 1911 juvarem,
1238 1858 1571 1909 quemadmodum

103 1921 291 1974 superiori
309 1934 462 1974 quoque
477 1927 650 1972 tempore
665 1933 727 1959 me
741 1934 875 1959 verum
890 1928 995 1959 esset
1010 1920 1175 1959 amicum
1197 1927 1379 1971 expertus
1395 1936 1405 1966 3
1430 1927 1469 1959 et
1482 1921 1573 1972 quia

104 1997 146 2023 se
165 1983 300 2036 viginti
321 1997 388 2022 sex
415 1983 530 2022 minis
557 1995 642 2021 esse
668 1983 911 2035 redemptum
938 1982 1151 2027 indicabat,
1173 1982 1330 2033 plorans
1356 1989 1472 2034 atque
1490 1982 1572 2034 eju-

103 2045 206 2092 lans,
224 2045 275 2084 ad
294 2058 379 2083 eam
396 2057 584 2084 summam
606 2058 668 2083 me
687 2045 864 2084 conferre
885 2045 958 2083 sibi
971 2046 1135 2094 jubebat
1156 2045 1316 2095 aliquid.
1373 2046 1472 2088 Quae
1484 2058 1574 2084 cum

105 2120 180 2158 ego
199 2107 384 2152 audirem,
403 2107 582 2146 misertus
603 2106 684 2156 ejus
705 2121 804 2154 sum,
824 2114 862 2146 et
880 2107 972 2158 quia
996 2107 1098 2146 male
1127 2107 1313 2146 affectum
1339 2107 1573 2146 videbam——

105 2181 196 2207 nam
216 2168 348 2207 ulcera
366 2168 406 2205 in
427 2168 528 2207 tibiis
551 2168 624 2207 sub
644 2169 899 2221 compedibus
919 2176 1015 2216 orta,
1032 2182 1194 2220 quorum
1216 2169 1418 2208 cicatrices
1444 2170 1574 2209 adhuc

106 2230 239 2278 habet,
259 2237 300 2269 et
327 2230 358 2269 si
382 2231 492 2269 vobis
512 2231 721 2277 ostendere
742 2232 936 2284 jusseritis
956 2233 1075 2279 nolet,
1100 2231 1194 2270 mihi
1221 2232 1574 2282 demonstrarat—,

107 2292 305 2344 respondi,
325 2306 385 2331 me
406 2299 444 2331 et
470 2293 658 2345 superiori
677 2300 849 2346 tempore
868 2295 950 2347 ejus
979 2295 1146 2334 amicum
1166 2308 1213 2333 ex
1234 2295 1363 2334 animo
1383 2295 1516 2341 fuisse,
1537 2302 1576 2334 et

107 2367 212 2394 nunc
230 2355 270 2393 in
289 2353 508 2402 calamitate
528 2355 831 2408 opitulaturum;
862 2364 902 2395 et
930 2363 1123 2396 trecentas
1144 2357 1364 2405 drachmas,
1384 2371 1480 2409 quas
1500 2358 1575 2396 fra-

105 2416 159 2456 tri
179 2417 229 2456 ad
247 2430 335 2466 eum
353 2417 615 2468 proficiscenti
642 2425 893 2464 mutuassem‚
914 2419 1153 2467 condonare,
1183 2426 1224 2458 et
1244 2420 1347 2458 mille
1369 2420 1575 2459 drachmas

109 2478 144 2516 ei
164 2478 390 2526 redi-mendo
411 2480 579 2531 gratuito
597 2480 841 2520 collaturum.
899 2482 1039 2534 Neque
1057 2496 1147 2522 vero
1177 2483 1252 2522 hoc
1279 2483 1313 2522 ei
1332 2484 1458 2522 verbis
1488 2497 1577 2534 pro-

110 2539 323 2587 mittebam,
354 2554 394 2579 re
412 2555 501 2580 vero
530 2542 616 2594 ipsa
642 2556 720 2582 non
745 2546 1003 2596 praestabam:
1034 2546 1119 2591 sed,
1142 2547 1321 2598 quoniam
1341 2554 1575 2599 praesentem

109 2602 316 2653 pecuniam
336 2616 415 2642 non
435 2604 638 2651 habebam,
660 2613 863 2657 propterea
882 2607 987 2659 quod
1007 2609 1108 2647 male
1128 2609 1219 2647 mihi
1240 2623 1328 2648 cum
1344 2610 1576 2648 Phormione

113 2664 379 2712 conveniebat,
398 2679 466 2717 per
486 2680 602 2718 quern
630 2667 772 2707 relictis
792 2669 882 2707 mihi
908 2682 931 2708 a
950 2677 1059 2721 patre
1090 2671 1340 2710 facultatibus
1372 2672 1577 2722 spoliabat,

114 2725 254 2764 delatis
286 2726 337 2765 ad
363 2727 586 2775 Theoclem,
615 2730 680 2781 qui
712 2737 795 2768 tum
827 2732 1083 2783 argentariam
1115 2733 1333 2779 factitabat,
1365 2733 1511 2784 poculis
1541 2740 1579 2772 et

117 2799 235 2826 aurea
263 2801 421 2834 corona,
442 2803 532 2841 quae
562 2803 612 2828 ex
638 2792 867 2842 patrimonio
896 2794 1102 2841 habebam,
1130 2796 1228 2845 jussi
1256 2795 1317 2833 isti
1349 2794 1440 2832 dare
1474 2795 1577 2833 mille

118 2848 322 2889 drachmas
339 2864 349 2895 ;
379 2858 496 2903 atque
515 2851 590 2890 hoc
609 2853 729 2904 gratis
749 2861 954 2906 argentum
974 2855 1008 2893 ei
1026 2855 1130 2902 dedi,
1152 2863 1191 2895 et
1212 2856 1369 2894 dedisse
1391 2856 1526 2894 fateor.

171 2913 210 2948 4.
239 2910 386 2952 Diebus
407 2914 638 2964 nonmultis¹
654 2923 743 2968 post
760 2929 823 2961 me
841 2917 1025 2956 convenit
1044 2931 1090 2956 ac
1105 2918 1261 2969 plorans
1281 2917 1387 2963 dicit,
1405 2917 1578 2970 hospites

120 2972 185 3024 qui
205 2972 276 3010 sibi
298 2976 500 3025 pecuniam
521 2990 597 3028 qua
618 2977 869 3016 redimeretur
889 2985 1148 3026 mutuassent,
1169 2980 1355 3030 reliquum
1378 2989 1578 3031 argentum

817 3043 839 3075 4
860 3054 882 3077 γ
