1948 3306
370 161 448 199 698
787 161 1082 201 ADVERSUS
1115 160 1425 201 POLYCLEM.

368 276 478 302 orum
500 269 725 313 mercatum,
743 265 933 313 venimus,
948 273 987 305 et
1006 265 1154 318 egressi
1174 279 1220 305 ac
1235 266 1365 317 pransi
1385 277 1532 312 sumus,
1547 264 1597 304 ad
1613 276 1673 303 me
1688 264 1840 304 accedit

368 335 575 365 nautarum
597 341 698 366 unus
714 328 895 368 Callicles
912 328 1134 380 Epitrephis
1154 328 1198 366 F.
1216 328 1430 376 Thriasius,
1449 340 1605 366 mecum
1622 327 1671 366 de
1690 341 1730 373 re
1750 339 1840 379 quae

367 401 453 426 mea
474 389 680 428 interesset
703 391 984 430 collocuturus.
1042 391 1143 428 Cum
1171 391 1302 430 dicere
1325 390 1549 442 jussissem,
1567 402 1617 435 se,
1638 389 1731 428 mihi
1751 401 1840 441 gra-

366 451 460 489 tiam
491 453 702 491 relaturum
724 454 777 492 ait
797 461 987 505 quantum
1007 460 1152 505 posset,
1173 453 1280 505 quod
1307 452 1377 491 sibi
1409 453 1449 490 in
1476 457 1649 503 egestate
1679 463 1840 490 succur-

364 514 513 552 risscm.
570 515 692 562 Tune,
714 515 852 565 inquit,
871 515 957 552 haec
977 515 1172 567 navigatio
1192 516 1269 554 scis
1289 528 1367 566 qua
1385 514 1434 554 de
1464 527 1587 553 031153
1605 526 1730 566 quove
1751 526 1839 551 sus-

364 576 560 627 cipiatur?
591 577 690 615 Cum
724 577 1016 628 respondissem
1041 591 1104 616 me
1124 577 1290 626 nescire,
1316 591 1405 630 ego,
1441 576 1580 629 inquit,
1601 576 1670 614 tibi
1695 575 1838 614 dicam.

364 637 421 676 Te
448 651 541 676 vero
570 638 703 676 audita
720 651 760 676 re
777 638 951 689 prudens
981 638 1079 676 inire
1105 638 1314 678 consilium
1340 639 1557 691 oportebit:
1587 643 1771 676 vecturus·
1796 637 1838 675 es

361 699 558 738 hominem
579 700 768 745 exsulem,
795 714 913 751 quem
932 701 1192 741 Athenienses
1219 702 1277 740 bis
1304 702 1444 754 capitis
1470 702 1716 747 damnarunt,
1746 699 1840 739 Cal-

359 760 551 799 listratum
575 761 769 800 Methona
786 762 959 801 Thasum
980 763 1030 801 ad
1049 763 1344 802 Timomachum
1365 777 1568 816 generum,
1596 769 1640 802 ut
1667 775 1758 814 ego,
1777 761 1838 800 in-

361 823 459 874 quit,
479 837 501 861 e
530 823 699 876 Callippi
731 824 861 876 pueris
888 824 1034 863 audivi.
1089 826 1147 863 Tu
1169 827 1302 877 igitur,
1323 826 1355 864 si
1370 826 1488 878 sapis,
1507 825 1702 864 neminem
1721 837 1838 863 exsu-

358 886 437 924 lem
452 899 592 925 navem
610 888 876 927 conscendere
895 889 998 927 sines
1015 902 1024 927 :
1041 895 1101 927 est
1115 889 1218 927 enim
1233 890 1386 941 legibus
1399 889 1662 928 interdictum.
1684 888 1839 933 Quibus

361 961 438 999 ego
457 962 478 987 e
503 949 662 988 Callicle
697 943 840 988 auditis
865 950 1013 989 accedo
1041 951 1090 989 ad
1118 951 1358 1003 Callippum,
1384 964 1550 1003 eumque
1577 963 1690 1002 rogo,
1722 963 1837 1002 quor-

361 1024 448 1052 sum
468 1011 639 1063 naviget,
661 1025 815 1064 quaque
835 1012 886 1051 de
906 1026 1041 1052 causa.
1098 1013 1156 1052 Eo
1175 1027 1268 1053 vero
1292 1027 1356 1053 me
1376 1013 1578 1053 deridente
1596 1019 1637 1052 et
1664 1016 1838 1052 0300111-

359 1073 534 1112 minante
567 1087 658 1125 quae
683 1088 755 1113 nec
784 1074 859 1126 ipsi
890 1075 1268 1128 ignoratis—neque
1304 1077 1408 1115 enim
1440 1089 1524 1115 11011
1555 1074 1707 1127 experti
1744 1075 1838 1113 estis

360 1135 831 1187 Callippi-ingeniun1—,
863 1138 897 1175 ei
921 1137 1024 1186 dico,
1053 1138 1170 1177 audio
1200 1147 1238 1177 te
1270 1127 1455 1190 navigare
1485 1138 1537 1177 ad
1569 1137 1838 1177 Callistratum

359 1198 649 1236 adducendum.
707 1199 793 1249 Ego
813 1213 905 1238 vero
926 1200 1123 1238 neminem
1143 1200 1323 1238 exsulem
1354 1201 1508 1248 veham,
1527 1213 1657 1252 neque
1677 1199 1727 1238 ad
1746 1211 1837 1238 eum

358 1261 578 1312 navigabo:
606 1261 717 1313 leges
738 1261 839 1299 enim
861 1275 941 1298 non
961 1262 1096 1299 sinunt
1118 1263 1317 1314 suscipere
1338 1262 1460 1300 ullum
1476 1262 1666 1309 exsulem,
1685 1268 1755 1300 aut
1773 1274 1839 1299 eo-

359 1323 447 1362 dem
476 1323 635 1361 crimine
666 1323 789 1361 teneri
812 1324 956 1375 jubent
988 1337 1079 1361 eum
1105 1324 1171 1375 qui
1198 1324 1416 1376 susceperit
1433 1338 1510 1376 quo
1530 1325 1637 1375 ipsos
1664 1323 1837 1362 exsules.

358 1385 548 1429 Revertar
562 1385 680 1436 igitur
693 1399 781 1423 cum
795 1378 892 1424 nave
907 1385 956 1424 ad
973 1386 1132 1425 ducem:
1166 1378 1334 1437 cumque
1351 1386 1678 1430 conscendissent
1691 1392 1836 1432 nautae,

356 1449 658 1499 gubernatorem
673 1448 795 1499 jubeo
815 1448 940 1486 redire
976 1449 1164 1487 Thasum.
1222 1449 1466 1499 Refragante
1499 1447 1682 1500 Callippo
1708 1454 1749 1486 et
1771 1447 1837 1499 ju-

356 1512 474 1549 bente
507 1511 692 1562 navigare
727 1510 767 1547 111
798 1511 1089 1557 Macedoniam,
1119 1524 1199 1562 quo
1228 1511 1307 1548 dux
1334 1510 1534 1562 jussisset,
1560 1510 1774 1562 respondet
1800 1509 1836 1548 ei

356 1571 593 1623 Posidippus
624 1573 874 1623 gubernator,
896 1586 959 1610 me
980 1580 1021 1612 et
1039 1573 1266 1624 praefectum
1287 1586 1374 1610 esse
1394 1572 1542 1612 triremi
1562 1579 1602 1611 et
1620 1572 1835 1611 rationibus

356 1634 565 1672 reddendis
587 1634 813 1682 obnoxium,
833 1642 874 1672 et
903 1648 946 1673 se
977 1635 1201 1673 mercedem
1227 1648 1251 1673 a
1275 1647 1337 1672 me
1372 1633 1560 1687 accipere,
1618 1633 1834 1686 Navigatu-

356 1710 440 1734 rum
462 1697 581 1747 igitur
594 1696 768 1735 Thasum
792 1697 842 1735 ad
864 1697 1018 1745 ducem,
1038 1711 1116 1750 quo
1133 1711 1209 1749 ego
1222 1697 1444 1750 jussissem.

415 1761 477 1797 14.
507 1759 701 1798 Postridie
721 1773 813 1798 cum
831 1759 1002 1798 Thasum
1022 1760 1276 1807 redissemus,
1297 1759 1464 1799 accersit
1479 1773 1542 1798 me
1556 1759 1834 1799 Timomachus

356 1823 395 1860 in
414 1835 529 1860 suum
547 1822 816 1868 diversorium,
837 1823 944 1874 quod
961 1830 1045 1862 erat
1059 1830 1166 1861 extra
1179 1823 1335 1862 moenia.
1394 1823 1480 1874 Ego
1495 1835 1587 1861 vero
1606 1836 1656 1861 ne
1670 1821 1835 1862 vinciret

353 1885 508 1931 timens,
527 1885 568 1922 111
598 1884 835 1923 calumniam
862 1885 1059 1923 adductus
1091 1899 1115 1924 a
1148 1885 1344 1937 Callippo‚
1376 1884 1460 1936 ipse
1490 1898 1570 1924 non
1598 1897 1731 1936 parce,
1763 1884 1834 1923 sed

353 1948 530 1986 ministro
559 1948 664 1994 dico,
693 1948 723 1986 si
748 1948 842 1999 quid
874 1961 1030 1987 mecum
1055 1962 1170 2000 agere
1201 1948 1333 1995 vellet,
1359 1947 1484 1986 mein
1514 1947 1599 1986 foro
1631 1947 1832 1986 futurum:

354 2017 396 2048 et
414 2023 579 2062 puerum
598 2023 687 2048 cum
704 2024 750 2049 eo
766 2011 894 2056 mitto,
915 2017 958 2050 ut
977 2011 1008 2049 si
1028 2011 1121 2063 quid
1141 2011 1204 2049 ille
1225 2011 1444 2062 imperaret,
1464 2010 1558 2048 mihi
1576 2010 1833 2049 renunciaret.

355 2073 520 2125 Propter
538 2074 610 2112 has
632 2087 774 2112 causas
791 2071 900 2126 ‘quas
920 2074 1000 2112 dixi
1022 2075 1144 2121 vobis,
1164 2075 1445 2113 Timomachus
1465 2088 1548 2113 non.
1563 2074 1696 2126 coegit
1714 2073 1832 2111 istum

352 2137 528 2189 accipere
548 2150 687 2175 navem
706 2150 716 2180 ;
747 2144 1011 2189 praetereaque
1039 2137 1122 2188 ipse
1141 2137 1231 2175 navi
1248 2137 1305 2175 uti
1329 2136 1452 2175 voluit
1466 2136 1612 2189 optime
1631 2137 1830 2175 instructa.

354 2198 457 2237 Nam
491 2199 761 2250 Thrasylocho
783 2199 1046 2251 Anagyrasio,
1073 2199 1185 2251 cujus
1213 2198 1301 2250 ipse
1332 2198 1477 2236 triremi
1497 2198 1724 2244 vehebatur,
1742 2210 1831 2248 per-

351 2260 494 2298 suadet
511 2267 556 2299 ut
586 2260 768 2312 Callippo
793 2261 1069 2312 praefecturam
1089 2261 1208 2307 locet,
1229 2273 1307 2311 quo
1331 2259 1533 2312 Callippus
1553 2272 1653 2298 nave
1682 2259 1830 2310 potitus

353 2336 425 2361 suo
444 2323 631 2361 arbitratu
649 2323 920 2362 Callistratum
935 2323 1266 2362 circumveheret:
1295 2323 1378 2374 ipse
1397 2335 1504 2369 vero,
1525 2335 1613 2361 mea
1626 2321 1717 2362 navi
1735 2335 1830 2359 con-

351 2398 505 2433 scensa,
519 2386 656 2438 quovis
677 2387 904 2437 obnavigat,
921 2386 1049 2424 donec
1068 2387 1108 2424 in
1124 2386 1425 2438 Hellespontum
1440 2384 1696 2436 pervenisset.
1727 2385 1829 2424 Cum

351 2453 483 2486 autem
501 2448 537 2486 ei
556 2447 775 2486 triremibus
791 2448 874 2500 jam
894 2461 973 2486 non
993 2455 1095 2486 esset
1115 2461 1229 2499 opus,
1247 2448 1393 2501 Lycino
1414 2448 1650 2487 Pallenense
1669 2446 1769 2486 duce
1788 2447 1828 2485 in

349 2522 476 2548 meam
503 2523 643 2548 navem
663 2509 871 2556 collocato,
896 2510 962 2561 qui
990 2510 1199 2562 pecuniam
1221 2510 1395 2562 quotidie
1421 2510 1552 2549 nautis
1572 2510 1698 2557 daret,
1723 2509 1829 2548 abire

349 2571 510 2610 domum
528 2586 589 2610 me
604 2573 729 2624 jubet.

352 2663 356 2665 μ
408 2636 470 2672 15.
502 2635 547 2672 Ι11
578 2647 624 2672 eo
650 2634 788 2672 itinere
809 2633 958 2672 Tenedi
985 2648 1073 2673 cum
1102 2647 1291 2681 essemus,
1312 2649 1401 2674 cum
1415 2648 1541 2686 neque
1561 2634 1743 2687 Lycinus,
1764 2634 1828 2673 cui

349 2695 627 2734 Timomachus
661 2696 700 2733 id
735 2696 953 2742 mandarat,
988 2696 1118 2734 nautis
1146 2696 1383 2748 stipendium
1419 2695 1746 2747 solveret—quod
1784 2710 1827 2736 se

348 2767 529 2796 nummos
563 2772 642 2796 11011
671 2759 833 2805 habere,
865 2759 937 2796 sed
968 2758 1171 2811 Mitylenis
1204 2765 1457 2811 accepturum
1488 2771 1576 2797 esse
1609 2758 1825 2806 diceret-3

347 2835 476 2873 neque
505 2822 693 2861 militibus
725 2830 830 2861 esset
861 2823 964 2861 unde
998 2830 1260 2861 commeatum
1281 2830 1467 2868 emerent,
1488 2829 1527 2861 et
1549 2822 1674 2875 jejuni
1698 2834 1823 2861 remos

348 2896 465 2935 agere
484 2898 564 2923 non
582 2892 766 2936 possent:
799 2898 928 2924 rursus
948 2898 1023 2936 ego
1043 2885 1190 2924 civibus
1217 2886 1381 2924 testibus
1404 2885 1602 2932 adhibitis,
1622 2884 1823 2937 Polyclem

346 2946 494 2985 Tenedi
513 2960 734 2999 aggressus,
754 2956 792 2987 et
812 2962 952 2988 navem
973 2948 1164 3001 accipere,
1184 2956 1229 2988 ut
1252 2961 1534 2998 successorem,
1555 2956 1596 2988 et
1612 2948 1706 2988 mihi
1722 2947 1822 2988 red-
