1948 3306
316 146 369 184 20
723 144 947 184 CONTRA
980 143 1341 186 TIMARCHUM·

319 250 477 303 quidem
495 249 645 302 praedio
665 251 873 290 abstinuit:
905 252 975 291 sed
1001 252 1040 290 id
1060 265 1216 304 quoque
1237 252 1390 290 duobus
1412 251 1680 295 drachmarum
1702 250 1790 289 mil-

318 313 420 351 libus
439 311 625 350 vendidit.
662 313 800 364 Neque
820 313 1046 352 ancillarum
1074 321 1141 351 aut
1160 326 1357 352 servorum
1379 313 1501 351 ullum
1522 313 1689 360 retinuit,
1720 312 1790 353 sed

319 387 454 413 omnes
473 373 725 413 venundedit.
755 376 855 417 Quae
877 388 955 412 non
976 374 1070 425 fingi
1091 388 1112 413 a
1134 388 1194 413 me
1211 387 1260 412 ex
1276 387 1323 413 eo
1343 373 1593 424 intelligetur,
1609 374 1714 424 quod
1733 380 1791 412 te-

320 435 508 474 stimoniis
523 435 798 485 declarabitur,
818 435 905 473 haec
921 435 955 473 ei
976 448 1000 473 a
1019 442 1127 486 patre
1147 436 1284 474 relicta
1302 435 1422 474 fuisse
1439 448 1449 473 :
1479 448 1567 485 quae
1587 434 1619 472 si
1639 448 1682 473 se
1699 448 1793 473 ven-

321 497 469 536 didisse
489 503 624 548 negat‚
645 509 809 548 corpora
828 509 1026 534 servorum
1048 497 1087 534 in
1108 504 1359 548 conspectum
1380 496 1583 547 producat.
1613 496 1794 537 Eundem

321 558 438 597 etiam
458 557 521 596 isti
538 571 593 596 aes
611 558 777 597 alienum
795 557 1008 607 reliquisse,
1025 558 1141 608 idque
1163 558 1211 596 ab
1227 559 1303 596 isto
1317 559 1564 608 absumptum
1584 571 1681 603 esse,
1704 557 1795 595 Me-

320 618 472 670 tagenis
500 619 665 670 Sphettii
686 618 908 657 testimonio
928 619 1129 669 probabo:
1161 619 1226 669 qui
1247 620 1404 670 quidem
1429 619 1483 657 illi
1503 618 1668 670 amplius
1691 631 1796 656 xxx.
1830 652 1834 661 ,

322 679 447 718 minas
463 679 652 718 debuerat
670 693 679 717 :
709 679 748 717 id
768 691 857 717 vero
874 678 981 729 quod
1002 678 1190 730 reliquum
1210 680 1351 726 fuerat,
1373 679 1557 718 defuncto
1575 686 1685 731 patre
1705 679 1795 717 red-

323 742 433 789 didit,
461 748 612 794 septem
641 741 780 780 minas.
830 742 1005 780 Accerse
1032 741 1124 779 mihi
1154 742 1407 793 Metagenem
1438 742 1672 794 Sphettium.
1717 741 1796 781 Sed

323 803 489 855 primum
516 803 686 841 omnium
713 803 801 854 lege
829 803 1072 842 Nausicratis
1097 803 1378 849 testimonium,
1408 805 1476 855 qui
1501 804 1608 844 aedes
1627 804 1735 851 emit,
1759 810 1799 842 et

321 873 451 905 cetera
468 879 564 918 cape
583 865 725 914 omnia,
745 879 910 917 quorum
928 866 968 904 in
992 866 1167 904 oratione
1183 866 1421 905 mentionem
1439 866 1528 905 feci.

868 1011 1241 1050 TESTIMONIA.

378 1107 444 1147 21.
472 1106 562 1145 Jam
581 1113 733 1158 patrem
758 1106 842 1158 ejus
872 1107 1024 1158 argenti
1046 1120 1124 1145 non
1156 1119 1292 1158 parum
1320 1105 1558 1158 possedisse,
1590 1104 1697 1156 quod
1725 1104 1799 1144 iste

325 1169 541 1220 dissipavit,
562 1168 639 1207 hoc
665 1169 776 1208 vobis
804 1168 1096 1208 demonstrabo.
1126 1169 1282 1207 Veritus
1313 1168 1415 1207 enim
1443 1181 1606 1206 munera
1630 1167 1799 1219 publica,

325 1229 595 1282 possessiones
617 1244 713 1282 quas
735 1230 871 1268 habuit
889 1230 1079 1276 vendidit,
1100 1237 1243 1281 praeter
1262 1230 1409 1281 praedia
1427 1242 1546 1280 supra
1564 1241 1800 1267 commemo-

325 1298 432 1331 rata:
462 1292 645 1330 videlicet
659 1292 775 1329 alium
791 1305 929 1344 agrum
944 1292 1254 1343 Cephisiensem‚
1268 1291 1612 1342 Amphitropenses
1629 1289 1800 1328 officinas

327 1353 425 1392 duas
448 1353 488 1391 in
508 1353 831 1404 argentifodinis:
864 1354 1024 1392 alteram
1045 1354 1084 1391 in
1116 1353 1281 1398 Aulone,
1304 1353 1462 1391 alteram
1483 1352 1534 1390 ad
1553 1351 1800 1402 Thrasylum.

328 1415 411 1454 Eas
429 1421 559 1453 autem
578 1416 686 1454 unde
717 1415 767 1454 sit
796 1422 1035 1454 consecutus
1065 1427 1272 1466 exponam.
1330 1413 1428 1452 Tres
1455 1413 1616 1451 fuerunt
1640 1412 1802 1451 fratres:

329 1476 569 1528 Eupolemus
590 1475 742 1523 lanista,
764 1476 939 1514 Arizelus
959 1476 1070 1515 istius
1096 1482 1221 1528 pater,
1247 1482 1288 1514 et
1305 1475 1539 1526 Arignotus,
1559 1474 1673 1514 etiam
1698 1486 1802 1517 nunc

328 1544 543 1589 superstes,
556 1551 691 1585 senex,
707 1538 825 1576 orbus
840 1538 978 1576 oculis.
1010 1537 1162 1576 Horum
1178 1537 1325 1588 primus
1338 1537 1436 1576 obiit
1452 1535 1707 1587 Eupolemus,
1723 1548 1802 1573 non

327 1600 453 1639 diviso
471 1599 726 1650 patrimonio:
757 1600 955 1639 secundus
977 1599 1172 1646 Arizelus,
1198 1598 1399 1637 Timarchi
1424 1604 1548 1648 pater.
1590 1598 1682 1645 Qui,
1708 1598 1803 1636 dum

326 1662 496 1707 vivebat,
509 1672 643 1698 omnes
657 1659 867 1697 facultates
881 1660 1076 1697 tractabat
1088 1666 1245 1709 propter
1253 1659 1432 1710 Arignoti
1447 1660 1638 1703 morbum,
1655 1666 1694 1698 et
1709 1673 1802 1699 ocu-

328 1726 456 1764 lorum
478 1722 756 1765 calamitatem,
791 1728 907 1772 atque
935 1720 1084 1759 obitum
1104 1720 1335 1772 Eupolemi:
1363 1727 1588 1772 certamque
1609 1721 1805 1772 Arignoto

328 1787 549 1841 pecuniam,
568 1797 686 1836 quam
707 1784 740 1823 ei
760 1797 831 1835 pro
848 1784 955 1823 victu
975 1783 1186 1829 ordinarat,
1205 1782 1440 1834 pensitabat.
1489 1782 1543 1821 Ut
1562 1788 1691 1821 autem
1713 1783 1804 1821 Ari-

331 1850 438 1889 zelus
451 1847 583 1894 etiam,
596 1845 792 1885 Timarchi
806 1852 916 1897 pater
929 1845 1098 1884 obierat:
1119 1844 1251 1896 primis
1268 1844 1424 1895 quidem
1441 1844 1695 1895 temporibus,
1710 1846 1804 1884 dum

331 1911 406 1949 iste
417 1922 513 1961 puer
525 1907 653 1946 adhuc
667 1914 762 1953 erat,
780 1906 973 1958 Arignoto
987 1919 1010 1943 a
1021 1905 1215 1944 tutoribus
1230 1918 1341 1956 aequa
1355 1905 1485 1943 omnia
1498 1906 1804 1956 praestabantur:

331 1978 588 2024 posteaquam
609 1982 699 2007 vero
718 1969 759 2006 in
778 1969 909 2007 album
929 1967 1096 2007 civitatis
1114 1968 1325 2019 inscriptus
1346 1974 1407 2006 est
1424 1967 1668 2014 Timarchus,
1688 1975 1805 2019 atque

334 2046 430 2085 opes
444 2033 483 2070 in
500 2043 608 2070 suam
624 2029 776 2081 redegit
790 2036 1040 2081 potestatem,
1056 2029 1214 2081 repulso
1229 2029 1388 2068 homine
1402 2042 1495 2068 sene
1510 2035 1549 2067 et
1562 2030 1807 2080 calamitoso,

333 2107 458 2145 eoque
472 2099 610 2144 patruo
627 2104 712 2137 δυο,
726 2104 815 2130 cum
835 2091 1043 2130 facultates
1063 2091 1288 2136 occultavit,
1301 2097 1384 2129 tum
1398 2091 1587 2142 Arignoto
1605 2091 1699 2130 nihil
1713 2107 1806 2145 sup-

334 2154 544 2208 peditavit:
576 2153 644 2192 sed
661 2154 699 2191 in
720 2153 838 2191 tantis
858 2153 996 2205 opibus
1010 2166 1154 2192 nomen
1173 2152 1272 2191 inter
1287 2152 1424 2204 inopes
1439 2159 1480 2192 et
1493 2153 1691 2193 causarios
1711 2155 1806 2194 dare

336 2229 475 2269 passus
496 2222 569 2254 est.
599 2215 795 2266 Denique,
817 2214 857 2253 id
877 2214 985 2265 quod
1011 2220 1072 2253 est
1089 2214 1262 2252 omnium
1281 2214 1561 2266 gravissimum,
1579 2228 1668 2253 cum
1689 2229 1809 2257 senex

336 2278 498 2329 inopum
516 2276 769 2328 explorationi
786 2289 863 2315 non
880 2275 1133 2324 interfuisset,
1147 2282 1264 2327 atque
1278 2275 1430 2315 senatui
1449 2289 1519 2328 pro
1538 2276 1718 2316 mercede
1735 2278 1807 2317 im-

336 2339 529 2392 petranda
555 2338 826 2389 supplicasset,
847 2338 917 2378 iste
937 2351 1027 2376 cum
1059 2345 1098 2378 et
1118 2345 1273 2378 senator
1298 2345 1338 2378 et
1363 2352 1510 2391 praeses
1529 2352 1576 2378 eo
1606 2340 1669 2379 die
1688 2348 1808 2389 esset,

334 2402 391 2440 illi
408 2399 640 2453 patrocinari
654 2399 796 2446 noluit,
815 2400 884 2438 sed
901 2399 1077 2441 amittere
1096 2401 1317 2440 mercedem
1331 2400 1564 2440 senatoriam
1576 2414 1717 2452 passus
1734 2411 1806 2442 est.

340 2463 441 2507 Quae
460 2467 504 2501 ut
521 2474 612 2500 vere
640 2473 703 2500 me
722 2461 853 2500 dicere
871 2468 1039 2510 constet,
1058 2474 1156 2501 voca
1179 2462 1424 2514 Arignotum,
1443 2463 1606 2513 ejusque
1633 2463 1808 2504 testimo-

339 2525 449 2565 nium
463 2523 595 2564 recita.

868 2656 1276 2697 TESTIMONIUM.

345 2770 398 2808 At
422 2781 527 2816 vero,
558 2767 664 2806 dicet
692 2767 898 2818 quispiam,
919 2779 1008 2805 eum
1028 2767 1199 2818 paternis
1229 2765 1379 2805 aedibus
1407 2766 1587 2814 venditis,
1614 2769 1807 2819 quasdam

343 2831 438 2870 alias
457 2832 497 2869 in
515 2831 611 2869 urbe
629 2841 899 2880 comparasse:
929 2840 975 2867 ac
1005 2842 1076 2879 pro
1100 2828 1234 2876 fundo,
1262 2834 1302 2865 et
1326 2827 1561 2879 Alopecensi
1585 2829 1745 2880 praedio,
1771 2838 1810 2870 et

342 2892 560 2945 opificibus,
597 2904 645 2931 ac
671 2891 827 2940 ceteris,
855 2891 894 2930 in
926 2889 1233 2943 argentifodinas
1263 2888 1409 2941 aliquid
1439 2890 1676 2937 contulisse„
1696 2898 1741 2932 ut
1768 2899 1808 2931 et
