1948 3306
346 164 394 199 58
661 162 737 199 DE
770 161 918 199 MALE
950 162 1127 201 GESTA
1161 162 1500 204 LEGATIONE.

400 275 464 311 39.
492 272 574 320 Ais,
591 273 714 324 prima
729 273 924 324 legatione
940 281 978 312 te
993 287 1071 313 non
1087 275 1407 314 animadvertisse
1421 289 1547 314 meam
1563 283 1699 314 contra
1713 289 1812 315 rem-

343 335 539 386 publicam
561 335 907 386 conspirationem,
931 336 1001 374 sed
1021 337 1058 374 in
1078 337 1294 388 posteriore
1323 338 1576 384 intellexisse,
1607 339 1645 376 in
1665 352 1744 389 qua
1775 346 1814 376 te

343 397 577 448 patrocinari
598 397 689 434 mihi
710 404 878 435 constat.
934 397 984 434 Et
1017 412 1103 435 cuin
1136 399 1238 436 illam
1271 399 1422 436 interim
1444 412 1622 443 accuses,
1651 413 1815 438 aecusa-

343 457 488 496 tionem
519 466 647 496 tamen
681 459 929 496 dissimulas:
972 459 1073 498 hanc
1102 473 1191 498 vero
1225 473 1403 506 accusas,
1434 474 1512 510 qua
1538 461 1814 512 jusjurandum

345 520 558 570 exegimus.
612 520 737 570 Atqui
764 520 794 557 si
824 533 959 570 pacem
992 521 1200 572 vituperas,
1221 528 1261 559 tu
1283 521 1399 559 etiam
1422 522 1651 559 societatem
1682 522 1816 560 decre-

344 580 446 619 visti.
485 581 535 619 Et
554 581 772 632 Philippus,
793 582 824 618 si
845 594 922 631 qua
940 580 979 617 in
1009 595 1048 618 re
1071 583 1203 620 urbem
1225 583 1459 634 decipiebat,
1484 590 1690 634 propterea
1708 597 1817 622 men-

344 643 524 689 tiebatur,
541 650 584 680 ut
598 655 683 680 eam
703 649 1006 691 consequeretur
1022 655 1173 692 pacem,
1189 656 1277 693 quae
1294 657 1314 681 e
1335 657 1375 681 re
1389 656 1460 681 sua
1473 650 1592 681 esset.
1627 644 1726 682 Haec
1746 645 1818 694 igi·
1835 683 1840 694 „

343 710 406 741 tur
426 705 524 742 ratio
550 704 687 755 prioris
715 703 923 753 legationis
943 703 1039 741 fuit:
1069 704 1259 754 posterior
1278 711 1421 750 autern,
1446 706 1562 743 rebus
1583 705 1665 756 jam
1685 706 1819 743 confe-

344 765 416 803 ctis
437 767 541 804 facta
557 773 630 803 est.
662 766 760 806 Quae
780 765 897 815 igitur
916 765 955 802 in
976 778 1023 802 ea
1043 765 1201 803 fraudes
1223 766 1404 804 fuerunt?
1435 767 1536 804 Nam
1558 774 1724 818 quantus
1745 767 1819 806 istc

343 828 392 865 sit
414 827 615 878 impostor,
638 840 687 865 ex
709 828 793 878 ejus
815 827 989 865 oratione
1010 827 1222 878 colligitur.

394 891 460 926 40.
491 890 571 936 Ait,
587 902 649 926 me
670 896 788 927 noctu
809 903 879 941 per
902 889 1062 940 Lydiam
1083 902 1236 928 amnem
1264 889 1397 927 celoce
1418 890 1467 928 ad
1497 889 1721 941 Philippum
1739 897 1818 930 tra-

334 950 494 1001 jecisse,
526 957 564 988 et
588 951 720 989 literas
740 964 828 1002 quae
847 951 925 988 huc
954 951 1084 989 missae
1112 958 1218 998 sunt,
1249 951 1430 1002 Philippo
1463 953 1676 1003 scripsisse.
1716 953 1818 991 Nam

342 1011 618 1057 Leosthenem‚
658 1012 723 1063 qui
751 1019 909 1063 propter
943 1012 1247 1051 calumniatores
1278 1014 1375 1051 urbe
1407 1014 1575 1060 exsulet,
1612 1027 1690 1052 non
1723 1015 1817 1053 satis

338 1072 523 1111 habuisse
539 1074 785 1112 dexteritatis
806 1074 856 1112 ad
875 1074 1102 1113 scribendas
1121 1075 1276 1119 literas3
1308 1075 1482 1125 quamvis
1497 1075 1574 1114 sint
1591 1077 1656 1127 qui
1671 1076 1817 1123 dicant,

337 1149 426 1174 eum
441 1142 530 1186 post
547 1137 813 1185 Callistratum
830 1137 1092 1188 Aphidnaeum
1111 1136 1285 1175 omnium
1301 1137 1423 1175 fuisse
1444 1137 1816 1189 eloquentissimum.

340 1199 480 1249 Neque
501 1199 628 1250 ipsum
652 1199 890 1250 Philippum,
917 1210 1053 1238 contra
1073 1213 1189 1252 quem
1207 1213 1277 1238 vos
1299 1199 1587 1238 Demosthenes
1607 1200 1817 1239 defendere

337 1274 416 1298 non
447 1261 588 1312 potuit.
630 1262 769 1312 Neque
790 1261 1019 1313 Byzantium
1052 1262 1286 1314 Pythonem,
1313 1262 1510 1300 hominem
1537 1263 1602 1313 qui
1622 1261 1815 1300 scribendi

337 1329 461 1360 artem
481 1323 588 1360 laudi
610 1323 680 1360 sibi
702 1323 823 1367 ducit,
849 1323 918 1361 sed
939 1336 1024 1360 mea
1043 1323 1193 1361 scilieet
1213 1336 1331 1374 opera
1351 1322 1401 1361 ad
1421 1336 1501 1360 rem
1531 1323 1814 1362 conficiendam

336 1383 457 1421 fuisse
478 1397 590 1434 opus.
621 1384 728 1421 Alias
750 1384 861 1431 dieis,
877 1398 939 1422 me
961 1398 1065 1435 saepe
1086 1385 1254 1422 interdiu
1271 1385 1397 1422 solum
1418 1398 1508 1422 cum
1527 1385 1613 1423 solo
1634 1385 1816 1437 Philippo

335 1459 424 1483 esse
440 1446 690 1491 collocutum,
708 1446 803 1483 alias
814 1446 1043 1491 criminaris,
1060 1460 1123 1484 me
1135 1453 1255 1484 noctu
1268 1446 1427 1484 fluvium
1441 1446 1816 1499 trajecisse.·Usque

337 1507 438 1545 adeo
456 1507 656 1545 nocturnis
677 1507 797 1544 literis
817 1508 893 1545 fuit
912 1521 1024 1558 opus.
1054 1509 1110 1545 Te
1131 1515 1263 1546 autem
1291 1508 1386 1546 nihil
1408 1509 1538 1546 dicere
1555 1509 1650 1555 veri,
1671 1510 1817 1548 adsunt

337 1569 404 1619 qui
426 1574 632 1614 testentur,
660 1567 684 1604 ii
711 1581 798 1605 eum
830 1568 970 1618 quibus
991 1568 1096 1605 victu
1120 1570 1317 1605 communi
1348 1583 1434 1607 sum
1457 1583 1566 1616 usus,
1594 1570 1816 1621 Aglaocreo

334 1630 547 1676 Tenedius,
568 1636 609 1667 et
629 1629 813 1667 Iatrocles
836 1628 1089 1680 Pasiphontis
1112 1628 1227 1675 filius,
1247 1642 1334 1666 curn
1357 1631 1498 1680 quibus
1519 1631 1624 1668 omni
1643 1639 1815 1684 tempore

337 1693 581 1730 continenter
602 1691 764 1742 singulis
785 1690 967 1728 noctibus
989 1690 1167 1736 dormivi,
1195 1690 1260 1740 qui
1282 1691 1429 1729 conscii
1449 1697 1553 1739 sunt,
1578 1705 1640 1730 me
1665 1694 1814 1732 nullam

339 1767 511 1805 unquam
526 1759 696 1800 noctem,
713 1759 782 1790 aut
799 1752 924 1790 noctis
944 1758 1094 1803 partem
1117 1766 1138 1790 a
1155 1765 1196 1790 se
1214 1752 1402 1790 abfuisse.
1431 1752 1678 1792 Adducimus
1697 1755 1814 1794 etiam

335 1816 518 1861 famulos,
537 1822 576 1854 et
595 1815 645 1853 ad
665 1815 923 1865 quaestionem
945 1814 1098 1859 damus,
1122 1827 1168 1852 ac
1188 1814 1418 1860 orationem,
1438 1814 1470 1851 si
1490 1816 1729 1854 concesserit
1747 1831 1814 1855 ac-

333 1886 505 1924 cusator,
520 1880 668 1917 omitto.
690 1878 841 1916 Adesto
858 1885 988 1916 autem
1006 1877 1180 1915 carnifex
1192 1877 1285 1928 jam,
1302 1884 1342 1915 et
1356 1890 1486 1915 coram
1500 1879 1609 1916 vobis
1619 1885 1813 1930 torqueat,

333 1942 365 1979 si
388 1941 594 1992 jusseritis.
636 1940 738 1977 Satis
767 1939 896 1977 adhue
933 1939 1008 1976 diei
1043 1939 1232 1989 reliquum
1270 1944 1331 1976 est
1367 1939 1417 1976 ad
1451 1938 1537 1977 haec
1571 1943 1810 1992 peragenda.

334 2004 437 2041 Nam
460 2003 666 2040 distributo
688 2001 765 2039 diei
785 2009 973 2052 tempore,
996 2001 1047 2038 ad
1067 2000 1249 2038 undecim
1271 2013 1382 2051 aquae
1402 2001 1610 2051 amphoras
1631 2015 1814 2042 accusor.

334 2064 450 2107 Quod
462 2065 492 2102 si
507 2064 545 2101 in
561 2063 778 2114 quaestione
792 2062 970 2108 dixerint,
988 2075 1048 2100 me
1063 2074 1235 2112 unquam
1251 2063 1299 2098 ab
1314 2061 1373 2099 his
1387 2062 1674 2101 convictoribus
1689 2063 1811 2102 ullam

334 2133 490 2164 noctem
506 2126 689 2172 abfuisse,
710 2138 759 2162 ne
772 2125 960 2176 parcitote
981 2124 1089 2171 mihi,
1107 2124 1384 2169 Athenienses,
1407 2123 1476 2161 sed
1498 2124 1657 2175 surgite,
1672 2138 1812 2177 meque

334 2188 558 2226 occiditote.
600 2187 669 2224 Sin
697 2193 752 2231 tu,
787 2186 1089 2232 Demosthenes,
1114 2185 1308 2223 mendacii
1339 2184 1543 2223 convictus
1576 2186 1708 2233 fueris,
1741 2187 1813 2225 has

333 2251 427 2293 dato
447 2262 608 2301 poenas:
636 2250 822 2287 confitere
853 2261 984 2286 coram
1011 2248 1086 2292 his,
1118 2255 1157 2285 te
1177 2247 1400 2286 semivirum
1420 2260 1520 2294 esse,
1540 2254 1579 2286 et
1596 2261 1675 2286 non
1702 2249 1812 2300 inge-

332 2324 467 2349 nuum.
512 2311 680 2349 Accerse
711 2310 801 2348 mihi
824 2323 955 2348 servos
976 2310 1055 2349 huc
1075 2309 1125 2348 ad
1150 2309 1337 2357 tribunal,
1366 2315 1406 2348 et
1424 2308 1666 2361 collegarum
1691 2311 1812 2350 recita

333 2371 617 2412 testimonium.

653 2476 1066 2514 TESTIMONIUM.
1109 2477 1483 2516 PROVOCATIO.

333 2564 504 2608 Quando
532 2570 663 2602 autem
694 2563 1013 2615 provocationem
1040 2563 1230 2613 repudiat,
1262 2576 1391 2613 neque
1427 2576 1470 2601 se.
1499 2561 1809 2608 commissurum,

333 2630 401 2672 ait,
421 2633 466 2665 ut
484 2626 764 2677 mancipiorum
787 2626 952 2676 quaestio
973 2625 1098 2663 fraudi
1119 2625 1190 2663 sibi
1221 2625 1283 2670 sit,
1317 2638 1412 2676 cape
1438 2624 1510 2662 has
1535 2624 1682 2670 literas,
1714 2638 1809 2676 quas

334 2689 536 2742 Philippus
558 2689 672 2728 misit.
715 2688 830 2726 Unde
851 2694 1018 2734 constet,
1039 2701 1127 2725 eum
1147 2688 1300 2738 magnis
1319 2688 1357 2724 in
1376 2686 1492 2724 rebus
1514 2686 1694 2737 decipere
1715 2685 1810 2724 civi-

329 2758 465 2797 tatem,
495 2758 538 2788 ut
556 2751 605 2789 ob
625 2763 692 2789 eas
720 2750 852 2788 literas
875 2748 1101 2787 scribendas
1122 2748 1239 2787 fuerit
1258 2747 1367 2786 nobis
1388 2747 1687 2786 lucubrandum.

960 2851 1183 2890 LITERAE.

332 2931 490 2978 Audite,
511 2931 787 2979 Athenienses,
810 2932 874 2977 ait,
897 2945 938 2970 se
959 2932 1115 2970 dedisse
1129 2930 1404 2982 jusjurandum
1435 2930 1574 2968 vestris
1597 2928 1748 2980 legatis,
1770 2935 1808 2967 et
