1915 3356
513 186 734 225 CONTRA
765 183 1226 223 DlONYSODORUM.
1517 179 1592 216 739

138 290 356 331 reddendas
386 304 471 330 esse
501 304 637 329 usuras
656 303 804 336 omnes,
824 301 941 339 quum
960 287 1067 325 navis
1089 288 1127 325 in
1147 288 1338 326 Piraeeum
1368 299 1447 324 non
1468 297 1592 336 appu-

137 352 236 391 lerit.
293 352 397 397 Quid
429 360 557 391 autem
588 352 810 404 syngrapha
837 349 957 389 dicit?
1000 350 1103 394 Non,
1131 350 1185 388 ita
1217 363 1276 388 me
1301 356 1404 387 amet
1428 347 1594 399 Jupiter,

137 412 272 452 eadem
292 427 378 464 quae
398 421 452 459 tu,
483 412 771 464 Dionysodore:
801 411 884 456 sed,
905 410 977 448 nisi
997 410 1209 448 reddideris
1231 419 1370 448 sortem
1388 418 1426 448 et
1443 422 1594 458 usuum,

138 481 206 514 aut
225 475 315 513 inihi
335 476 553 513 exhibueris
574 474 735 525 pignora
765 474 969 511 manifesta
990 480 1030 510 et
1058 472 1191 518 libera,
1211 479 1277 510 aut
1304 472 1335 509 si
1368 472 1459 522 quid
1490 470 1593 509 aliud

137 544 272 576 contra
290 536 546 589 syngrapham
567 534 816 581 commiseris,
838 535 994 586 duplam
1023 534 1171 572 solvere
1190 533 1395 584 pecuniam
1416 542 1452 571 te
1469 534 1593 582 jubet.

138 598 224 649 Age
243 598 315 637 hoc
334 598 457 650 ipsum
477 596 568 634 mihi
587 596 817 648 syngraphae
838 604 955 648 caput
973 595 1104 634 recita,

687 699 1042 738 SYNGRAPHA.

136 785 206 816 Nisi
239 791 337 816 autem
367 786 527 816 manifesta
551 786 748 816 exhibuerint
771 786 897 826 pignora
921 791 951 817 et
976 787 1086 823 libera,
1103 791 1162 816 aut⁴
1181 787 1206 815 si
1230 786 1302 825 quid
1336 790 1440 815 contra
1467 794 1592 824 syngra-

133 836 225 877 pham
241 837 460 874 commiserint,
476 837 634 879 pecuniam
651 838 774 878 duplam
791 839 950 869 reddunto.

135 902 257 942 Estne
276 904 341 942 ubi
368 917 505 943 navem
536 904 648 942 nobis
677 904 918 942 manifestam
949 904 1182 951 exhibueris,
1203 917 1250 942 ex
1280 917 1358 955 quo
1390 902 1594 955 pecuniam

136 978 159 1003 a
177 966 290 1003 nobis
309 966 505 1018 accepisti,
525 979 612 1004 curn
635 966 716 1018 ipse
737 966 956 1005 confitearis
981 979 1063 1004 eam
1085 980 1170 1004 esse
1190 965 1450 1004 incolumem?
1480 978 1527 1003 an
1548 977 1595 1002 ex

136 1040 183 1066 eo
202 1034 374 1080 tempore
395 1028 433 1066 in
463 1028 757 1066 Atheniensium
786 1037 1000 1066 mercatum
1028 1028 1224 1080 appulisti,
1251 1041 1340 1065 cum
1375 1025 1597 1078 syngrapha

136 1091 350 1142 perspicuis
369 1090 493 1129 verbis
513 1091 630 1135 dicat,
652 1104 786 1129 navem
807 1104 892 1129 esse
921 1090 931 1127 i
948 1085 979 1128 n*
1005 1090 1036 1128 P
1054 1091 1064 1128 i
1079 1104 1094 1127 r
1109 1104 1141 1128 ae
1157 1104 1177 1128 e
1191 1104 1211 1127 u
1224 1103 1262 1128 m
1289 1087 1596 1142 perducendam,

137 1158 177 1190 et
206 1165 245 1190 m
259 1167 316 1191 an
340 1152 408 1190 ife
425 1166 442 1190 s
456 1160 506 1190 to
547 1152 804 1191 exhibendam
833 1151 1112 1191 creditoribus?

195 1215 256 1253 12.
280 1214 379 1252 Nam
399 1221 439 1252 et
464 1214 554 1260 hoc,
573 1214 843 1252 Athenienses.
901 1214 1133 1252 Futilitatem
1157 1221 1343 1263 spectate.
1387 1213 1519 1262 Rupta
1538 1219 1599 1250 est

137 1275 260 1321 navis,
281 1283 324 1314 ut
342 1276 415 1314 iste
430 1275 495 1322 ait,
511 1267 792 1327 proptereaque
809 1275 990 1314 Rhodum
1013 1289 1096 1314 eam
1114 1275 1303 1313 deduxit:
1334 1273 1494 1326 proinde
1510 1280 1599 1324 post

137 1346 283 1378 resarta
301 1345 360 1378 est
390 1345 430 1377 et
457 1339 506 1376 ad
541 1338 827 1389 navigationem
861 1346 1050 1390 reparata.
1108 1338 1187 1375 Cur
1219 1338 1336 1388 igitur
1368 1349 1467 1381 eam,
1487 1349 1510 1374 o
1544 1336 1598 1373 vir

136 1400 297 1452 optime,
313 1393 349 1438 in
369 1400 577 1452 [Egyptum
599 1407 839 1451 caeterosque
858 1411 1053 1439 mercatus
1068 1400 1259 1446 mittebas,
1276 1399 1448 1437 Athenas
1468 1407 1596 1436 autem

138 1462 310 1501 nondum
332 1463 468 1500 misisti
486 1475 534 1499 ne
554 1475 658 1500 nunc
673 1462 828 1513 quidem
845 1462 892 1500 ad
912 1476 984 1501 nos
1003 1462 1227 1508 creditoreS,
1242 1461 1381 1512 quibus
1402 1473 1485 1498 eam
1509 1472 1599 1511 syn-

137 1525 287 1577 grapha
304 1531 341 1563 te
363 1524 476 1576 jubet
502 1523 746 1562 manifestam
772 1532 811 1562 e‘t
840 1524 999 1562 liberam
1026 1525 1220 1569 exhibere,
1250 1522 1462 1575 praesertim
1489 1521 1600 1559 nobis

137 1585 178 1625 id
197 1586 417 1639 petentibus
437 1593 477 1624 et
496 1599 518 1624 a
537 1593 575 1624 te
597 1599 700 1637 saepe
727 1585 1043 1638 postulantibus?
1074 1586 1152 1624 Sed
1177 1593 1219 1624 tu
1244 1586 1298 1623 ita
1324 1584 1432 1622 fortis
1464 1596 1517 1628 es,
1539 1582 1600 1620 vel

138 1648 268 1700 potius
301 1647 521 1699 impudens,
555 1655 611 1694 ut,
645 1661 730 1686 cum
764 1662 784 1686 e
815 1648 1035 1700 syngrapha
1066 1648 1271 1700 pecuniam
1304 1647 1414 1684 nobis
1443 1646 1600 1697 duplam

140 1710 300 1760 debeas,
318 1724 390 1749 neo
412 1709 601 1761 legitimas
621 1723 758 1748 usuras
779 1709 1000 1748 reddendas
1020 1710 1234 1754 existimes3
1263 1717 1302 1747 et
1324 1708 1499 1746 Rhodias
1528 1720 1600 1745 nos

140 1774 310 1825 recipere
333 1773 486 1825 jubeaS,
516 1771 673 1824 perinde
692 1784 738 1810 ac
759 1772 791 1810 si
810 1771 982 1810 mandati
1008 1772 1063 1810 tui
1084 1772 1204 1823 major
1223 1784 1339 1822 quam
1367 1769 1599 1822 syngraphae

141 1839 191 1879 sit
210 1839 445 1884 auctoritas3
474 1851 518 1875 ac
549 1837 676 1875 dicere
706 1838 864 1883 audeas,
895 1850 1033 1875 navem
1061 1837 1100 1874 in
1133 1837 1323 1874 Piraeeum
1355 1849 1429 1873 non
1458 1834 1600 1886 perdu-

140 1908 241 1941 ctam
263 1914 348 1939 esse
379 1899 626 1946 incolumem,
645 1899 749 1950 quod
779 1900 828 1937 ob
855 1899 997 1937 factum
1024 1899 1110 1950 jure
1137 1897 1334 1950 perimeris
1354 1897 1599 1946 ajudicibus.

142 1963 218 2004 Per
236 1976 348 2015 quem
369 1961 470 2001 enim
495 1961 613 2007 stetit,
633 1960 808 2007 Judices,
829 1974 906 2012 quo
937 1960 1063 1999 minus
1088 1960 1196 1999 navis
1223 1960 1260 1998 in
1284 1960 1475 1998 Piraeeum
1496 1959 1600 1996 inco-

141 2026 255 2066 lumis
274 2023 576 2078 perduceretur?
605 2023 709 2061 Num
729 2036 796 2074 per
815 2036 885 2061 nos
905 2024 968 2074 qui
984 2030 1116 2074 aperte
1137 2021 1393 2060 mutuavimus
1422 2021 1459 2058 in
1481 2020 1601 2071 AEgy-

143 2095 248 2140 ptum
269 2094 309 2126 et
327 2086 515 2132 Athenas,
535 2098 584 2123 an
609 2097 699 2124 vero
727 2098 794 2136 per
819 2084 933 2123 istum
959 2085 1119 2137 ejusque
1141 2084 1301 2130 socium,
1322 2082 1400 2133 qui,
1419 2081 1479 2120 his
1509 2094 1600 2119 con·

102 2180 105 2181 ⁷
143 2148 352 2188 ditionibus
384 2147 548 2187 mutuati
588 2153 631 2185 ut
665 2146 836 2185 Athenas
873 2147 1054 2194 redirent,
1093 2146 1274 2184 Rhodum
1309 2157 1443 2182 navem
1479 2156 1601 2195 appu·

139 2211 294 2251 lerunt?

202 2276 262 2313 13.
293 2273 416 2324 quue
435 2272 573 2311 fecisse
593 2286 659 2310 eos
679 2272 728 2311 de
755 2272 958 2318 industria,
979 2273 1087 2311 nulla
1115 2272 1343 2311 necessitate
1364 2270 1602 2322 compulsos,

143 2335 276 2377 multis
303 2335 426 2387 signis
457 2334 664 2386 colligitur.
721 2334 820 2372 Nam
855 2335 886 2373 si
916 2348 1031 2373 casus
1058 2335 1121 2373 ille
1153 2347 1283 2373 revera
1310 2333 1384 2371 fuit
1409 2332 1602 2376 fortuitus,

144 2405 185 2438 et
203 2398 312 2438 navis
329 2404 444 2449 rupta
462 2396 546 2442 fuit,
566 2403 667 2447 post,
680 2409 767 2434 cum
789 2409 873 2435 eam
894 2397 1185 2443 instaurassent,
1200 2409 1278 2435 non
1298 2396 1431 2446 utique
1448 2395 1485 2432 in
1507 2394 1601 2432 alios

144 2468 337 2500 mercatus
355 2459 588 2503 eloe-assent,
604 2457 671 2496 sed
694 2457 742 2496 ad
764 2472 834 2497 nos
849 2459 1040 2498 misissent
1062 2459 1108 2496 ad
1131 2457 1401 2509 corrigendum
1422 2464 1602 2496 eventurn

145 2534 224 2563 non
243 2522 522 2562 voluntarium:
553 2533 659 2558 nunc
678 2527 829 2559 tantum
856 2522 968 2560 abest
991 2529 1035 2560 ut
1062 2534 1191 2559 casum
1225 2520 1332 2558 illum
1352 2518 1602 2563 correxerint,

145 2592 190 2625 ut
206 2586 256 2624 ad
275 2584 418 2637 primas
435 2581 591 2634 injurias
611 2581 752 2621 delicta
771 2582 887 2634 longe
908 2583 1085 2634 graviora
1103 2581 1326 2635 adjecerint,
1347 2588 1399 2627 et,
1418 2588 1601 2631 tanquam

144 2661 212 2700 per
230 2647 413 2691 derisum,
435 2650 570 2683 contra
590 2656 661 2681 nos
680 2644 719 2681 in
732 2644 920 2695 judicium
940 2646 1128 2691 venerint,
1149 2643 1260 2696 quasi
1279 2643 1318 2681 in
1337 2644 1506 2694 ipsorum
1535 2654 1603 2692 po-

142 2716 283 2749 testate
309 2709 480 2747 futurum
508 2705 571 2751 sit,
594 2706 625 2743 si
656 2719 724 2744 eos
755 2707 1043 2756 damnaveritis,
1063 2714 1204 2747 sortem
1225 2707 1416 2744 duntaxat
1441 2704 1603 2743 reddere

147 2779 188 2811 et
215 2784 364 2810 usuras.
419 2769 501 2808 Vos
528 2768 657 2819 igitur,
691 2769 969 2813 Athenienses,
987 2783 1035 2809 ne
1064 2770 1172 2808 istam
1195 2768 1249 2806 eis
1277 2766 1469 2806 licentiam
1490 2765 1605 2810 detis,

146 2847 270 2885 neque
290 2832 518 2884 permittatis
548 2837 591 2868 ut
620 2830 772 2869 duabus
791 2831 897 2870 velut
917 2832 1069 2870 ancoris
1098 2832 1282 2876 nitantur,
1302 2836 1358 2874 ut,
1380 2829 1408 2866 si
1430 2827 1604 2871 vicerint,

145 2894 350 2948 pecuniam
368 2893 533 2932 alienam
553 2890 766 2939 detineant,
785 2892 842 2930 sin
862 2905 930 2930 vos
955 2892 1133 2944 decipere
1154 2904 1230 2929 non
1251 2890 1411 2941 possint,
1430 2902 1477 2927 ea
1503 2887 1603 2926 dun-

147 2962 258 2996 taxat
273 2955 438 2995 reddant
456 2968 543 3007 quae
568 2952 734 2992 debent:
765 2955 833 2993 sed
863 2954 1028 2992 mulctas
1059 2953 1113 2991 eis
1139 2953 1305 3003 irrogate
1327 2964 1414 3002 quae
1441 2962 1603 3002 syngra-
