1948 3306
361 182 437 218 686
751 180 1045 219 ADVERSUS
1075 179 1434 219 TIMOTHEUM.

421 286 480 321 10.
512 284 572 320 De
594 284 696 322 mille
717 291 842 322 autem
864 285 1073 330 drachmis,
1087 297 1183 335 quas
1203 291 1335 321 mutuo
1352 283 1517 334 sumpsit
1535 284 1583 322 ab
1600 283 1820 335 Antiphane

361 346 398 382 in
419 345 615 391 Calauria,
635 353 678 383 ut
698 346 794 384 inter
813 346 982 384 Boeotios
1005 345 1234 383 trierarchos
1257 344 1514 391 distribueret,
1536 344 1611 383 huc
1637 344 1838 383 venturus'

361 406 409 444 ad
423 406 629 457 judicium,
650 420 746 458 quas
766 408 881 444 etiam
904 407 1072 444 reddidit
1092 406 1271 458 Philippo
1291 406 1542 452 naviculario,
1560 406 1622 444 hic
1642 414 1821 457 acceptas

362 480 384 505 a
400 474 509 518 patre
530 481 629 514 meo,
652 469 843 507 Boeotium
866 468 1101 505 navarchum
1128 468 1181 505 ait
1208 468 1325 505 fuisse
1359 473 1592 512 mutuatum,
1618 474 1656 505 et
1683 480 1751 518 pro
1776 480 1823 505 ea

362 529 526 579 pecunia
547 530 644 580 patri
666 543 751 567 meo
771 543 824 566 aes
843 530 1130 580 oppignerasse.
1172 530 1270 567 Eum
1287 537 1414 568 autem
1436 543 1512 568 non
1531 543 1665 568 verum
1680 529 1822 575 dicere,

361 603 503 641 magno
523 591 630 628 vobis
659 599 886 642 argumento
915 592 1201 629 demonstrabo.
1261 591 1429 629 Primum
1458 598 1612 630 constat
1643 591 1758 629 istum
1785 592 1827 639 iu¹

363 652 544 690 Calauria
562 666 648 691 esse
668 659 886 690 mutuatum
908 652 992 689 illas
1012 651 1114 688 mille
1137 651 1352 697 drachmas,
1380 660 1419 691 et
1437 666 1514 691 non
1536 651 1727 690 Boeotium
1756 664 1824 689 na-

361 714 545 751 varchum
565 727 573 751 :
605 713 745 751 deinde
768 714 989 765 Philippum
1018 713 1078 750 hic
1106 713 1154 751 ab
1173 712 1246 750 isto
1267 715 1464 765 repetiisse
1485 714 1588 752 mille
1609 713 1825 757 drachmas,

361 783 400 813 ct
420 789 496 813 non
517 789 540 813 a
569 774 723 813 Boeotio
744 775 956 819 navarcho;
989 783 1027 813 et
1046 775 1259 813 reddidisse
1289 776 1417 822 istum,
1437 789 1515 814 non
1541 776 1733 813 Boeotium
1756 787 1823 812 na-

360 836 558 874 varchum.
617 836 693 873 Par
725 837 824 874 enim
857 843 938 874 erat
967 835 1157 873 Boeotium
1186 836 1408 887 praefecturn
1431 838 1478 875 ab
1507 837 1581 874 isto
1602 837 1824 875 alimoniam

360 897 397 934 in
418 911 534 936 naves
556 898 755 948 accipere:
787 897 835 935 de
865 897 1132 936 communibus
1159 898 1258 935 enim
1290 897 1440 935 tributis
1469 898 1651 936 exercitui
1680 898 1825 948 stipen-

361 959 425 996 dia
443 959 703 996 solvebantur.
762 958 973 996 Pecuniam
995 971 1085 996 vero
1118 965 1158 996 tu
1180 972 1332 996 omnem
1354 972 1376 996 a
1395 959 1508 997 sociis
1527 959 1757 1010 redegeras3
1789 967 1827 997 et

361 1019 426 1057 tibi
448 1020 519 1070 ipsi
540 1021 707 1058 rationes
728 1020 942 1058 referendae
968 1028 1092 1058 erant.
1149 1021 1237 1058 Jam
1266 1020 1424 1059 Boeotiis
1457 1019 1620 1058 navibus
1651 1021 1827 1066 reversis,

360 1088 397 1119 et
414 1081 598 1119 militibus
615 1082 785 1133 dilapsis,
805 1082 954 1120 Boeotio
970 1083 1155 1133 praefecto
1175 1082 1267 1119 nihil
1283 1083 1330 1119 ab
1347 1082 1647 1120 Atheniensibus
1668 1082 1827 1133 periculi

360 1142 507 1186 fuisset,
529 1156 655 1193 neque
674 1143 705 1180 is
726 1143 847 1181 ullum
868 1144 906 1181 in
921 1144 1109 1195 judicium
1126 1150 1283 1181 vocatus
1304 1143 1462 1181 fuisset:
1496 1143 1562 1181 tibi
1581 1156 1670 1181 vero
1689 1143 1827 1193 ingens

359 1204 566 1242 discrimen
587 1205 846 1248 inferebatur3
880 1205 943 1256 qui
964 1211 1067 1243 metu
1089 1212 1258 1242 aestuans
1291 1204 1327 1241 in
1352 1204 1585 1242 Boeotiarum
1616 1204 1826 1242 triremium

360 1266 640 1316 permansione,
679 1267 803 1305 donec
831 1267 1020 1318 judicium
1061 1267 1108 1304 de
1142 1274 1178 1304 te
1212 1267 1334 1311 fieret,
1370 1266 1605 1305 collocabas.
1674 1265 1827 1304 Deinde

360 1342 566 1379 quamnam
586 1331 635 1368 ob
651 1330 859 1368 amicitiam
883 1337 990 1381 pater
1011 1329 1161 1367 Boeotio
1185 1329 1381 1367 navarcho
1401 1329 1504 1367 mille
1521 1329 1725 1367 drachmas
1745 1342 1826 1366 mu-

361 1399 520 1436 tuasset,
542 1405 656 1443 quem
678 1405 755 1429 non
777 1391 910 1430 uorat?
938 1394 990 1429 At
1008 1392 1285 1442 oppignerasse
1306 1404 1393 1429 eum
1423 1390 1475 1429 ait
1501 1405 1570 1429 aes.
1629 1392 1827 1435 Quantum

362 1453 532 1498 tandem,
555 1461 622 1491 aut
652 1454 882 1504 cujusmodi,
913 1461 980 1492 aut
1005 1454 1108 1491 unde
1142 1454 1300 1492 allatum
1327 1453 1422 1491 illud
1444 1467 1498 1491 aes
1519 1453 1668 1491 Boeotio
1691 1466 1828 1491 navar-

361 1513 464 1551 cho?
511 1515 648 1552 Utrum
682 1527 728 1552 ex
763 1515 1040 1565 negotiatione,
1062 1528 1110 1552 an
1139 1528 1162 1553 a
1181 1514 1340 1566 captivis
1367 1514 1600 1566 acceptum?
1641 1515 1729 1552 ,Jam
1763 1514 1830 1565 qui

362 1575 468 1612 fuere
501 1575 566 1625 qui
595 1589 649 1613 ees
677 1576 891 1614 attulerunt
917 1577 966 1614 ad
988 1583 1134 1627 patrem
1161 1575 1315 1614 meum?
1365 1576 1501 1613 Utrum
1524 1576 1760 1621 mercenarii,
1781 1590 1829 1614 an

362 1636 492 1674 servi?
523 1643 588 1674 aut
606 1637 692 1687 quis
713 1644 931 1675 nostrorum
955 1637 1198 1681 servitiorum
1224 1637 1259 1674 id
1283 1637 1459 1689 accepit?
1504 1637 1687 1691 Oportuit
1715 1637 1831 1685 enim,

362 1698 394 1735 si
414 1698 512 1735 servi
534 1698 766 1744 attulissent,
787 1712 854 1736 eos
875 1698 940 1750 qui
960 1699 1181 1737 attulissent
1207 1699 1350 1737 dedere
1371 1712 1380 1737 :
1408 1698 1465 1737 sin
1485 1699 1722 1746 mercenarii,
1741 1712 1829 1737 eum

362 1773 383 1797 e
416 1767 547 1798 nostro
577 1760 778 1806 famulitio,
808 1760 873 1811 qui
902 1761 1119 1811 accepisset
1150 1774 1205 1798 aes
1237 1768 1277 1799 et
1305 1760 1572 1811 expendisset,
1603 1773 1828 1811 exposcere.

364 1823 501 1872 Neque
523 1822 623 1860 enim
643 1823 817 1874 profecto
838 1823 898 1860 vel
925 1823 956 1860 is
990 1822 1055 1872 qui
1082 1823 1363 1873 oppignerabat
1383 1824 1526 1873 absque
1555 1822 1724 1873 pondere
1754 1829 1829 1860 tra-

362 1884 528 1926 diturus,
543 1884 604 1921 vel
624 1891 732 1934 pater
750 1897 860 1922 meus
881 1884 962 1935 ipse
982 1884 1020 1921 id
1035 1884 1093 1921 vel
1114 1891 1336 1934 gestaturus
1356 1884 1415 1921 vel
1430 1884 1714 1935 ponderaturus
1730 1883 1829 1922 fuit:

363 1945 431 1983 sed
451 1945 591 1983 famuli·
604 1945 637 1982 ei
656 1946 826 1992 fuerunt,
847 1946 912 1996 qui
932 1951 1067 1983 mutuo
1091 1945 1194 1983 datae
1212 1945 1388 1996 pecuniae
1408 1945 1574 1996 pignora
1593 1945 1828 1996 acciperent.

363 2007 540 2046 Demiror
569 2021 641 2057 ego
670 2008 798 2054 etiam,
829 2020 1038 2058 quamnam
1070 2008 1119 2045 ob
1152 2021 1308 2045 causam
1339 2007 1509 2044 Boeotius
1530 2007 1748 2045 navarchus
1775 2020 1829 2044 aes

361 2069 456 2106 illud
488 2069 585 2119 patri
620 2083 705 2107 meo
737 2069 1064 2120 oppigneraturus
1093 2068 1242 2115 fuisset,
1270 2082 1358 2106 cum
1397 2067 1576 2120 Philippo
1607 2068 1710 2106 mille
1743 2068 1830 2106 dra-

362 2130 496 2168 chmas
527 2131 697 2169 deberet.
761 2131 897 2168 Utrum
924 2131 1029 2181 quod
1056 2130 1261 2182 Philippus
1294 2129 1437 2168 invitus
1470 2130 1646 2167 facturus
1680 2137 1763 2168 erat
1789 2137 1832 2168 ut

364 2206 517 2230 usuram
539 2194 743 2244 acciperet,
765 2193 797 2231 si
818 2206 995 2231 nummos
1017 2194 1054 2230 in
1075 2200 1160 2231 tuto
1176 2193 1423 2239 collocasset,
1444 2198 1484 2230 et
1504 2192 1555 2230 ad
1573 2191 1743 2243 pignus?
1781 2206 1829 2230 an

362 2254 468 2304 quod
489 2255 654 2305 pecunia
674 2254 854 2305 Philippo
882 2268 960 2292 non
995 2255 1094 2293 fuit?
1135 2255 1302 2293 Proinde
1327 2254 1422 2306 quid
1450 2261 1533 2292 erat
1559 2267 1629 2293 cur
1657 2254 1828 2292 Boeotius

365 2315 428 2352 ille
449 2315 667 2353 navarchus
687 2329 709 2353 a
728 2323 836 2366 patre
866 2329 950 2353 meo
970 2323 1146 2353 mutuum
1167 2323 1306 2363 oraret,
1326 2316 1430 2367 quod
1450 2315 1631 2367 Philippo
1650 2316 1830 2355 redderet

363 2377 507 2427 potius,
527 2391 639 2428 quam
661 2377 750 2415 huic
778 2377 849 2428 ipsi
881 2391 932 2415 aes
966 2378 1264 2429 oppigneraret?
1314 2379 1391 2417 Sed
1420 2391 1548 2428 neque
1566 2391 1621 2416 aes
1641 2378 1829 2430 oppigne-

364 2445 490 2476 ratum
512 2439 595 2483 fuit,
617 2439 790 2485 Judices,
820 2452 944 2489 neque
971 2447 1170 2478 mutuatus
1198 2446 1259 2478 est
1289 2441 1465 2478 Boeotius
1487 2440 1705 2478 navarchus
1726 2439 1828 2478 mille

364 2499 569 2537 drachmas
601 2513 624 2537 a
656 2506 763 2550 patre
796 2513 895 2545 meo,
916 2501 984 2538 sed
1016 2501 1241 2539 Timotheus
1268 2515 1412 2552 magna
1441 2508 1616 2553 egestate
1648 2514 1827 2552 pressus:

365 2575 479 2612 quem
499 2575 588 2599 vero
623 2562 662 2599 in
696 2575 806 2599 usum
837 2562 1071 2600 converterit
1100 2571 1321 2613 argentum,
1353 2563 1432 2601 dixi
1466 2562 1588 2601 vobis.
1659 2563 1826 2600 Tantum

364 2630 494 2660 autem
516 2624 626 2660 abest
646 2629 688 2660 ut
707 2623 870 2674 gratiam
890 2623 1030 2661 referat
1058 2637 1125 2674 pro
1145 2624 1294 2662 credita
1319 2632 1359 2663 et
1383 2632 1546 2676 accepta
1571 2637 1594 2662 a
1612 2631 1722 2675 patre
1743 2637 1828 2662 meo

365 2684 544 2734 pecunia,
565 2692 607 2721 ut
627 2693 730 2722 sorte
751 2684 879 2730 etiam,
901 2685 931 2723 si
952 2686 1085 2736 possit,
1108 2685 1368 2724 fraudandum
1389 2692 1559 2724 censeat.

424 2746 485 2781 11.
519 2745 579 2783 De
599 2745 734 2796 phialis
755 2759 881 2797 porro,
901 2753 940 2784 et
959 2747 1110 2796 argenti
1130 2746 1234 2784 mina
1253 2761 1371 2797 quam
1390 2760 1413 2784 a
1431 2754 1538 2798 patre
1558 2761 1646 2786 meo
1666 2755 1725 2786 est
1744 2761 1827 2785 mu-

364 2815 509 2853 tuatus,
529 2807 761 2858 pedissequo
795 2820 866 2845 suo
892 2807 1121 2845 AEschrione
1143 2808 1192 2846 ad
1215 2815 1363 2859 patrem
1390 2820 1518 2846 meum
1546 2816 1663 2847 noctu
1693 2810 1825 2855 misso,

363 2880 451 2904 eum
472 2868 575 2918 apud
595 2868 779 2907 arbitrum
800 2870 998 2921 rogabam,
1014 2882 1062 2908 an
1083 2869 1211 2908 adhuc
1234 2883 1368 2908 servus
1384 2877 1491 2908 esset
1519 2884 1611 2909 suus
1637 2871 1827 2917 AEschrio,

363 2934 402 2965 et
427 2935 470 2966 ut
492 2942 540 2966 ex
562 2937 651 2968 cute
668 2930 769 2969 illius
791 2931 931 2969 veritas
950 2931 1240 2983 exsculperetur
1260 2931 1536 2983 postulabam.·
1560 2932 1637 2975 Qui
1658 2946 1745 2971 cum
1766 2940 1836 2970 re-‘
