1981 3356
668 215 778 252 PRO
811 212 1161 251 PHORMIONE.
1569 216 1646 251 :555

183 322 271 361 quae
290 316 330 347 et
349 322 369 347 e
390 308 578 347 divisione
598 314 637 346 et
655 307 814 346 redacto
834 319 909 344 aere
930 306 1056 344 alieno
1076 313 1115 345 et
1134 319 1180 344 ex
1208 305 1464 345 locationibus
1483 309 1649 359 accepit,

183 384 270 409 eum
290 370 455 422 amplius
481 369 739 422 quadraginta
768 368 916 407 talenta
948 367 1148 419 accepisse
1177 368 1385 415 constabit,
1405 368 1576 420 exceptis
1603 370 1648 407 iis

183 446 271 483 quae
289 432 352 471 hic
371 433 406 471 ei
424 432 596 476 donavit,
619 438 657 468 et
676 430 860 468 maternis
880 429 1033 480 opibus,
1054 436 1092 467 et
1111 428 1185 467 illis
1205 435 1370 479 quatuor
1387 431 1542 469 talentis
1559 444 1647 469 cum

183 493 342 533 dimidio
362 502 401 533 et
420 493 613 533 sexcentis
635 491 842 538 drachmis,
863 504 950 542 quae
971 497 1132 542 accepta
1146 490 1196 528 de
1216 503 1351 529 mensa
1370 504 1446 528 non
1466 492 1604 530 reddit.

241 557 303 594 15.
331 557 385 594 At
411 556 497 594 haec
528 555 700 605 respub„
732 553 892 604 inquiet,
925 553 1089 603 accepit,
1110 559 1150 590 et
1179 551 1310 603 inique
1341 565 1492 590 mecum
1519 560 1647 591 actum

182 623 245 656 est
271 617 339 668 qui
368 616 491 655 multa
516 616 554 653 in
583 616 759 666 rempub.
787 613 1049 653 contulerim?
1095 614 1192 661 Imo,
1213 627 1301 664 quae
1330 614 1477 665 reipub.
1498 616 1648 665 praesti·

181 679 278 726 tisti,
295 692 343 718 ea
376 678 424 717 de
453 676 646 717 communi
675 676 841 728 pecunia
859 683 900 714 tu
930 683 969 714 et
1000 675 1119 714 frater
1147 675 1415 726 impendistis:
1445 688 1533 726 quae
1557 689 1648 714 vero

181 739 338 787 deinde,
356 745 508 778 tantum
540 740 652 777 abest
684 745 727 776 ut
758 739 923 777 duorum
956 737 1157 786 talentum,
1186 743 1229 775 ut
1257 750 1306 775 ne
1326 737 1461 788 viginti
1491 738 1648 788 quidem

181 802 385 847 minarum,
405 800 571 839 reditum
593 806 762 851 aequent.
800 800 862 838 Ne
882 800 997 851 igitur
1015 812 1136 852 remp.
1159 799 1377 847 criminare,
1398 813 1484 846 nec,
1501 814 1589 851 quae
1607 808 1650 839 tu

183 863 233 901 de
252 862 482 915 patrimonio
501 861 692 913 flagitiose
712 868 751 900 et
774 861 874 900 male
893 861 1109 914 perdidisti,
1128 861 1305 913 impensa
1323 875 1412 900 esse
1431 862 1547 901 dicito
1577 863 1649 900 rei-

181 925 272 976 pub.
330 925 384 962 Ut
412 931 540 962 autem
560 924 705 971 sciatis,
732 923 1005 971 Athenienses,
1032 930 1071 961 et
1096 923 1380 962 multitudinem
1400 925 1650 975 pecuniarum

180 999 280 1038 quas
311 986 478 1039 accepit,
507 993 544 1024 et
577 999 737 1024 munera
755 999 843 1037 quae
874 986 981 1032 obiit,
1015 985 1240 1037 singulatim
1270 987 1381 1025 vobis
1407 986 1468 1025 hic
1494 986 1649 1024 libellus

181 1049 345 1101 legetur,
364 1056 404 1088 et
420 1048 646 1100 provocatio
665 1048 764 1096 haec,
784 1055 824 1087 et
840 1049 925 1087 haec
944 1049 1178 1087 testimonia.

352 1206 624 1246 LIBELLUS.
683 1207 1060 1247 PROVOCATIO.
1115 1209 1474 1247 TESTIMONIA.

181 1308 350 1348 Tantam
375 1311 493 1362 igitur
513 1311 713 1362 pecuniam
733 1324 820 1349 cum
851 1312 1046 1363 acceperit
1064 1319 1104 1350 et
1123 1313 1281 1350 nomina
1303 1311 1507 1350 multorum
1527 1314 1649 1351 talen—

179 1379 261 1409 tum
283 1372 413 1410 adhuc
432 1372 588 1419 habeat,
610 1386 772 1424 quorum
794 1373 869 1411 alia
891 1387 914 1411 a
932 1373 1152 1412 volentibus
1171 1374 1303 1425 exigit,
1327 1373 1401 1411 alia
1415 1374 1564 1424 judicio
1585 1387 1650 1412 ex-

179 1439 348 1485 torquet,
377 1448 465 1486 quae
498 1441 607 1474 extra
636 1448 782 1473 mensae
811 1435 1039 1473 locationem
1064 1444 1104 1473 et
1133 1442 1296 1473 caeteras
1327 1447 1419 1485 opes
1440 1448 1463 1473 a
1483 1435 1651 1474 Pasione

179 1495 331 1534 relictas
355 1496 391 1535 ei
417 1497 673 1543 debebantur,
698 1510 861 1548 quaeque
895 1510 999 1534 nunc
1035 1497 1085 1534 ad
1116 1498 1214 1533 istos
1246 1497 1451 1544 redierunt,
1485 1510 1651 1548 cumque

178 1557 349 1596 tantillos
370 1565 546 1610 sumptus
566 1559 700 1597 fecerit
733 1558 943 1609 quantulos
964 1571 1033 1596 vos
1060 1557 1277 1603 audivistis,
1305 1571 1355 1596 ne
1385 1559 1542 1597 minima
1567 1561 1652 1610 qui-

178 1619 270 1658 dem
296 1618 487 1658 redituum
507 1626 630 1671 parte,
650 1619 793 1657 nedum
814 1625 916 1657 sorte
937 1620 1035 1671 ipsa,
1053 1619 1093 1657 in
1112 1619 1270 1671 publica
1285 1633 1446 1659 munera
1462 1621 1651 1673 impensa,

180 1690 311 1722 tamen
340 1682 569 1734 gloriabitur
588 1689 629 1720 et
646 1681 922 1720 instructiones
941 1681 1152 1720 triremium
1175 1688 1214 1719 et
1240 1681 1446 1720 aedilitates
1460 1683 1650 1734 jactabit:

179 1757 256 1796 ego
274 1758 379 1790 vero,
401 1757 448 1782 ea
468 1744 568 1782 falso
588 1743 795 1791 dicturum,
817 1743 984 1782 ostendi.
1041 1743 1141 1787 Quae
1171 1743 1203 1781 si
1229 1756 1319 1781 vera
1348 1751 1482 1782 essent
1509 1745 1650 1791 omnia,

178 1806 380 1845 honestius
400 1812 532 1844 tamen
552 1813 591 1844 et
604 1805 746 1857 justius
768 1805 903 1857 opinor
919 1805 1034 1843 fuerit
1060 1805 1177 1843 istum
1196 1805 1305 1843 vobis
1332 1805 1380 1843 de
1409 1818 1478 1843 suo
1508 1806 1652 1857 largiri,

178 1881 310 1919 quam,
332 1881 401 1906 vos
432 1868 548 1919 hujus
579 1880 676 1919 opes
702 1867 766 1906 isti
787 1867 954 1914 tradere,
981 1874 1025 1905 ut
1052 1867 1125 1918 ipsi
1152 1866 1281 1918 parvis
1307 1867 1577 1906 emolumentis
1604 1882 1651 1906 ex

180 1931 359 1969 omnibus
388 1930 592 1981 perceptis,
609 1929 712 1968 hunc
730 1937 903 1968 extrema
932 1929 1061 1981 inopia
1079 1929 1384 1974 conflictantem,
1403 1929 1518 1967 istum
1547 1930 1651 1968 inso-

180 1993 305 2032 lenter
324 2006 366 2031 se
385 1999 583 2044 gerentem
603 1998 641 2029 et
660 1991 700 2029 in
716 2005 764 2030 ea
778 2005 865 2042 quae
885 1991 986 2030 solet
1003 1991 1303 2042 profundentem
1325 1991 1502 2029 videatis.

239 2056 300 2094 16.
333 2055 424 2093 Jam
445 2054 494 2092 de
510 2054 662 2106 opibus,
683 2053 884 2105 possffiere
911 2053 1016 2091 hunc
1037 2066 1102 2091 eas
1122 2066 1145 2090 a
1163 2060 1272 2104 patre
1292 2059 1359 2090 tuo
1380 2060 1578 2104 acceptas,
1600 2062 1652 2101 et,

180 2117 231 2156 de
251 2130 298 2154 eo
316 2116 421 2167 quod
439 2123 479 2154 te
498 2124 726 2167 rogaturum
746 2116 921 2162 dicebas,
941 2114 1044 2154 unde
1073 2127 1153 2153 rem
1182 2115 1345 2153 haberet
1364 2115 1562 2163 Phormio,
1582 2116 1652 2155 tibi

181 2177 255 2218 soli
273 2177 429 2216 minime
449 2178 621 2216 omnium
649 2177 868 2216 mortalium
897 2190 945 2215 ea
971 2190 1092 2216 causa
1120 2176 1356 2215 adducenda
1379 2183 1450 2215 est.
1510 2177 1651 2229 Neque

181 2240 283 2279 enim
303 2239 421 2278 Pasio
439 2246 550 2290 pater
569 2246 659 2278 tuus
678 2253 745 2278 eas
765 2239 828 2277 vel
847 2238 980 2278 labore
1001 2245 1148 2290 partas,
1169 2238 1229 2277 vel
1253 2251 1276 2276 a
1299 2245 1464 2290 parente
1483 2239 1650 2287 relictas,

179 2302 378 2355 possedit:
410 2302 479 2340 sed
501 2315 591 2340 cum
620 2301 699 2339 suis
720 2300 903 2346 dominis,
920 2300 1146 2338 Antistheni
1165 2307 1205 2338 et
1223 2300 1490 2346 Archestrato‚
1512 2314 1652 2352 argen-

179 2364 317 2403 tariam
336 2362 618 2409 factitantibus,
630 2361 860 2400 industriam
881 2369 919 2400 et
938 2362 1170 2414 probitatem
1191 2375 1301 2400 suam
1320 2363 1537 2414 probasset,
1554 2363 1652 2402 fides

180 2426 217 2464 ei
234 2431 295 2464 est
311 2425 458 2463 habita.
519 2424 592 2463 Est
611 2430 741 2462 autem
760 2424 800 2462 in
819 2430 993 2462 mercatu
1011 2431 1050 2462 et
1069 2424 1166 2462 inter
1185 2423 1365 2462 homines
1381 2424 1650 2475 pecuniarium

181 2493 377 2539 quaestum
395 2487 597 2533 facientes,
616 2486 782 2525 eundem
805 2485 1036 2524 industrium
1056 2485 1178 2524 videri
1209 2493 1248 2524 et
1274 2487 1436 2537 probum
1464 2499 1562 2531 esse,
1592 2487 1651 2524 in-

181 2562 280 2602 gens
301 2548 542 2587 miraculum.
576 2548 716 2600 Neque
736 2547 853 2600 igitur
871 2548 926 2586 illi
950 2547 1022 2586 has
1042 2547 1206 2586 virtutes
1226 2547 1373 2586 domini
1393 2548 1652 2595 tradiderunt,

182 2611 254 2650 sed
281 2611 366 2662 ipse
394 2611 521 2648 bonus
556 2616 698 2648 natura
723 2609 810 2656 fuit,
841 2621 967 2660 neque
995 2607 1088 2646 huic
1121 2614 1211 2646 tuus
1241 2615 1373 2659 pater:
1404 2621 1508 2654 nam,
1534 2609 1652 2659 siqui-

181 2672 271 2711 dem
290 2671 330 2710 id
349 2684 469 2723 penes
488 2671 616 2722 ipsum
635 2671 787 2718 suisset,
806 2677 845 2709 te
866 2670 995 2722 potius
1014 2683 1132 2721 quam
1152 2670 1257 2708 hunc
1276 2670 1437 2721 probum
1460 2669 1652 2709 reddidis—

183 2741 256 2773 set.
285 2734 327 2772 Si
340 2747 432 2772 vero
448 2734 523 2771 hoc
542 2732 685 2780 nescis,
701 2733 818 2772 fidem
833 2733 1080 2771 occasionem
1100 2745 1186 2771 esse
1207 2732 1260 2770 rei
1277 2732 1467 2770 faciendae
1480 2733 1651 2771 omnium

182 2795 406 2842 maximam,
425 2796 551 2834 nescis
567 2795 710 2834 omnia.
769 2795 847 2833 Sed
866 2795 927 2833 his
948 2794 1114 2842 omissis,
1131 2794 1170 2832 in
1190 2793 1321 2831 multis
1343 2802 1382 2831 et
1402 2801 1468 2831 tuo
1497 2795 1595 2844 patri
1614 2803 1652 2833 et

183 2857 267 2901 tibi,
287 2858 424 2896 vestris
455 2858 622 2909 denique
652 2858 780 2904 rebus,
802 2856 904 2895 utilis
930 2856 1114 2895 Phormio
1134 2855 1329 2894 fuitssed
1357 2863 1462 2893 tuam
1492 2857 1651 2895 insatia-

186 2917 302 2957 bilem
331 2919 583 2971 cupiditatem
621 2920 708 2971 quis
741 2928 808 2958 aut
836 2919 993 2970 explere
1026 2926 1093 2956 aut
1125 2918 1197 2955 tuis
1230 2917 1452 2956 satisfacere
1484 2917 1650 2956 moribus

185 2979 310 3030 possit
323 2979 338 3016 ἲ
