1948 3306
344 123 394 158 32
776 120 1006 160 CONTRA
1036 121 1395 160 TIMARCHUM.

345 223 576 270 istimabam,
597 237 665 262 vos
687 224 718 262 si
738 225 828 264 talia
848 227 1077 276 probaretis,
1101 226 1262 264 similem
1285 227 1365 264 fore
1385 226 1432 263 de
1452 226 1608 264 civitate
1628 232 1743 277 atque
1764 225 1813 263 de

348 286 512 323 dicentis
528 287 774 326 immodestia
794 289 1028 339 opinionem.

402 350 465 385 34.
498 349 542 385 In
560 349 781 387 universum
801 350 984 400 denique,
1006 350 1278 394 Athenienses,
1301 363 1323 387 a
1340 363 1379 387 re
1401 350 1547 388 alienas
1568 350 1814 387 defensiones

346 410 603 459 repudiatote‚
624 411 787 461 primum
810 412 1140 462 objusjurandum
1164 412 1271 461 quod
1287 411 1464 456 dedistis,
1483 411 1622 449 deinde
1639 425 1686 448 ne
1703 411 1815 448 falla-

347 470 440 507 mini
461 472 508 508 ab
538 471 692 509 homine
712 474 859 510 artifice
880 473 1050 510 dicendi.
1083 473 1161 510 Sed
1182 474 1300 524 paulo
1325 473 1440 510 altius
1470 473 1650 523 incipiam
1674 472 1815 509 docere

347 545 426 570 vos.
474 533 778 581 Demosthenes,
817 548 905 572 cum
939 534 1213 584 patrimonium
1251 534 1547 585 absumpsisset,
1587 548 1655 585 per
1692 541 1816 571 totam

344 595 479 632 urbem
499 596 738 642 circumibat,
760 602 802 633 ut
821 596 987 646 pupillos
1007 597 1279 634 adolescentes
1301 597 1438 634 divites
1458 603 1662 634 venaretur
1679 609 1687 633 :
1719 608 1817 646 quo-

346 670 430 694 rum
445 659 618 708 patribus
633 658 843 703 defunctis,
860 664 1002 695 matres
1018 658 1201 695 familiam
1216 660 1502 708 gubernabant.
1535 657 1671 695 Multis
1687 648 1836 695 autem*

345 719 563 768 praeteritis,
599 718 712 755 unius
743 719 978 756 mentionem
1009 719 1163 764 faciam,
1194 731 1279 756 cum
1318 733 1394 769 quo
1423 720 1550 769 inique
1585 725 1714 756 actum
1745 724 1818 755 est.

347 779 448 816 Cum
469 779 571 815 enim
599 779 835 830 locupletem
860 779 1019 816 domum
1041 779 1324 830 conspexisset,
1346 793 1434 829 quae
1455 792 1532 816 non
1552 785 1656 817 recte
1677 778 1819 828 guber-

344 840 522 884 nabatur,
545 847 586 877 ut
602 841 713 891 cujus
731 841 810 878 dux
826 849 932 878 esset
947 833 1096 885 mulier,
1116 842 1281 892 superba
1301 841 1367 878 illa
1381 840 1552 890 quidem,
1570 840 1639 877 sed
1660 839 1818 877 minime

347 900 521 946 cordata,
543 901 772 938 adolescens
804 909 932 939 autem
964 902 1137 952 pupillus
1164 915 1344 948 vesanus,
1369 915 1486 952 opum
1519 901 1819 946 administrator,

349 961 602 1000 Aristarchus
623 962 780 1000 Moschi
798 963 858 1007 F„
878 963 992 1013 hujus
1011 976 1051 999 se
1069 970 1280 1000 amatorem
1301 976 1388 1000 esse
1408 962 1628 1000 simulavit:
1650 962 1698 999 ad
1715 975 1819 999 eam-

346 1036 427 1074 que,
443 1023 651 1061 amicitiam
667 1024 958 1061 adolescentem
979 1024 1167 1070 invitavit,
1183 1030 1221 1061 et
1240 1037 1339 1061 vana
1355 1037 1423 1074 spe
1440 1024 1600 1070 inflavit,
1619 1024 1821 1075 pollicens,

347 1098 449 1130 eum,
472 1086 576 1135 quod
598 1086 648 1123 ad
669 1085 928 1135 eloquentiam
955 1086 1149 1129 attineret,
1171 1085 1277 1123 brevi
1299 1093 1495 1123 oratorum
1523 1086 1733 1136 principem
1761 1085 1822 1123 fu:

347 1153 490 1185 turum.
532 1147 682 1184 Talium
714 1154 843 1184 autem
870 1147 904 1184 ei
925 1160 1084 1198 operum
1111 1154 1245 1185 auctor
1266 1153 1306 1184 et
1324 1147 1506 1197 magister
1526 1147 1654 1184 factus
1675 1153 1745 1192 est,
1773 1148 1822 1184 ob

348 1223 435 1260 quae
458 1217 497 1247 et
516 1208 580 1247 ille
612 1209 737 1260 patria
765 1209 932 1254 exsulat,
954 1217 991 1247 et
1011 1210 1084 1247 iste
1104 1210 1225 1247 tribus
1246 1223 1332 1246 eum
1353 1209 1509 1246 talentis
1531 1209 1656 1246 exsilii
1682 1208 1821 1246 viatico

349 1271 549 1322 spoliavit:
580 1278 620 1308 et
651 1271 891 1308 Nicodemus
918 1271 1162 1321 Aphidnaeus
1182 1271 1354 1308 violenta
1374 1277 1494 1308 morte
1524 1272 1571 1308 ab
1598 1270 1821 1308 Aristarcho

349 1333 533 1372 occubuit
556 1333 674 1370 miser.
696 1334 862 1370 exsectis
889 1333 1005 1370 etiam
1034 1333 1155 1370 oculis
1186 1334 1390 1377 ambobus,
1417 1340 1457 1370 et
1485 1332 1621 1383 lingua
1644 1333 1821 1383 praecisa,

348 1409 426 1446 qua
457 1395 756 1432 libere'locutus
792 1395 930 1439 fuerat,
954 1395 1105 1445 legibus
1136 1395 1257 1432 fretus
1282 1401 1320 1431 et
1339 1395 1461 1431 vobis.
1511 1394 1562 1431 Et
1581 1407 1667 1441 vos²
1695 1393 1820 1432 Athe-

347 1456 520 1502 nienses,
550 1455 747 1493 Socratem
771 1456 986 1505 sapientem
1010 1456 1116 1493 illum
1145 1455 1359 1502 occidistis,
1386 1455 1491 1505 quod
1523 1455 1682 1493 Critiam
1713 1455 1821 1492 insti-

348 1518 501 1561 tuisset,
521 1530 642 1554 unum
676 1530 792 1554 xxx.
814 1517 996 1562 virorum,
1019 1518 1084 1568 qui
1117 1518 1304 1568 populum
1335 1524 1615 1568 oppresserunt
1638 1531 1646 1555 :
1673 1518 1821 1555 Demo-

349 1579 497 1617 sthenis
528 1585 656 1616 autem
678 1579 872 1629 precibus,
899 1579 965 1628 qui
986 1580 1034 1615 ab
1060 1578 1281 1616 hominibus
1310 1578 1477 1616 indoctis
1506 1585 1546 1616 et
1570 1578 1823 1629 popularibus

347 1648 506 1692 propter
525 1640 786 1690 aequalitatem
805 1640 900 1689 juris
928 1646 1056 1678 tantas
1074 1654 1210 1691 poenas
1238 1641 1366 1685 sumit,
1396 1640 1671 1678 condonabitis
1696 1640 1824 1678 alios?

349 1703 412 1739 Ad
439 1716 553 1753 quem
583 1701 835 1746 audiendum,
867 1708 1005 1751 rogatu
1037 1702 1132 1753 ejus,
1159 1702 1317 1752 quidam
1348 1702 1620 1740 adolescentes
1649 1702 1823 1740 veniunt.

350 1764 563 1802 Pollicetur
583 1763 682 1801 enim
715 1763 784 1808 eis,
809 1770 962 1814 quaestu
987 1764 1025 1800 in
1059 1770 1227 1801 vestram
1250 1763 1423 1801 fraudem
1455 1763 1648 1809 instituto,
1678 1769 1722 1800 ut
1749 1777 1823 1813 ego

350 1826 483 1872 audio,
502 1839 543 1863 se
563 1826 726 1863 occultis
748 1825 919 1863 artificiis
941 1818 1179 1863 mutaturum
1204 1834 1241 1864 et
1262 1839 1421 1863 causam
1441 1832 1481 1862 et
1501 1826 1824 1863 auscultationem

349 1895 534 1932 vestram,
555 1895 671 1937 atque
693 1886 935 1931 effecturum,
952 1887 1017 1924 ubi
1036 1887 1118 1937 ipse
1134 1887 1333 1937 prodierit,
1354 1893 1450 1924 utet
1468 1900 1556 1924 reus
1572 1887 1675 1924 bono
1697 1886 1824 1924 animo

352 1950 414 1995 sit,
435 1956 474 1986 et
495 1956 699 1986 accusator
730 1948 977 1999 percellatur,
1012 1955 1052 1986 et
1073 1949 1121 1986 de
1152 1961 1193 1986 se
1214 1949 1297 1998 ipso
1327 1948 1375 1985 sit
1405 1949 1443 1986 in
1469 1955 1597 1985 metu:
1627 1955 1666 1985 et
1694 1955 1751 1986 tot
1779 1962 1825 1987 ac

351 2017 481 2049 tantos
513 2011 703 2047 tumultus
742 2024 765 2047 a
787 2010 987 2061 judicibus
1017 2017 1282 2055 evocaturum,
1312 2011 1406 2048 meis
1437 2010 1691 2048 concionibus
1721 2011 1826 2049 inse-

353 2073 498 2118 rendis,
519 2079 559 2110 et
577 2086 673 2123 pace
694 2085 763 2122 per
784 2085 844 2109 me
866 2079 904 2109 et
932 2071 1195 2110 Philocratem
1223 2071 1327 2109 facta
1351 2071 1686 2122 reprehendenda,
1715 2079 1757 2110 ut
1775 2086 1825 2111 nc

353 2134 392 2172 in
408 2134 600 2185 judi-cium
629 2133 786 2184 quidem
816 2140 1003 2171 venturus
1026 2133 1098 2171 sim
1129 2134 1178 2171 ad
1198 2133 1274 2170 mei
1294 2133 1574 2179 defensionem,
1594 2146 1682 2170 cum
1710 2134 1825 2172 obitae

354 2196 562 2247 legationis
582 2195 751 2233 rationes
773 2195 984 2232 reddendae
1006 2195 1096 2232 mihi
1118 2202 1253 2233 erunt:
1284 2195 1353 2233 sed
1374 2195 1610 2232 mediocrem
1639 2195 1826 2233 mulctam

354 2259 456 2309 aequi
476 2259 647 2308 bonique
675 2258 867 2302 facturus,
889 2257 1004 2294 modo
1029 2271 1077 2295 ne
1105 2257 1242 2308 capitis
1269 2257 1518 2295 condemner.
1561 2257 1681 2295 Nullo
1710 2258 1826 2308 igitur

354 2328 484 2373 pacto,
502 2321 668 2370 judices,
689 2327 826 2357 contra
846 2333 914 2357 vos
934 2319 1040 2369 ipsos
1062 2319 1124 2356 isti
1144 2319 1285 2356 rhetori
1300 2319 1418 2356 risum
1439 2326 1479 2357 et
1496 2319 1631 2356 ludum
1647 2321 1826 2370 praebue-

355 2383 459 2421 ritis:
491 2382 560 2420 sed
581 2389 716 2432 putate
738 2381 866 2418 videre
886 2394 954 2418 vos
975 2394 995 2418 e
1017 2381 1099 2418 foro
1123 2381 1279 2418 domum
1302 2394 1510 2427 reversum,
1532 2388 1571 2419 et
1592 2381 1825 2431 gloriantem

355 2445 394 2482 in
425 2443 803 2482 adolescentulorum
835 2451 951 2489 coetu,
987 2450 1027 2480 et
1054 2450 1437 2489 commemorantem,
1470 2456 1586 2493 quam
1623 2444 1826 2482 commode

350 2507 546 2559 judicibus
567 2519 723 2544 causam
748 2505 961 2543 extorserit.
1012 2505 1112 2542 Nam
1144 2506 1352 2544 abduxisse
1372 2519 1439 2543 eos
1469 2518 1491 2542 a
1513 2505 1737 2543 criminibus
1763 2506 1826 2544 Ti-

356 2570 515 2608 marcho
534 2569 710 2620 objectis‚
732 2575 772 2606 et
787 2581 930 2618 magna
950 2568 985 2605 vi
1005 2568 1054 2605 ad
1074 2575 1341 2605 accusatorem
1358 2574 1398 2605 et
1417 2566 1639 2617 Philippum
1668 2574 1706 2605 et
1722 2567 1826 2605 Pho-

357 2645 495 2671 censes
516 2631 758 2673 traduxisse;
789 2637 828 2667 et
848 2643 936 2667 cum
970 2636 1115 2667 metum
1137 2630 1376 2668 auditoribus
1402 2628 1595 2680 injecisse,
1617 2635 1659 2665 ut
1679 2636 1718 2667 et
1737 2643 1825 2668 reus

358 2701 574 2739 accusaret,
590 2701 628 2731 et
647 2699 848 2731 accusator
868 2705 1027 2730 causam
1049 2692 1194 2729 diceret
1211 2705 1219 2729 ε
1251 2699 1292 2729 et
1304 2690 1474 2742 judices,
1493 2689 1603 2741 cujus
1623 2690 1676 2728 rei
1696 2699 1828 2729 essent

352 2757 519 2808 judices,
542 2756 649 2793 obliti
669 2761 818 2799 essent,
839 2766 884 2791 ea
904 2767 994 2791 vero
1016 2754 1206 2798 audirent,
1226 2766 1390 2803 quorum
1407 2752 1560 2803 judices
1586 2765 1664 2789 non
1684 2760 1826 2791 essent.

360 2818 543 2855 Vestrum
565 2824 693 2855 autem
714 2815 884 2854 officium
901 2822 973 2859 est,
994 2822 1038 2853 ut
1049 2814 1131 2853 istis
1145 2827 1212 2853 vos
1223 2814 1370 2852 artibus
1386 2812 1605 2866 opponatis,
1626 2819 1670 2851 ut
1683 2815 1825 2864 ubique
