1965 3356
534 207 825 249 ADVERSUS
857 208 1218 250 PHAENIPPUM.
1547 214 1623 253 607

149 311 241 364 quid
260 311 368 349 hisce
389 311 426 348 in
446 324 559 349 usum
579 313 802 365 reipublicae
822 320 998 364 praestes,
1017 313 1200 352 didicisti.
1232 314 1316 365 Ego
1337 327 1427 354 vero
1451 315 1613 354 demon-

149 374 280 412 strabo
299 386 374 418 me,
394 373 570 425 pauculis
591 388 614 412 a
632 382 737 425 patre
759 374 944 425 acceptis,
965 375 1086 413 multa
1106 375 1372 426 insumpsisse.
1431 377 1509 416 Sed
1537 378 1614 430 pri·

150 448 254 473 mum
276 435 401 486 legem
429 435 533 474 illam
554 436 645 473 mihi
665 436 798 486 legito,
820 449 908 487 quae
929 450 1007 474 non
1027 437 1116 475 sinit
1136 437 1343 488 quicquam
1366 439 1471 489 quod
1490 439 1529 477 in
1554 440 1613 478 fo-

150 497 252 536 dinis
274 505 335 536 est
353 498 563 544 declarare,
583 504 622 535 et
642 499 965 548 provocationem,
986 499 1127 537 deinde
1147 499 1380 546 testimonia,
1402 507 1444 538 ut
1462 508 1616 541 constet

149 559 404 612 Phaenippum
424 560 522 598 duas
542 559 744 599 munificas
762 559 928 599 familias
950 561 1175 600 haereditate
1195 569 1463 601 consecutum.

394 714 517 753 LEX.
575 714 946 755 PROVOCATIO.
1003 715 1367 755 TESTIMONIA.

202 838 240 875 8.
262 837 390 875 Unica
409 836 603 875 duntaxat
623 836 827 888 Phaenippi
855 836 964 874 istius
985 835 1024 874 in
1044 849 1128 883 vos,
1147 837 1170 875 J
1176 838 1324 884 udices,
1353 837 1617 878 munificentia

147 898 300 937 ostendi
315 905 460 950 potest.
515 898 649 950 Equos
669 898 835 937 solerter
854 904 894 936 et
914 912 1057 949 magno
1078 899 1207 938 studio
1228 901 1308 946 alit,
1326 907 1367 939 ut
1386 900 1616 940 adolescens

146 968 186 999 et
202 960 378 1013 locuples
398 969 437 999 et
455 961 653 999 robustus.
702 960 913 1005 Quodnam
929 961 1010 1013 ejus
1030 961 1084 999 rei
1104 969 1376 1013 argumentum
1397 963 1482 1001 est?
1509 964 1617 1001 Ven-

147 1021 229 1061 dito
247 1036 346 1074 equo
364 1023 507 1062 bellico
527 1023 575 1061 ab
597 1022 708 1074 equis
736 1023 953 1069 descendit,
975 1030 1014 1061 et
1042 1037 1112 1075 pro
1134 1037 1180 1062 eo
1208 1025 1430 1063 vehiculum
1451 1025 1522 1063 sibi
1540 1026 1617 1064 ista

147 1091 263 1123 aetate
283 1086 533 1138 comparavit,
559 1092 603 1123 ut
632 1098 682 1123 ne
711 1084 834 1136 pedes
863 1074 1230 1137 ambulet‚—usque
1257 1087 1356 1125 adeo
1375 1087 1523 1125 deliciis
1544 1088 1617 1126 iste

146 1146 359 1185 diffluit—z
389 1155 428 1186 et
452 1147 526 1186 hoc
552 1147 709 1197 quidem
744 1147 835 1184 mihi
866 1147 1086 1199 descripsit,
1121 1149 1191 1186 sed
1222 1148 1359 1187 hordei
1395 1156 1434 1187 et
1470 1150 1548 1187 vini
1579 1157 1619 1189 et

145 1214 372 1246 caeterorum
407 1223 493 1260 quae
521 1223 542 1247 e
567 1209 689 1246 fundo
709 1210 941 1260 proveniunt
971 1223 1020 1247 ne
1050 1210 1242 1248 decimam
1267 1211 1424 1262 quidem
1454 1220 1617 1263 partem.

147 1269 287 1321 Operae
315 1271 482 1322 pretium
516 1271 693 1309 nimirum
728 1277 790 1309 est
819 1284 908 1309 eum
936 1285 1041 1310 nunc
1069 1272 1230 1310 missum
1264 1274 1407 1320 facere,
1433 1275 1616 1324 quoniam

143 1333 374 1381 industriam
399 1348 510 1373 suam
531 1341 570 1373 et
588 1334 753 1386 reipubl.
770 1334 943 1372 studium
972 1342 1055 1372 tum
1081 1349 1242 1387 corpore
1262 1342 1344 1373 tum
1364 1335 1616 1375 facultatibus

142 1395 382 1435 declaravit?
412 1396 585 1435 Multum
601 1403 706 1435 certe
720 1397 844 1435 abest.
901 1397 1101 1435 Bonorum
1120 1398 1222 1436 enim
1248 1398 1427 1450 judicum
1453 1405 1526 1445 est,
1548 1412 1616 1437 eos

142 1458 246 1497 cives
277 1459 357 1510 qui,
384 1473 473 1498 cum
503 1473 584 1498 rem
612 1459 775 1511 habent,
804 1460 905 1498 ultro
925 1460 1157 1512 largiuntur,
1188 1461 1253 1512 qui
1284 1461 1322 1499 in
1354 1468 1616 1500 trecentorum

139 1520 266 1560 classe
287 1529 391 1567 sunt,
412 1522 443 1560 si
462 1522 502 1560 id
522 1522 577 1561 eis
592 1535 690 1574 opus
713 1522 842 1568 fuerit,
864 1522 1039 1561 relaxare
1057 1536 1066 1561 :
1092 1523 1118 1560 ii
1134 1536 1224 1562 vero
1245 1524 1310 1575 qui
1331 1538 1372 1562 se
1393 1524 1431 1562 id
1452 1525 1616 1576 perdere

139 1589 292 1635 putant,
310 1583 416 1635 quod
431 1584 470 1622 in
491 1585 769 1636 rempublicam
784 1585 1031 1632 contulerint,
1052 1586 1091 1623 in
1111 1599 1179 1624 eos
1199 1586 1265 1637 qui
1292 1577 1404 1637 primi
1429 1587 1617 1625 tributum

141 1646 347 1684 conferunt
378 1653 469 1684 sunt
496 1646 704 1692 referendi,
724 1659 850 1696 neque
868 1647 1172 1698 permittendum
1193 1654 1235 1686 ut
1252 1648 1417 1700 fugiant.
1478 1649 1616 1689 Recita

142 1708 304 1759 primum
324 1707 599 1755 testimonium,
614 1708 755 1746 deinde
776 1707 1078 1747 declarationem
1099 1709 1196 1760 ejus.

455 1855 864 1894 TESTIMONIUM.
925 1856 1289 1895 DECLARATIO.

143 1975 290 2015 Omitte
321 1976 406 2022 ista,
428 1975 501 2015 etsi
535 1977 635 2015 enim
668 1978 793 2016 multa
826 1977 942 2015 domo
974 1977 1125 2025 extulit,
1149 1978 1330 2027 Judices‚
1358 1979 1612 2033 Phaensppus,

140 2039 344 2090 resignatis
364 2038 538 2078 aedificiis
560 2053 648 2091 quae
678 2040 912 2093 consignata
936 2040 1104 2088 fuerant,
1125 2047 1167 2079 ut
1185 2043 1296 2081 vobis
1318 2055 1340 2081 a
1360 2044 1525 2083 testibus
1546 2058 1613 2083 ex-

139 2102 327 2153 plicatum
346 2108 420 2150 est,
444 2108 484 2141 et
501 2102 644 2141 relictis
664 2116 752 2154 quae
772 2103 807 2141 ei
828 2103 907 2141 visa
926 2110 1029 2151 sunt,
1048 2104 1221 2143 secundo
1241 2118 1375 2144 mense
1395 2106 1485 2143 mihi
1505 2106 1613 2144 dedit

141 2163 442 2202 declarationem
461 2165 515 2203 rei
536 2164 753 2204 familiaris:
787 2166 856 2204 sed
885 2171 1016 2204 tamen
1036 2166 1170 2205 omitte
1190 2166 1276 2205 ista.
1336 2167 1475 2207 Recita
1496 2169 1543 2208 ab
1563 2181 1609 2207 eo

139 2226 226 2264 loco
246 2225 445 2278 deinceps,
462 2227 586 2279 Super
604 2226 663 2266 his
685 2228 771 2267 haec
793 2228 928 2266 debeo.

690 2374 1066 2414 DECLARATIO.

141 2477 299 2517 Desine.
357 2477 440 2517 Ista
458 2478 679 2528 Aristonoe‚
702 2479 877 2526 Judices,
898 2480 1125 2520 Philostrati
1146 2482 1224 2520 filia
1243 2489 1314 2529 est,
1334 2483 1444 2522 istIus
1473 2491 1606 2523 mater.

139 2539 186 2579 Ei
214 2554 256 2579 se
283 2539 523 2593 Phaenippus
553 2541 686 2580 dotem
716 2542 858 2582 debere
888 2543 996 2591 dicit,
1016 2544 1127 2596 cujus
1159 2559 1247 2583 eum
1280 2545 1386 2597 leges
1408 2546 1607 2584 dominum

136 2603 392 2648 constituunt,
414 2603 453 2642 in
472 2617 551 2656 quo
569 2604 754 2643 mentitur
773 2613 812 2643 et
842 2619 920 2644 non
945 2606 1064 2658 justa
1078 2608 1199 2646 utitur
1220 2607 1469 2647 indicatione.
1528 2609 1607 2646 Cur

137 2664 239 2703 eni-m
256 2678 345 2717 ego,
370 2665 600 2718 Phaenippe,
621 2680 710 2704 cum
745 2674 868 2707 mater
898 2681 986 2707 mea
1014 2676 1170 2708 maneat
1197 2669 1236 2707 in
1269 2670 1419 2708 aedibus
1447 2671 1540 2708 meis
1568 2678 1607 2708 et

139 2726 243 2766 vivat
269 2734 309 2766 et
340 2727 473 2766 dotem
505 2722 690 2774 attulerit,
712 2729 845 2768 dotem
877 2731 961 2783 ejus
995 2731 1033 2769 in
1060 2745 1136 2770 aere
1159 2732 1285 2771 alieno
1315 2747 1392 2772 non
1422 2747 1607 2773 recenseo

139 2801 262 2840 neque
279 2789 433 2842 decipio
452 2789 631 2837 Judices,
652 2791 722 2830 sed
742 2805 915 2831 mearum
935 2806 1052 2845 opum
1071 2794 1156 2832 sino
1175 2795 1402 2846 participem
1421 2809 1507 2834 esse
1522 2809 1604 2834 ma-

138 2858 250 2896 trem,
269 2850 349 2890 sive
372 2851 589 2904 Phaenippi,
610 2852 692 2892 sive
708 2866 814 2893 meas
833 2855 1000 2894 habeam
1022 2855 1257 2895 facultates?
1290 2856 1405 2902 Quia,
1420 2858 1520 2896 bone
1536 2858 1605 2904 vir,

138 2912 246 2963 leges
265 2912 514 2964 haecjubent,
535 2923 576 2953 tu
598 2923 730 2955 autem
751 2924 888 2956 contra
903 2918 1011 2969 leges
1028 2918 1083 2957 ais
1101 2918 1243 2956 omnia.
1302 2919 1439 2958 Recita
1459 2920 1577 2958 aliud.
