1915 3356
635 189 696 226 IN
728 186 1175 227 CTESIPHONTEM.
1590 186 1635 223 91

181 291 346 328 civitatis
362 298 506 328 nostrae
528 291 804 342 rempublicam
823 288 999 327 funditus
1028 289 1176 335 evertit,
1197 289 1359 340 primum
1379 300 1466 326 cum
1487 287 1525 324 in
1545 294 1643 325 tem—

180 351 287 402 plum
316 351 549 403 Delphicum
573 353 687 404 impie
719 351 896 402 deliquit,
925 348 1067 387 deinde
1093 362 1180 387 cum
1212 350 1393 401 injustam
1425 355 1463 387 et
1487 348 1644 386 omnino

179 412 364 463 imparem
387 426 471 450 cum
495 413 693 452 Thebanis
716 413 938 451 societatem
958 410 1142 447 decrevit.
1173 411 1251 448 Sed
1273 424 1295 448 a
1314 411 1536 454 sceleribus,
1559 422 1645 460 quae

179 473 217 511 in
238 473 332 512 deos
363 474 600 512 immortales
631 475 814 523 suscepit,
836 473 986 510 initium
1006 472 1160 509 ducam.
1214 472 1384 522 Campus
1418 479 1490 516 est,
1525 471 1645 508 Athe-

180 536 349 580 menses,
379 549 494 586 quem
527 536 741 573 Cirrhaeum
763 535 979 580 nominant,
1012 540 1222 585 portusque
1246 533 1310 583 qui
1336 533 1450 570 hodie
1472 534 1591 570 Sacer
1611 539 1650 570 et

183 597 404 635 Sceleratus
433 597 665 648 appellatur.
709 596 805 632 Eam
840 596 1037 646 regionem
1071 601 1281 632 tenuerunt
1309 594 1398 631 olim
1430 594 1589 631 Cirrhaei
1610 601 1650 631 et

183 659 434 704 Crauallidae,
455 665 589 708 gentes
620 671 643 694 a
668 657 819 707 legibus
841 657 1097 701 alienissimae,
1125 656 1190 706 qui
1211 662 1251 693 et
1277 655 1461 704 templum
1486 655 1647 705 Delphi-

180 732 268 757 cum
287 727 324 757 et
345 732 432 769 quae
453 719 489 755 in
511 731 556 755 eo
577 727 688 756 erant
707 718 865 756 donaria
885 718 1091 762 violarunt,
1113 716 1303 766 simulque
1319 715 1649 766 Amphictyonum

181 780 346 818 concilio
376 779 533 831 injurias
563 779 789 817 intulerunt.
834 780 896 816 Ob
929 780 1014 817 haec
1044 779 1162 829 igitur
1192 778 1296 815 facta
1323 776 1527 827 indignati,
1563 790 1651 814 cum

183 841 248 879 alii
267 841 589 893 Amphictyones,
610 849 691 878 tum
712 855 802 879 vero
823 841 1001 887 maxime,
1017 849 1060 878 ut
1073 831 1215 884 ferunt,
1233 839 1397 890 majores
1414 839 1545 884 vestri,
1566 852 1651 876 ora-

181 903 312 941 culum
332 903 392 941 dei
414 903 666 949 scitabantur,
687 903 826 953 quibus
849 903 1048 954 suppliciis
1079 903 1116 939 in
1146 902 1241 940 istos
1272 901 1447 939 homines
1479 900 1654 938 animad-

181 972 332 1002 vertere
353 972 561 1016 oporteret.
627 965 849 1016 Respondit
882 964 1036 1016 Pythia,
1056 965 1111 1001 uti
1133 963 1326 1001 Cirrhaeos
1352 970 1388 1000 et
1412 962 1654 999 Cranallidas

184 1026 290 1064 omni
310 1034 480 1077 tempore
503 1027 587 1064 dies
614 1034 829 1078 noctesque
850 1027 955 1064 bello
974 1033 1172 1070 vexarent,
1195 1025 1430 1075 direptisque
1451 1037 1580 1061 eorum
1611 1023 1655 1060 fi-

185 1087 300 1124 nibus
322 1087 492 1138 ipsisque
512 1088 551 1125 in
572 1088 795 1126 servitutem
818 1088 1039 1133 abstractis,
1061 1100 1176 1138 agros
1200 1087 1289 1124 illos
1310 1086 1480 1136 Apollini
1500 1085 1656 1136 Pythio,

186 1149 339 1194 Dianae‚
362 1149 539 1195 Latonae,
563 1150 750 1188 Minervae
771 1151 964 1195 Providae,
987 1150 1081 1188 utin
1103 1158 1333 1201 perpetuum
1357 1149 1493 1186 inculti
1512 1156 1658 1193 essent,

184 1218 474 1258 consecrarent,
495 1225 640 1262 eosque
670 1226 796 1262 neque
825 1213 894 1263 ipsi
922 1212 1094 1249 colerent
1125 1224 1248 1261 neque
1279 1211 1326 1248 ab
1356 1210 1430 1247 alio
1452 1209 1527 1247 coli
1550 1217 1659 1260 pate,-

185 1279 330 1310 rentur.
362 1273 448 1311 Hoc
475 1274 632 1311 oraculo
659 1281 836 1324 accepto,
865 1274 1171 1324 Amphictyones
1203 1273 1469 1316 decreverunt,
1500 1278 1658 1308 senten-

187 1334 280 1371 tiam
301 1334 455 1373 dicente
477 1335 620 1373 Solone
642 1335 886 1380 Atheniensi,
907 1335 988 1372 viro
1008 1342 1049 1372 et
1080 1335 1210 1384 legum
1238 1333 1529 1371 scribendarum
1561 1333 1660 1383 peri-

187 1396 336 1437 tissimo
355 1404 394 1434 et
414 1398 450 1434 in
470 1397 634 1448 poeticae
651 1410 695 1434 ac
715 1397 972 1448 philosophiae
991 1396 1128 1433 studiis
1145 1397 1370 1441 exercitato,
1390 1403 1430 1432 ut
1446 1408 1495 1432 ex
1517 1394 1661 1432 oraculi

188 1458 416 1509 praescripto
436 1459 629 1496 exercitus
651 1466 785 1497 contra
805 1460 1015 1497 sceleratos
1037 1459 1258 1495 duceretur.
1300 1458 1425 1495 Justis
1454 1459 1585 1508 itaque
1614 1471 1661 1495 ex

190 1520 542 1571 Amphictyonibus
563 1521 739 1558 collectis
770 1521 906 1571 copiis,
929 1521 1105 1558 homines
1126 1520 1212 1557 illos
1239 1521 1274 1556 in
1298 1520 1521 1557 servitutem
1551 1520 1661 1557 rede-

191 1588 343 1631 gerunt,
363 1588 496 1632 portus
529 1572 819 1627 obstruxerunt,
853 1583 984 1619 urbem
1014 1582 1189 1618 funditus
1221 1581 1435 1625 diruerunt,
1467 1580 1663 1631 regionem

190 1655 346 1680 omnem
375 1655 422 1680 ex
454 1642 613 1681 oraculo
634 1649 938 1685 consecrarunt;
973 1643 1066 1692 quin
1091 1649 1130 1679 et
1150 1642 1438 1692 religiosissimo
1466 1655 1506 1678 se
1536 1655 1665 1679 sacra-

190 1711 322 1742 mento
356 1704 625 1748 devinxerunt,
656 1717 784 1754 neque
825 1717 866 1741 se
900 1710 1041 1741 terrain
1073 1717 1224 1741 sacram
1254 1704 1429 1747 culturos
1460 1717 1587 1753 neque
1616 1704 1664 1740 ab

191 1766 275 1803 aliis
296 1765 369 1804 coli
388 1778 584 1817 passuros,
604 1765 672 1803 sed
692 1778 806 1816 opem
823 1765 896 1803 deo
909 1772 1099 1814 terraeque
1117 1778 1251 1810 sacrae,
1266 1766 1459 1809 manibus,
1481 1765 1664 1816 pedibus,

193 1829 298 1866 omni
317 1827 451 1865 virium
473 1827 721 1865 contentione
742 1827 973 1878 perlaturos.
1023 1827 1162 1877 Neque
1189 1840 1280 1864 vero
1309 1827 1402 1864 satis
1432 1826 1667 1872 habuerunt,

186 1889 463 1942 jusjurandum
482 1889 558 1927 hoc
574 1889 765 1936 sanxisse,
780 1889 850 1927 sed
866 1888 1112 1926 devotionem
1130 1889 1288 1939 insuper
1304 1896 1344 1926 et
1363 1887 1666 1926 exsecrationem

193 1951 359 1990 validam
398 1951 638 2003 adjecerunt.
688 1951 747 1989 Ita
775 1951 876 1989 enim
906 1950 945 1988 in
974 1951 1244 1989 exsecratione
1284 1951 1471 2001 scriptum
1501 1957 1584 1988 est:
1625 1950 1670 1987 si

197 2014 304 2065 quis
355 2013 480 2063 inquit
541 2012 643 2050 haec
699 2012 980 2059 violaverit,
1029 2013 1132 2050 sive
1185 2012 1366 2050 civitas
1410 2012 1515 2050 sive
1562 2013 1669 2063 quis

195 2075 440 2126 privatus,
495 2074 601 2111 sive
639 2074 785 2118 natio,
836 2080 983 2124 caput
1025 2074 1126 2124 ejus
1174 2073 1417 2124 Apollini,
1470 2073 1668 2118 Dianae,

199 2137 426 2181 Latonae,
468 2136 722 2174 Minervae
760 2135 1089 2173 Providenti
1128 2135 1378 2172 devotum
1418 2143 1561 2173 esto:
1599 2136 1669 2172 im-

196 2205 383 2249 precatur
404 2197 450 2234 iis
471 2210 600 2248 porro,
631 2203 674 2234 ut
694 2210 816 2247 neque
840 2196 934 2247 ipsis
955 2204 1059 2234 terra
1083 2196 1252 2233 fructum
1283 2196 1395 2242 ferat,
1423 2210 1548 2247 neque
1578 2209 1672 2235 con-

190 2260 309 2311 juges
331 2272 464 2297 eorum
485 2258 632 2296 liberos
655 2259 882 2309 parentibus
904 2258 1049 2296 similes
1070 2258 1137 2295 sed
1159 2264 1336 2308 portenta
1366 2257 1575 2303 enitantur,
1605 2271 1672 2296 ne-

199 2335 274 2372 que
295 2320 467 2372 pecudes
501 2320 617 2358 foetus
633 2320 833 2368 ,naturales
855 2320 997 2364 edant3
1028 2327 1072 2357 ut
1092 2333 1112 2357 e
1143 2319 1258 2363 bello,
1290 2332 1310 2357 e
1333 2319 1508 2370 judiciis,
1537 2333 1557 2358 e
1590 2320 1672 2357 foro

199 2383 292 2420 victi
314 2382 536 2427 discedant,
560 2390 599 2420 et
619 2382 880 2420 internecione
902 2382 1108 2419 deleantur
1123 2389 1162 2419 et
1182 2382 1255 2433 ipsi
1281 2389 1317 2419 et
1345 2382 1452 2419 aedes
1483 2390 1522 2419 et
1550 2395 1674 2432 genus

200 2444 398 2496 ipsorum;
446 2457 574 2494 neque
614 2457 636 2480 u
654 2457 677 2480 n
697 2457 847 2493 quam
897 2444 1022 2494 inquit
1070 2443 1300 2494 Apollini
1347 2456 1404 2480 au
1422 2450 1438 2480 t
1490 2444 1673 2481 Dianae

202 2513 293 2544 aut
330 2506 548 2544 Latonae
587 2513 679 2543 aut
721 2505 975 2543 Minervae
1017 2505 1344 2543 Providenti
1392 2513 1581 2542 sancte
1619 2505 1673 2542 li-

201 2569 377 2615 banto,
430 2581 603 2618 neque
648 2568 954 2605 numinibus
1001 2568 1118 2606 illis
1167 2580 1340 2605 eorum
1391 2579 1545 2605 sacra
1598 2580 1674 2605 ac-

202 2637 354 2681 cepta
391 2638 553 2668 sunto.
605 2631 732 2681 Atque
762 2638 806 2668 ut
833 2631 919 2669 haec
940 2644 1031 2669 vera
1059 2631 1188 2668 dicere
1220 2644 1282 2668 me
1303 2638 1446 2681 pateat,
1467 2631 1584 2669 recita
1612 2631 1674 2669 dei

205 2692 420 2730 oraculum.
481 2692 625 2730 Audite
645 2692 966 2738 exsecrationem,
982 2692 1249 2744 jurisjurandi,
1272 2692 1377 2743 quod
1403 2705 1491 2730 cum
1524 2692 1674 2731 caeteris

207 2754 563 2806 Amphictyonibus
585 2757 752 2806 majores
773 2755 891 2794 vestri
904 2755 1148 2806 juraverunt,
1169 2755 1391 2794 memoriam
1419 2755 1590 2806 repetite.
