1948 3306
267 168 342 204 116
758 169 812 205 IN
844 167 1287 206 CTESIPHONTEM.

265 269 407 306 auditis
428 272 477 308 ob
499 284 588 321 quae
609 279 718 310 erant
749 273 934 318 morituri,
967 285 1095 323 neque
1116 273 1166 310 ad
1197 278 1437 310 mortuorum
1469 272 1652 318 tumulos,
1683 272 1732 310 ad

261 331 428 369 cadaver
457 332 710 379 efferendum,
740 335 918 385 cognatis
940 333 1195 373 conveniendi
1229 333 1381 384 copiam
1402 333 1593 371 fecerunt.
1627 334 1733 384 Ergo

263 407 331 432 eos
360 396 426 445 qui
453 409 572 448 remp.
597 398 867 436 administrant
901 398 938 435 in
973 405 1163 451 potestate
1195 404 1325 436 vestra
1347 411 1425 435 non
1456 398 1732 436 continebitis?

264 456 355 494 Non
375 470 441 495 eos
462 460 527 509 qui
549 473 654 499 nunc
674 461 763 499 elati
784 461 992 499 insolentia
1006 468 1098 499 sunt
1118 461 1332 499 submissos
1354 459 1612 511 ablegabitis?
1640 460 1732 497 Non

261 519 503 566 meministis,
520 535 716 573 nunquam
736 535 968 573 quemquam
984 524 1088 574 prius
1107 537 1149 561 se
1170 523 1220 561 ad
1240 522 1459 560 libertatem
1480 521 1613 573 populi
1631 521 1731 560 dilu-

259 581 400 620 endam
432 584 664 632 accinxisse,
693 599 809 636 quam
831 585 1068 636 judiciorum
1088 586 1318 624 auctoritate
1338 587 1461 635 major
1482 584 1675 623 evaserit?

317 646 382 683 87.
415 644 595 685 Libenter
616 648 813 698 equidem,
837 648 1115 695 Athenienses,
1137 648 1324 686 rationem
1346 661 1476 686 coram
1499 647 1609 685 vobis
1639 646 1733 684 inire

261 705 376 743 velim
397 720 487 745 cum
520 709 594 746 isto
615 709 680 759 qui
710 709 911 747 decretum
943 710 1110 761 scripsit,
1141 722 1322 760 quaenam
1354 715 1511 760 propter
1544 708 1733 746 beneficia

261 768 571 808 Demosthenem
592 779 748 809 censeat
768 784 914 809 corona
933 785 1021 810 esse
1042 772 1281 810 donandum.
1312 771 1415 809 Nam
1441 771 1473 808 si
1493 770 1604 818 dicis,
1627 770 1733 808 unde

258 832 481 882 auspicatus
512 846 554 871 es
575 833 789 879 decretum,
816 840 1021 885 propterea
1041 834 1146 884 quod
1166 834 1294 871 fossas
1322 833 1512 871 moenibus
1540 832 1733 870 obductas

258 893 393 943 pulcre
413 894 678 946 descripserit,
699 895 865 934 demiror
882 903 933 933 te.
965 896 1068 934 Nam
1090 895 1127 933 in
1150 909 1266 934 causa
1285 895 1410 932 fuisse
1426 908 1495 932 cur
1513 894 1598 931 istae
1615 907 1734 931 neces-

256 956 365 992 sariae
383 955 460 994 sint
473 957 629 1008 culpam
651 958 770 996 habet
786 957 1013 1009 graviorem,
1029 971 1146 1009 quam
1167 971 1253 1009 quae
1273 957 1410 1009 pulcra
1429 955 1644 994 earundem
1664 955 1732 993 de-

257 1017 465 1069 scriptione
485 1020 652 1057 eluatur:
690 1034 768 1058 non
790 1020 906 1068 enim,
928 1021 1033 1072 quod
1055 1035 1185 1059 muros
1208 1019 1425 1064 obvallarit,
1447 1018 1552 1069 quod
1574 1018 1734 1070 publica

257 1080 438 1131 sepulcra
458 1081 629 1129 diruerit,
650 1083 770 1120 fidum
791 1088 945 1134 oportet
963 1083 1187 1134 reipublicae
1203 1082 1555 1121 administratorem
1574 1080 1734 1132 praemia

256 1142 467 1191 postulare,
498 1144 567 1182 sed
588 1145 695 1195 quod
714 1146 858 1182 bonum
893 1145 1053 1195 aliquod
1086 1145 1231 1183 civitati
1262 1144 1507 1195 compararit.
1554 1143 1673 1186 Quod
1701 1144 1733 1181 si

255 1204 386 1242 venies
409 1206 458 1243 ad
481 1206 694 1245 secundam
714 1206 861 1245 decreti
879 1214 1041 1258 partem,
1057 1207 1097 1245 in
1118 1221 1196 1259 qua
1215 1207 1382 1245 scribere
1398 1219 1516 1244 ausus
1537 1218 1591 1251 es,
1608 1205 1731 1243 virum

256 1265 400 1303 bonum
423 1281 509 1306 esse
537 1282 624 1306 eum
656 1275 774 1319 atque
799 1283 845 1307 ea
866 1276 1090 1307 constanter
1111 1276 1151 1307 et
1170 1269 1298 1307 dicere
1320 1275 1357 1306 et
1381 1269 1509 1305 facere
1529 1281 1618 1318 quae
1649 1280 1730 1305 ma-

255 1326 356 1364 xime
372 1329 450 1366 sint
465 1343 485 1367 e
506 1343 547 1367 re
567 1330 702 1381 populi
722 1331 988 1377 Atheniensis,
1009 1331 1179 1382 demptis
1201 1344 1250 1368 ex
1272 1330 1431 1367 decreto
1452 1330 1671 1379 arrogantia
1685 1343 1730 1368 ac

218 1410 227 1415 s
247 1388 463 1439 jactatione
479 1392 684 1429 verborum
702 1393 752 1430 ad
771 1393 877 1431 facta
892 1393 988 1437 redi,
1007 1393 1173 1430 ostende
1187 1391 1300 1429 nobis
1319 1390 1413 1441 quid
1428 1391 1478 1429 sit
1497 1391 1603 1441 quod.
1619 1391 1726 1429 dicis.

255 1452 443 1493 Quaestus
463 1454 564 1491 enim
587 1454 779 1500 sordidos,
800 1467 900 1504 quos
919 1455 958 1491 in
977 1455 1093 1492 rebus
1114 1453 1382 1505 Amphissanis
1404 1459 1519 1504 atque
1547 1453 1730 1491 Euboicis

253 1513 356 1561 fecit,
376 1515 630 1565 praetermitto
645 1529 654 1554 :
685 1529 775 1554 cum
795 1530 887 1555 vero
905 1516 1108 1555 societatis
1124 1529 1214 1554 cum
1232 1515 1433 1553 Thebanis
1453 1516 1569 1554 factae
1587 1527 1729 1554 causas

254 1574 512 1615 Demostheni
551 1578 756 1625 adscribis,
788 1580 842 1617 rei
871 1579 1029 1630 quidem
1062 1579 1221 1630 ignaros
1252 1577 1414 1628 decipis,
1445 1580 1512 1615 eos
1541 1589 1632 1616 vero
1663 1579 1729 1628 qui

253 1637 378 1676 sciunt
397 1646 515 1690 atque
537 1641 712 1679 sentiunt
731 1641 968 1680 contumelia
988 1641 1122 1679 afficis.
1164 1640 1269 1678 Nam
1290 1639 1535 1678 dissimulato
1554 1644 1728 1691 tempore

249 1701 479 1752 sublataque
498 1703 638 1741 horum
659 1703 926 1754 amplitudine,
948 1710 1106 1756 propter
1120 1717 1208 1754 quae
1227 1702 1312 1741 haec
1335 1702 1502 1740 societas
1523 1701 1629 1740 facta
1647 1709 1722 1748 est,

248 1762 344 1800 illud
374 1777 445 1802 nos
475 1765 595 1803 latere
624 1765 835 1813 arbitraris,
871 1773 908 1804 te
940 1766 1165 1818 reipublicae
1198 1764 1428 1816 dignitatem
1464 1763 1726 1802 Demostheni

252 1823 462 1864 affinxisse.

304 1888 368 1924 88.
399 1888 556 1932 Quanta
575 1896 705 1927 autem
726 1890 812 1928 haec
835 1891 886 1928 sit
904 1890 1141 1940 arrogantia,
1155 1901 1300 1939 magno
1319 1901 1387 1926 vos
1410 1895 1640 1938 argumento
1655 1901 1721 1926 co—

250 1949 372 1987 nabor
405 1949 583 1988 edocere.
653 1952 859 1990 Persarum
882 1952 983 1990 enim
1012 1964 1094 2000 rex,
1122 1964 1202 1988 non
1224 1951 1348 1988 multo
1370 1957 1461 1987 ante
1486 1963 1602 2000 quam
1629 1949 1726 1988 Ale-

250 2011 398 2050 xander
425 2012 464 2049 in
484 2013 619 2050 Asiam
640 2013 868 2064 trajecisset,
890 2013 994 2051 misit
1024 2013 1074 2050 ad
1100 2012 1289 2063 populum
1309 2011 1635 2050 contumeliosam
1655 2011 1725 2050 ad-

249 2074 409 2111 modum
429 2081 469 2112 et
493 2075 697 2113 barbaram
717 2076 936 2126 epistolam,
963 2075 1001 2112 in
1023 2088 1100 2125 qua
1119 2088 1208 2112 cum
1230 2074 1353 2112 multa
1376 2073 1452 2111 alia
1471 2074 1613 2112 dixerit
1633 2087 1655 2112 a
1680 2074 1727 2112 li-

247 2136 370 2174 berali
389 2136 595 2186 disciplina
607 2136 859 2180 alienissima,
881 2143 966 2174 tum
986 2136 1082 2173 illud
1103 2136 1220 2173 etiam
1237 2136 1308 2173 sub
1330 2136 1405 2173 fine
1427 2135 1600 2186 scripsit:
1631 2149 1725 2187 ego

250 2196 374 2248 inquit
392 2197 529 2235 vobis
563 2210 726 2235 aurum
761 2211 856 2235 non
885 2198 1033 2241 dabo;
1065 2197 1228 2235 nolite
1262 2210 1286 2235 a
1317 2209 1385 2234 me
1412 2204 1595 2247 petere,
1626 2211 1724 2236 non

252 2272 273 2296 e
284 2259 376 2296 nim
409 2258 682 2309 accipietis.
718 2258 828 2296 Idem
850 2266 982 2297 tamen
1000 2258 1067 2296 ille
1081 2257 1264 2310 periculis
1280 2258 1319 2296 in
1334 2258 1475 2309 quibus
1489 2259 1609 2296 etiam
1622 2272 1724 2298 nunc

250 2327 425 2359 versatur
444 2321 746 2368 circumventus,
766 2322 912 2373 populo
942 2321 1173 2360 Atheniensi
1202 2334 1279 2359 non
1307 2321 1455 2372 petenti
1474 2327 1650 2361 trecenta
1666 2329 1726 2361 ta-

250 2385 358 2423 lenta
377 2383 461 2435 ipse
481 2382 583 2420 ultro
615 2383 730 2429 misit,
752 2397 841 2434 quae
861 2384 891 2422 is
911 2384 1087 2436 prudens
1119 2396 1199 2422 non
1233 2383 1398 2435 accepit.
1446 2382 1563 2426 Quod
1596 2389 1725 2422 autem

251 2460 390 2485 aurum
411 2445 507 2483 illud
527 2445 627 2482 vobis
645 2445 818 2496 pertulit,
838 2453 994 2498 tempus
1014 2446 1101 2493 fuit,
1120 2452 1260 2493 metus,
1282 2446 1475 2484 sociorum
1494 2445 1725 2497 indigentIa.

252 2508 400 2548 Eadem
430 2521 545 2559 porro
565 2507 652 2559 ipsa
669 2514 710 2546 et
735 2508 1008 2547 Thebanorum
1037 2509 1268 2547 societatem
1290 2508 1516 2547 effecerunt.
1554 2509 1614 2546 Tu
1632 2521 1725 2548 vero

248 2571 523 2608 Thebanorum
551 2582 696 2608 nomen
725 2576 765 2608 et
796 2570 1106 2609 infelicissimam
1134 2569 1242 2609 illam
1264 2571 1492 2609 societatem
1513 2574 1666 2621 'semper
1684 2571 1724 2609 in

251 2646 318 2671 ore
337 2633 486 2670 habens
505 2645 576 2670 nos
593 2632 790 2679 obtundis,
810 2633 1059 2685 septuaginta
1078 2639 1211 2670 autem
1228 2633 1376 2671 talenta
1390 2632 1545 2677 retices,
1568 2646 1656 2684 quae
1677 2646 1725 2672 ex

251 2708 345 2734 auro
361 2694 468 2745 regio
488 2700 684 2746 praecepta
707 2695 890 2733 avertisti.
921 2695 1064 2734 Nonne
1085 2696 1134 2733 ob
1155 2694 1325 2746 inopiam
1343 2693 1612 2746 pecuniarum,
1633 2708 1723 2733 cum

252 2759 423 2809 quinque
444 2756 636 2795 duntaxat
654 2757 811 2796 talentis
830 2758 1027 2809 opusfuit,
1048 2757 1195 2795 externi
1215 2756 1356 2795 milites
1376 2769 1506 2795 arcem
1525 2756 1721 2796 Thebanis

250 2832 330 2858 non
351 2818 622 2856 tradiderunt?
658 2819 799 2857 Nonne
820 2829 980 2871 propter
1009 2832 1150 2858 novem
1169 2817 1319 2856 talenta
1345 2817 1511 2869 argenti,
1531 2831 1620 2856 cum
1647 2819 1721 2857 Ar-

250 2883 369 2921 cades
406 2895 542 2919 omnes
579 2881 617 2919 in
647 2882 934 2933 expeditionem
963 2882 1240 2935 egrederentur
1273 2882 1474 2932 ducesque
1502 2894 1636 2919 eorum
1671 2882 1720 2919 ad

250 2957 363 2998 opem
392 2943 592 2983 ferendam
614 2953 746 2984 essent
765 2945 903 2997 parati,
923 2959 984 2985 res
1004 2946 1185 2984 confecta
1204 2957 1282 2982 non
1303 2944 1389 2982 est?
1420 2943 1471 2981 At
1489 2950 1529 2981 tu
1550 2942 1657 2982 dives
1678 2957 1719 2982 es
