1915 3356
121 476 522 519 ARGUMENTUM
559 476 865 516 ORATIONIS
899 476 1192 517 ADVERSUS
1223 477 1530 519 CALLICLEM

655 538 729 578 DE
756 539 996 579 PRAEDIO.

147 645 358 680 CALucLes,
372 643 521 673 adversus
537 652 626 682 quem
640 642 818 674 inscribitur
833 643 943 679 oratio,
959 647 991 674 et
1009 643 1038 674 is
1064 643 1118 684 qui
1143 645 1181 674 ab
1203 654 1240 675 eo
1263 643 1363 674 fuerat
1386 649 1558 681 aecusatus,

104 695 221 736 proedia
248 695 348 726 vicina
375 695 559 731 habuerunt,
575 705 643 735 quae
659 694 711 726 via
734 695 898 735 interjecta
919 696 1151 728 dirimebantur.
1196 696 1301 726 Imbre
1322 700 1423 726 autem
1446 695 1562 736 ingenti

104 751 185 783 orto,
197 757 276 787 aqua
291 747 330 776 de
346 746 398 777 via
412 746 443 776 iu
458 746 609 786 praedium
624 746 763 778 Galliclis
775 747 886 787 illapsa
900 747 1044 778 damnum
1055 748 1083 778 ei
1098 747 1196 778 dedit.
1239 748 1437 788 Quapropter
1447 747 1475 777 is
1492 757 1561 777 cum

105 797 208 828 vicino
223 798 327 829 damni
340 797 405 828 dati
417 798 493 838 agit.
536 798 588 829 Ait
604 798 685 829 enim
712 798 744 829 in
763 798 856 830 'risiae
876 800 994 840 praedio
1010 800 1125 830 fossam
1141 795 1177 829 ad
1192 810 1300 839 aquam
1317 800 1356 830 de
1371 799 1421 830 via
1435 799 1564 830 illaben-

103 853 166 879 tem
185 849 400 890 excipiendam
413 850 509 880 fuisse
525 850 635 881 faciam
649 862 655 880 :
679 861 747 890 quae
763 861 843 881 nuuc
860 852 1016 882 obstructa
1032 851 1092 882 sibi
1108 851 1210 882 damni
1225 862 1318 881 causa
1333 851 1437 881 fuerit.
1471 851 1565 881 Tisia:

103 911 179 931 vero
193 900 274 931 filius
289 900 422 940 primum
437 902 570 932 ostendit
585 906 678 932 vetus
695 902 726 932 id
753 913 821 932 esse
845 913 935 942 opus,
953 908 984 933 et
999 913 1058 932 non
1075 913 1093 933 a
1107 914 1140 933 se
1161 904 1273 936 sactum
1288 913 1295 932 z
1319 913 1385 933 eam
1401 903 1479 933 enim
1502 904 1563 933 sos-

104 961 180 988 sam,
202 952 294 983 etiam
310 952 435 983 vivente
449 957 537 993 patre
551 953 701 991 CaHiclis,
716 965 734 984 a
755 953 842 984 Tisia
857 954 953 985 fuisse
969 954 1170 985 obstructam.
1215 954 1338 986 Deinde
1360 955 1482 992 asserit,
1503 966 1563 985 non

103 1015 173 1035 esse
182 1005 296 1035 fossam
311 1015 382 1036 eum
395 1005 507 1036 locum.
553 1007 709 1037 Extenuat
724 996 815 1037 etiani
831 1007 974 1037 damnum
994 1006 1117 1037 Callicli
1133 1007 1248 1044 datum,
1263 1011 1297 1037 ut
1312 1017 1439 1048 parvum
1457 1012 1489 1036 et
1504 1017 1563 1036 nnn

103 1061 187 1087 tanta
199 1056 255 1087 lite
269 1056 395 1098 dignum
409 1069 416 1088 :
450 1063 542 1098 atque
559 1059 682 1089 omnino
698 1059 792 1089 ullam
809 1058 838 1089 ei
853 1060 1050 1093 factamAesse
1064 1064 1157 1099 negat
1170 1059 1325 1099 injuriam,
1339 1058 1393 1090 sed
1412 1058 1563 1099 praedium

104 1119 191 1140 suum
207 1110 312 1150 appeti
325 1120 345 1142 a
357 1110 485 1142 Callicle
498 1110 588 1148 dicit,
604 1121 700 1152 eaque
713 1112 752 1142 de
768 1121 860 1142 causa
872 1121 977 1142 omnes
992 1111 1160 1142 calumnias
1176 1111 1325 1142 adbiberi.

475 1396 1187 1451 DEMOSTHENIS

369 1522 786 1571 ADVERSUS‘
841 1523 1292 1573 CALLICLEM

517 1640 603 1683 DE
634 1640 858 1683 FUNDO
895 1641 1160 1685 ORATIO.

162 1751 196 1787 1.
225 1749 371 1788 N1n1L
390 1748 565 1801 profecto
590 1748 792 1788 molestius
814 1756 888 1797 est,
907 1749 1180 1797 Athenienses,
1201 1763 1318 1802 quam
1340 1751 1379 1789 in
1399 1753 1567 1793 vicinum

105 1810 320 1863 improbum
341 1817 382 1849 et
401 1823 557 1849 avarum
575 1810 758 1858 incidere,
776 1810 815 1849 id
835 1812 941 1863 quod
963 1812 1053 1850 mihi
1074 1826 1178 1852 nunc
1199 1814 1391 1853 usuvenit.
1450 1817 1568 1856 Calli-

104 1873 184 1912 cles
204 1872 306 1911 enim
325 1872 474 1925 praedia
491 1885 579 1911 mea
598 1872 840 1921 desiderans,
860 1874 914 1913 ita
932 1874 1126 1914 obstinate
1147 1889 1209 1915 me
1229 1877 1455 1917 calumniari
1482 1894 1568 1931 per-

105 1936 174 1988 git,
193 1941 238 1973 ut
255 1935 420 1987 primum
439 1936 716 1974 consobrinum
734 1949 847 1974 suum
866 1937 1086 1976 subornarit
1098 1937 1164 1990 qui
1181 1952 1226 1978 ea
1241 1939 1313 1978 sibi
1326 1941 1569 1982 vendicaret:

103 1997 233 2050 palam
254 2004 384 2037 autem
403 1997 615 2045 convictus,
633 1997 803 2037 refutato
832 2012 903 2051 per
930 2013 993 2038 me
1020 2013 1154 2039 eorum
1183 2010 1420 2053 commento,
1438 2018 1570 2044 rursus

103 2060 143 2098 in
162 2060 314 2099 duabus
333 2072 394 2098 me
413 2060 542 2098 causis
561 2060 692 2099 arbitri
708 2061 904 2100 sententia
920 2062 1197 2102 condemnavit
1215 2064 1432 2113 absentem,
1449 2067 1571 2107 altera

105 2122 186 2174 ipse
204 2121 311 2160 mille
330 2121 538 2169 drachmis,
558 2121 681 2161 altera
699 2122 816 2161 fratre
833 2123 1042 2163 Callicrate
1054 2124 1234 2176 impulso.
1273 2125 1418 2174 Precor
1439 2136 1568 2168 autem

104 2197 177 2223 vos
195 2196 333 2222 omnes
365 2190 409 2222 ut
437 2196 498 2222 me
526 2184 690 2223 audiatis
718 2192 758 2223 et
786 2185 990 2237 diligenter
1013 2187 1239 2235 attendatis,
1259 2201 1337 2228 non
1357 2191 1464 2242 quod
1490 2191 1570 2244 ipse

105 2246 260 2286 dicendi
280 2245 350 2285 sim
369 2247 529 2299 peritus,
549 2247 620 2286 sed
639 2255 682 2286 ut
701 2261 770 2286 vos
787 2261 837 2286 ex
856 2248 948 2301 ipsis
968 2250 1083 2288 rebus
1104 2252 1367 2303 cognoscatis,
1387 2254 1479 2292 mihi
1500 2269 1568 2307 pa-

105 2310 183 2349 lam
200 2308 377 2361 injuriam
398 2309 493 2348 fieri.

159 2375 198 2411 2.
230 2373 317 2410 Una
349 2377 477 2410 autem
507 2370 612 2418 mihi,
637 2372 917 2419 Athenienses,
948 2381 1085 2413 contra
1113 2376 1242 2415 omnia
1269 2376 1429 2416 istorum
1450 2381 1570 2419 verba

104 2434 278 2474 defensio
297 2441 372 2473 est.
430 2434 546 2479 Quod
565 2434 754 2485 praedium
775 2434 870 2474 illud
883 2443 994 2488 pater
1011 2450 1121 2476 meus
1138 2439 1307 2478 maceria
1325 2441 1447 2492 sepsit
1464 2443 1570 2494 prius

104 2497 224 2536 ferme
242 2509 360 2548 quam
374 2509 449 2549 ego
469 2502 586 2535 natus
606 2510 706 2543 sum,
725 2503 765 2536 et
784 2497 934 2536 vivente
954 2499 1084 2539 adhuc
1105 2500 1326 2554 Callippide
1345 2511 1454 2555 patre
1476 2505 1569 2544 isto-

104 2573 190 2598 rum
220 2565 259 2598 et
289 2559 431 2605 vicino,
453 2558 519 2610 qui
552 2571 635 2597 rem
666 2559 808 2598 certius
840 2567 954 2600 norat
980 2575 1098 2613 quam
1128 2563 1208 2611 isti,
1233 2571 1273 2603 et
1299 2565 1459 2604 Callicle
1485 2568 1567 2618 jam

105 2621 241 2660 adulto
272 2628 388 2672 atque
409 2620 572 2659 Athenis
600 2628 779 2660 versante
796 2635 805 2660 t
836 2624 947 2662 annis
978 2631 1109 2663 autem
1137 2625 1214 2666 illis
1245 2628 1424 2667 omnibus
1458 2643 1571 2668 nemo

104 2683 221 2730 venit,
240 2683 308 2735 qui
326 2683 389 2722 vel
409 2688 613 2722 accusaret
629 2684 691 2722 vel
708 2692 1210 2740 quereretur—quanquam
1226 2688 1330 2728 haud
1352 2691 1467 2729 dubie
1488 2702 1571 2730 tum

105 2740 220 2779 etiam
238 2754 345 2793 saepe
362 2741 504 2781 imbres
520 2742 747 2793 fuerunt--,
765 2746 825 2786 vel
845 2748 1070 2799 prohiberet
1087 2751 1258 2797 omnino,
1280 2751 1312 2790 si
1328 2765 1442 2802 quem
1464 2761 1572 2805 pater

107 2803 295 2856 sepiendo
314 2811 447 2842 nostro
465 2805 612 2857 praedio
631 2807 812 2857 laedebat,
832 2810 910 2848 imo
927 2824 1002 2850 nec
1020 2812 1156 2859 vetuit,
1177 2825 1251 2851 nec
1270 2814 1499 2854 testificatus
1513 2824 1574 2856 est

108 2865 327 2917 quisquam,
358 2879 478 2917 quum
505 2874 616 2919 pater
645 2883 756 2910 meus
792 2884 915 2910 annos
949 2874 1116 2926 amplius
1150 2875 1343 2926 quidecim
1372 2886 1570 2929 superstes

107 2927 239 2973 fuerit,
253 2939 377 2978 neque
395 2928 454 2966 his
473 2930 675 2981 pauciores
703 2941 814 2985 pater
838 2934 1000 2973 istorum
1021 2935 1277 2989 Callippides.
1327 2939 1458 2991 Atqui,
1478 2942 1570 2981 Cal—

108 2988 230 3036 licles,
245 2988 354 3029 licuit
367 2990 475 3031 vobis
493 2999 574 3032 tum
590 2995 779 3046 profecto,
793 3009 882 3036 cum
901 2997 1046 3038 fossam
1061 2999 1209 3039 obstrui
1228 3000 1422 3050 videretis,
1443 3004 1571 3044 venire
