1948 3306
262 138 334 174 120
716 134 775 171 IN
807 133 1260 173 CTESIPHONTEM.

256 239 388 277 Medis
409 240 447 276 in
465 238 659 276 Graeciam
683 238 945 289 deportasset,
966 240 1086 276 virum
1110 239 1147 275 in
1164 238 1318 276 civitate
1335 239 1613 288 diversantem,
1632 253 1722 280 cum

253 302 397 354 populo
419 301 648 339 Atheniensi
678 301 847 353 hospitio
877 302 1146 352 conjunctum,
1167 307 1321 339 tantum
1346 314 1426 339 non
1446 302 1722 350 interfecerint,

253 378 300 402 ex
320 365 414 401 urbe
431 369 560 401 autem
581 370 620 401 et
638 376 684 401 ex
707 364 826 408 omni,
844 364 951 413 quod
967 363 1264 401 Atheniensium
1283 363 1428 401 ditione
1450 371 1619 411 tenetur,
1639 366 1724 404 solo

254 425 452 476 praeconio
472 425 785 464 exterminarint:
818 425 1139 470 Demosthenem,
1158 425 1223 476 qui
1244 438 1323 463 non
1343 439 1479 464 aurum
1496 439 1519 463 a
1535 426 1670 464 Medis
1685 427 1725 464 in

257 488 452 526 Graeciam
473 487 704 538 deportavit,
727 487 796 525 sed
824 487 1048 525 muneribus
1069 501 1111 526 se
1131 488 1324 538 corrumpi
1353 501 1494 539 passus
1520 495 1582 525 est
1602 501 1727 539 eaque

256 551 372 588 etiam
405 563 511 587 nunc
545 549 649 587 domi
674 547 865 600 possidet,
899 561 1018 586 aurea
1044 562 1192 587 corona
1224 549 1384 586 donare.
1424 549 1728 587 Themistoclem

253 619 380 651 autem
404 624 551 663 eosque
572 612 638 662 qui
659 611 764 661 apud
786 610 1062 649 Marathonem
1081 617 1120 649 et
1147 611 1316 649 Plataeas
1335 617 1498 649 mortem
1526 611 1726 663 oppetive-

254 681 360 721 runt,
393 674 476 726 ipsa
493 675 662 724 denique
689 673 879 724 majorum
908 673 1089 724 sepulcra
1118 686 1195 711 non
1217 673 1362 724 putatis
1392 686 1529 725 graves
1560 673 1728 725 gemitus

255 738 420 783 editura,
442 737 474 774 si
503 737 549 780 is,
580 737 644 786 qui
673 749 762 773 cum
792 736 964 773 barbaris
997 735 1183 773 adversus
1214 734 1377 773 Graecos
1407 748 1449 773 se
1483 735 1727 787 conspirasse

255 801 470 853 profitetur,
491 810 638 836 corona
658 796 938 835 exornabitur?

309 864 374 900 96.
406 862 494 913 Ego
513 861 644 912 igitur,
665 875 688 899 ο
706 861 840 906 Terra,
862 861 944 907 Sol,
968 860 1116 907 Virtus,
1132 860 1407 912 Intelligentia‚
1429 859 1631 906 Doctrina,
1651 873 1728 911 qua

254 926 422 963 honesta
455 925 503 962 ab
532 923 747 962 inhonestis
766 924 1046 962 discernimus!
1075 936 1190 974 opem
1220 923 1291 961 tuli
1311 930 1352 961 et
1369 923 1560 975 peroravi.
1609 923 1727 965 Quod

254 987 404 1025 sirecte
420 992 458 1024 et
476 999 546 1037 pro
567 986 838 1037 magnitudine
858 986 1028 1028 criminis
1049 985 1245 1031 accusavi,
1268 985 1347 1023 dixi
1363 991 1406 1024 ut
1423 986 1550 1024 volui:
1580 985 1639 1023 sin
1656 984 1726 1023 de-

254 1051 387 1096 terius,
403 1056 447 1103 ut
465 1049 601 1101 potui.-
642 1049 726 1088 Vos
747 1056 894 1097 autem,
911 1063 1001 1088 cum
1015 1062 1065 1088 ex
1084 1049 1130 1088 iis
1149 1063 1238 1101 quae
1258 1049 1364 1088 dieta
1384 1055 1487 1096 sunt,
1509 1055 1593 1087 tum
1615 1061 1662 1087 ex
1680 1048 1727 1086 iis

254 1127 343 1165 quae
365 1112 517 1150 silentio
536 1112 809 1163 praetermissa,
838 1111 910 1164 ipsi
933 1112 1082 1164 justam
1109 1113 1246 1163 reique
1271 1111 1441 1164 publicae
1472 1110 1609 1150 utilem
1637 1123 1727 1149 sen-

255 1174 416 1214 tentiam
431 1174 690 1226 pronuntiate.

902 1775 1074 1792 Ιὶ
