1915 3356
475 179 549 217 DE
586 179 735 216 MALE
766 175 943 215 GESTA
977 173 1303 211 LEGATIONE.
1566 174 1616 209 59

141 280 268 320 socios
289 293 379 319 suos
400 282 465 332 qui
494 281 700 327 adfuerint,
721 278 947 317 nominatim
977 289 1063 314 cum
1087 277 1204 326 ipsos,
1234 282 1315 313 tum
1343 274 1457 311 urbes
1480 286 1611 310 οοιίιιιι

138 342 398 393 inscripsisse,
419 356 486 381 eos
508 356 597 380 vero
620 342 744 379 socios
778 340 844 391 qui
871 352 948 376 non
980 337 1190 381 adfuerint,
1221 337 1426 387 pollicetur
1460 348 1500 372 se
1522 334 1611 371 mis-

140 417 270 441 surum
291 417 389 442 esse.
432 405 530 442 Haec
550 417 642 453 ergo
664 402 806 453 putatis
828 400 1049 450 Philippum
1070 411 1148 435 non
1170 398 1335 435 interdiu
1356 398 1521 434 scribere
1542 410 1610 446 po-

138 465 258 503 tuisse
275 465 358 502 sine
379 466 470 503 me?
500 465 578 503 Sed
599 465 654 502 ita
672 476 733 501 me
753 463 805 500 dii
826 468 969 507 ament,
990 461 1053 497 isti
1081 473 1157 496 non
1180 459 1284 496 aliud
1315 473 1418 496 curae
1441 472 1523 496 csse
1544 471 1611 508 ap-

138 534 261 577 paret,
282 527 356 565 nisi
386 535 429 565 ut
455 527 606 565 interim
636 526 729 563 dum
747 525 866 562 verba
894 523 1003 569 facit,
1031 521 1261 572 eloquentiae
1291 521 1451 570 gloriam
1474 535 1610 559 conse-

137 595 303 638 quatur:
337 602 387 626 an
406 601 496 627 vero
523 587 640 638 paulo
668 592 758 638 post
777 586 949 624 omnium
969 584 1196 622 Graecorum
1223 581 1529 633 improbissimus
1562 581 1612 619 sit

136 649 415 699 perhibendus,
435 643 504 701 pro
526 648 644 686 nihilo
663 655 813 699 putare.

192 713 258 750 41.
290 711 395 754 Quid
421 711 521 748 enim
542 710 610 748 tali
631 710 779 747 homini
801 709 1008 760 quisquam
1037 707 1185 753 credat,
1208 706 1274 756 qui
1294 705 1423 742 dicere
1443 718 1522 742 non
1545 718 1609 742 ve-

137 773 234 810 ritus
256 780 329 819 est,
351 773 571 824 Philippum
601 785 680 809 non
702 772 782 809 suis
803 770 999 822 auspiciis,
1021 769 1091 807 sed
1110 769 1205 806 meis
1227 767 1480 806 concionibus
1511 766 1611 804 intra

138 831 255 884 Pylas
275 833 528 885 penetrasse?
559 834 688 884 Atque
722 833 836 871 etiam
867 844 1071 869 numerum
1099 830 1252 868 dierum
1278 829 1361 866 iniit
1393 829 1496 879 apud
1528 842 1610 873 vos,

135 893 235 932 intra
266 908 365 945 quos
388 908 462 946 ego
492 895 728 946 legationem
757 893 1033 938 renunciarim,
1063 898 1102 930 et
1131 891 1320 937 Phalaeci,
1347 889 1609 928 Phocensium

137 956 302 1007 tyranni,
324 956 471 1009 publici
492 956 771 995 caduceatores
796 955 952 993 decreta
981 960 1116 993 nostra
1141 953 1232 991 illuc
1263 951 1538 998 renunciarint,
1572 958 1611 989 et

136 1017 360 1057 Phocenses
380 1033 442 1057 me
457 1019 543 1057 freti
564 1019 669 1056 illum
686 1018 787 1056 intra
807 1017 925 1069 Pylas
946 1016 1176 1068 receperint,
1197 1022 1314 1066 atque
1334 1015 1449 1052 urbes
1467 1027 1554 1052 suas
1575 1014 1609 1052 ei

136 1079 382 1118 tradiderint.
433 1081 483 1118 Et
502 1081 587 1118 haec
608 1080 765 1131 quidem
785 1085 1028 1128 commentus
1057 1085 1118 1116 est
1139 1084 1354 1121 accusator,
1385 1089 1446 1114 res
1481 1083 1609 1113 autem

137 1139 400 1180 Phocensium
419 1142 660 1189 interierunt,
679 1142 846 1193 primum
878 1154 947 1192 per
973 1141 1182 1184 fortunam,
1210 1151 1297 1189 quae
1329 1137 1506 1175 omnibus
1540 1137 1609 1174 do—

135 1201 318 1250 minatur,
342 1204 483 1242 deinde
505 1211 663 1255 propter
692 1204 860 1255 spatium
890 1202 1073 1254 temporis
1099 1210 1138 1239 et
1158 1200 1377 1239 decennale
1408 1199 1609 1237 bellum—

134 1263 272 1302 eadem
292 1264 393 1302 enim
414 1278 474 1302 res
496 1265 753 1303 Phocensium
774 1271 1024 1316 tyrannorum
1043 1278 1136 1315 opes
1159 1269 1197 1301 et
1212 1262 1334 1307 auxit,
1352 1268 1392 1299 et
1406 1261 1609 1308 destruxit,

135 1338 227 1363 narn
245 1326 443 1378 imperium
466 1333 735 1379 susceperunt,
755 1339 844 1364 cum
864 1325 948 1364 ausi
976 1332 1109 1363 essent
1135 1337 1286 1363 sacram
1319 1323 1524 1374 pecuniam
1551 1324 1609 1360 in-

135 1387 290 1434 vadere,
311 1394 350 1429 et
369 1388 660 1440 peregrinorum
678 1387 842 1425 militurn
864 1400 981 1438 opera
1000 1386 1241 1438 respublicas
1269 1390 1502 1432 mutassent,
1522 1391 1608 1423 tan-

136 1448 224 1486 dem
247 1449 477 1488 interierunt
496 1450 625 1501 inopia
645 1449 835 1501 pecuniae,
856 1462 944 1486 cum
965 1462 1051 1486 eam
1074 1461 1227 1486 omnem
1252 1447 1290 1484 in
1317 1446 1510 1498 stipendia
1539 1448 1609 1484 mi-

134 1510 247 1549 litum
280 1518 571 1563 erogassent—,
600 1512 713 1550 tertio
745 1512 834 1550 loco
855 1525 922 1549 eos
943 1511 1082 1549 evertit
1112 1510 1267 1555 seditio,
1299 1523 1387 1560 quae
1415 1509 1608 1548 exercitus

135 1573 298 1625 penuria
316 1574 536 1612 laborantes
558 1569 796 1612 familiariter
815 1573 993 1611 comitari
1024 1573 1135 1618 solet,
1159 1578 1296 1623 quarto
1323 1570 1412 1609 loco
1434 1570 1606 1609 Phalaeci

134 1635 350 1674 futurarum
370 1649 496 1674 rerum
524 1636 730 1687 ignoratio.
778 1635 879 1672 Nam
900 1634 1176 1673 Thessalorum
1199 1634 1355 1683 quidem
1378 1640 1416 1670 et
1437 1632 1608 1684 Philippi

137 1697 330 1736 exercitus
349 1697 388 1735 in
402 1704 617 1749 conspectu
638 1704 733 1743 erat,
755 1710 833 1735 non
853 1697 978 1735 multo
992 1702 1120 1734 autem
1142 1701 1232 1733 ante
1248 1708 1364 1746 quarn
1385 1706 1463 1745 pax
1478 1695 1607 1732 vobis-

135 1771 225 1797 cum
246 1759 416 1804 iniretur,
437 1759 556 1810 legati
576 1759 842 1797 Phocensium
862 1759 913 1797 ad
940 1771 1009 1796 vos
1034 1764 1234 1802 venerant,
1252 1756 1394 1794 auxilia
1413 1762 1607 1807 petentes,

135 1830 177 1859 et
195 1820 304 1859 vobis
329 1834 370 1859 se
389 1822 597 1859 tradituros
623 1820 853 1872 pollicentes
873 1820 1085 1871 Alponum,
1108 1819 1334 1866 Thronium,
1357 1825 1397 1856 et
1417 1818 1608 1864 Nicaeam,

134 1895 223 1933 quae
241 1882 330 1920 loca
348 1883 512 1921 transitu
536 1882 720 1934 Pylarum
742 1882 955 1933 potiuntur.
995 1881 1096 1919 Cum
1116 1893 1207 1918 vero
1228 1893 1296 1918 vos
1320 1880 1606 1924 decrevissetis,

135 1957 183 1982 ea
200 1944 290 1983 loca
309 1944 494 1983 Proxeno
513 1945 603 1984 duci
622 1950 750 1983 vestro
771 1958 794 1982 a
809 1943 1077 1982 Phocensibus
1098 1943 1292 1981 tradenda
1311 1956 1412 1988 esse,
1429 1950 1466 1980 et
1495 1943 1607 1993 quin-

136 2007 324 2058 quaginta
347 2007 520 2045 triremes
554 2006 821 2058 complendas,
849 2013 888 2044 et
913 2006 959 2043 iis
991 2006 1056 2056 qui
1083 2005 1183 2043 intra
1208 2004 1451 2056 trigesimum
1480 2004 1607 2042 aetatis

137 2081 281 2108 annum
307 2075 442 2107 essent
463 2068 503 2106 in
523 2069 645 2106 aciem
665 2068 906 2113 exeundum,
936 2066 1088 2118 tyranni
1115 2079 1161 2103 ea
1191 2066 1279 2103 loca
1300 2065 1479 2103 Proxeno
1507 2065 1606 2103 adeo

136 2143 216 2169 non
230 2130 488 2177 tradiderunt,
504 2137 547 2169 ut
559 2130 726 2182 legatos,
742 2129 808 2180 qui
829 2142 872 2167 se
889 2142 994 2167 arces
1009 2128 1094 2166 illas
1110 2128 1220 2166 vobis
1239 2128 1448 2165 tradituros
1465 2128 1608 2178 promi—

137 2199 283 2239 serant,
316 2192 356 2230 in
386 2192 544 2230 vincula
570 2192 823 2244 conjecerint,
852 2198 891 2230 et
917 2204 1006 2229 cum
1030 2190 1247 2236 fecialibus,
1276 2190 1341 2240 qui
1370 2202 1512 2227 arcana
1540 2188 1608 2227 illa

135 2254 285 2293 foedera
309 2254 614 2300 annunciabant,
642 2254 713 2292 soli
745 2253 972 2291 Graecorum
1001 2252 1222 2290 Phocenses
1253 2251 1382 2289 foedus
1414 2264 1493 2289 non
1518 2265 1605 2302 per-

135 2316 343 2354 cusserint.
378 2315 532 2354 Deinde
548 2329 635 2353 curn
656 2314 915 2353 Archidamus
937 2314 1039 2353 Laco
1060 2320 1218 2365 paratus
1235 2319 1337 2352 esset
1355 2313 1444 2350 loca
1458 2313 1524 2350 illa
1542 2326 1606 2352 ac—

134 2378 279 2430 cipere,
299 2390 345 2416 ac
365 2377 477 2424 tueri,
498 2390 573 2415 non
595 2382 861 2421 assenserunt,
891 2375 963 2414 sed
990 2375 1024 2413 ei
1053 2375 1352 2426 responderunt,
1380 2387 1421 2412 se
1455 2375 1605 2425 Spartae

134 2440 261 2491 magis
280 2453 396 2491 quam
417 2439 497 2477 suis
517 2440 630 2477 rebus
652 2438 842 2477 diffidere.
872 2438 929 2476 Eo
948 2445 1079 2476 autem
1102 2445 1289 2489 tempore,
1313 2437 1487 2475 nondum
1508 2437 1606 2474 inter

134 2515 205 2541 vos
224 2508 265 2540 et
291 2501 511 2552 Philippum
530 2507 782 2547 convenerat,
809 2500 879 2539 sed
900 2500 1037 2538 eodem
1056 2499 1117 2538 die
1145 2506 1185 2538 et
1210 2500 1260 2537 de
1288 2512 1384 2550 pace
1414 2498 1604 2536 delibera-

133 2565 247 2610 batis‚
267 2569 308 2602 et
326 2564 497 2602 Proxeni
518 2563 648 2601 literas
677 2563 908 2608 audiebatis,
929 2562 1071 2612 quibus
1092 2561 1398 2612 significabatur,
1426 2559 1605 2597 Phocen-

135 2639 198 2664 ses
218 2625 307 2664 loca
324 2625 392 2664 illa
411 2639 489 2664 non
503 2624 724 2672 tradidisse,
744 2632 785 2664 et
804 2625 829 2663 ii
849 2625 914 2675 qui
935 2636 1076 2662 arcana
1095 2636 1207 2662 sacra
1227 2623 1483 2671 annunciant,
1506 2623 1604 2659 indi-

137 2689 296 2734 cabant,
312 2688 414 2725 solos
430 2688 530 2726 inter
549 2693 698 2726 ceteros
720 2687 884 2725 Graecos
906 2686 1132 2724 Phocenses
1150 2685 1277 2723 foedus
1298 2698 1374 2722 non
1388 2684 1605 2729 admisisse,

137 2749 207 2788 sed
226 2749 393 2800 legatos,
412 2750 477 2800 qui
495 2749 572 2787 huc
592 2748 755 2800 profecti
775 2754 917 2794 essent,
939 2748 977 2785 in
1007 2747 1163 2785 vincula
1182 2746 1408 2798 conjecisse.
1445 2746 1542 2789 Qum
1562 2754 1605 2783 ut

135 2825 225 2850 vere
245 2825 268 2849 a
297 2824 356 2849 me
376 2810 452 2849 dici
472 2818 636 2857 constet,
658 2824 810 2850 accerse
841 2810 1015 2856 feciales,
1045 2819 1084 2847 ct
1111 2809 1373 2847 Callistratcm
1396 2822 1439 2845 ac
1471 2808 1598 2844 Meta-

137 2885 290 2924 genem,
309 2885 408 2922 quos
426 2870 626 2912 Proxenus
648 2873 697 2912 ad
719 2872 944 2911 Phocenses
963 2871 1116 2923 legatos
1137 2871 1251 2909 misit.
1283 2869 1425 2908 Audite
1440 2869 1530 2907 item
1556 2868 1600 2906 li-

137 2941 237 2974 teras
255 2934 436 2973 Proxeni.
