1948 3306
1050 346 1119 384 IV.

443 473 794 522 ADVERSUS
840 474 1286 523 THERAMENIS
1323 473 1736 523 MALEDICTA.

1025 591 1150 599 ——-—-.

531 666 940 705 DEMOSTHENES
972 667 1205 705 SENATUI
1236 667 1571 712 POPULOQUE
1601 668 1642 706 S.

410 776 474 814 Au
484 789 560 815 mo
582 777 630 815 de
652 791 710 815 me
737 778 1030 825 Theramenem,
1050 791 1139 816 cum
1159 779 1235 818 alia
1254 779 1396 818 dixisse
1417 779 1711 826 contumeliosa,
1730 785 1812 817 tum

357 849 447 875 vero
468 840 722 890 exprobrasse
742 839 1017 878 infelicitatem.
1059 841 1156 878 Eum
1177 841 1295 893 igitur
1314 842 1505 893 ignorare,
1525 842 1714 888 convicio,
1735 855 1813 893 quo

358 898 465 936 nulla
490 900 585 951 ejus,
615 901 677 938 cui
708 900 764 945 fit,
792 901 1008 940 declaretur
1035 901 1275 953 improbitas,
1295 903 1399 954 apud
1426 903 1602 941 homines
1632 903 1814 942 cordatos

355 960 448 997 nihil
467 961 613 1012 profici,
636 975 713 1000 non
730 963 856 1000 miror.
914 963 1015 1001 Nam
1033 970 1071 1001 et
1086 964 1124 1001 in
1142 964 1222 1003 vita
1239 965 1512 1010 confidentem,
1533 971 1573 1003 et
1587 977 1662 1002 non
1679 972 1816 1003 natura

355 1021 489 1068 civem,
510 1030 548 1061 et
569 1037 591 1062 a
610 1037 729 1075 puero
750 1024 788 1061 in
807 1024 1020 1075 prostibulo
1046 1026 1270 1072 educatum,
1291 1027 1442 1065 nescire
1460 1026 1547 1065 haec
1566 1039 1680 1077 quam
1701 1027 1815 1065 intel-

353 1084 472 1136 ligere
491 1086 641 1125 facilius
664 1087 769 1125 credi
789 1095 928 1139 potest.
989 1088 1090 1125 Cum
1121 1102 1168 1127 eo
1196 1088 1325 1140 igitur,
1347 1089 1377 1128 si
1408 1089 1566 1140 quando
1595 1088 1756 1135 rediero,
1776 1097 1815 1127 et

353 1159 543 1185 mansero·
562 1148 778 1196 incolumis,
800 1149 996 1201 disputare
1024 1151 1194 1189 conabor
1218 1150 1266 1188 de
1285 1151 1405 1202 ipsius
1424 1158 1462 1189 et
1481 1151 1520 1189 in
1539 1163 1601 1189 me
1619 1156 1660 1188 et
1689 1151 1727 1188 in
1747 1162 1814 1188 vos

355 1209 617 1256 contumeliis,
648 1224 815 1261 eumque
846 1224 959 1263 spero
992 1225 1068 1257 me,
1100 1212 1276 1262 quamvis
1310 1214 1359 1250 ab
1391 1213 1496 1250 omni
1514 1211 1748 1250 verecundia
1766 1212 1816 1250 sit

352 1268 517 1317 alienus,
538 1271 812 1310 modestiorem
833 1272 1084 1311 effecturum:
1113 1273 1222 1311 vobis
1246 1280 1374 1313 autem
1401 1274 1545 1325 publici
1575 1273 1668 1312 boni
1695 1287 1816 1312 causa

353 1331 441 1369 volo
465 1346 532 1382 per
563 1332 710 1379 literas,
731 1347 820 1385 quae
850 1333 957 1372 hisce
990 1335 1038 1373 de
1074 1336 1189 1373 rebus
1218 1336 1386 1374 dicenda
1414 1336 1554 1381 habeo,
1583 1335 1813 1387 significare.

354 1393 453 1444 Quae
482 1394 591 1433 vobis
623 1395 827 1447 diligenter
855 1396 1199 1435 animadvertenda
1228 1404 1333 1444 sunt,
1353 1404 1398 1435 ut
1421 1410 1510 1436 mea
1541 1397 1698 1448 quidem
1727 1411 1815 1437 sen-

352 1455 474 1494 tentia
493 1469 570 1494 non
591 1463 743 1495 tantum
765 1458 1048 1496 auscultatione
1078 1458 1211 1510 digna,
1233 1459 1302 1497 sed
1332 1460 1448 1498 etiam
1477 1459 1673 1498 memoria.
1730 1460 1817 1511 Ego

351 1524 519 1556 vestram
550 1520 684 1557 urbem
716 1520 886 1558 omnium
919 1521 1072 1559 urbium
1105 1522 1649 1561 fortunatissimamexistimo
1673 1529 1713 1562 et
1741 1522 1816 1562 diis

350 1580 611 1619 carissimam:
641 1589 681 1620 et
700 1582 785 1620 haec
804 1583 938 1621 testari
958 1583 1007 1623 de
1027 1584 1136 1622 vobis
1157 1590 1196 1622 et
1222 1584 1362 1623 Jovem
1382 1584 1633 1626 Dodonaeum
1653 1592 1692 1623 et
1717 1585 1816 1623 Dio-

349 1655 427 1680 nen
447 1649 486 1681 et
514 1642 696 1695 Pythium
716 1643 939 1695 Apollinem
970 1652 1172 1697 perpetuo,
1193 1652 1234 1684 et
1259 1644 1464 1698 obsignare
1492 1646 1652 1698 insuper
1670 1647 1816 1685 bonam

348 1707 542 1746 fortunam
562 1721 647 1746 esse
673 1708 711 1746 in
733 1709 825 1746 urbe
843 1715 982 1747 vestra.
1022 1708 1045 1746 J
1051 1721 1113 1746 am
1133 1722 1222 1759 quae
1242 1708 1291 1747 de
1310 1708 1448 1747 futuris
1463 1709 1577 1747 rebus
1599 1708 1818 1760 significant

351 1769 416 1817 dii,
447 1784 493 1808 ea
523 1783 590 1808 eos
628 1770 837 1823 praedicere
867 1771 1115 1823 perspicuum
1143 1778 1224 1810 est:
1255 1784 1278 1809 a
1296 1771 1501 1822 praeteritis
1525 1777 1652 1809 autem
1672 1771 1815 1822 petitas

350 1832 629 1883 appellationes
665 1835 780 1871 rebus
808 1846 897 1884 quae
927 1833 1041 1871 factae
1069 1839 1159 1871 sunt
1188 1833 1368 1871 tribuere.
1441 1833 1528 1884 Ego
1563 1839 1693 1871 autem
1725 1845 1814 1883 quae

349 1895 453 1946 apud
473 1908 542 1933 vos
573 1894 636 1946 egi
665 1895 704 1932 in
734 1894 948 1946 republica,
975 1908 1023 1932 ex
1055 1894 1099 1932 iis
1133 1902 1223 1932 sunt
1250 1908 1337 1945 quae
1363 1894 1445 1946 jam
1466 1893 1743 1945 praeterierunt,
1763 1895 1813 1933 ob

349 1970 435 2008 quae
456 1957 508 1994 dii
530 1970 595 1994 vos
616 1957 748 1995 felices
769 1956 1030 1994 nominarunt.
1091 1957 1179 2001 Quo
1210 1955 1327 2007 igitur
1353 1963 1467 2008 paeto
1496 1969 1650 2007 aequum
1669 1963 1730 1994 est
1746 1969 1816 1995 vos

348 2019 413 2070 qui
434 2020 615 2071 paruistis
632 2019 764 2058 felices
791 2019 880 2066 dici,
900 2033 987 2057 eum
1006 2032 1096 2057 vero
1116 2018 1182 2070 qui
1202 2018 1323 2056 suasit
1342 2017 1576 2056 contrarium
1598 2031 1817 2069 cognomen

347 2083 497 2121 sortiri?
541 2083 625 2122 Nisi
661 2083 747 2135 quis
780 2083 855 2121 hoc
888 2083 1056 2121 fortasse
1096 2082 1247 2128 dixerit,
1288 2095 1535 2120 communem
1554 2075 1557 2077 ¹
1577 2082 1816 2128 felicitatem,

348 2146 459 2198 cujus
479 2160 553 2197 ego
573 2146 628 2184 fui
648 2159 797 2192 suasor,
818 2145 913 2184 deos
933 2159 1019 2184 esse
1048 2145 1113 2197 qui
1138 2144 1353 2190 nominent,
1375 2144 1514 2195 quibus
1535 2144 1685 2183 mentiri
1705 2144 1814 2183 nefas

348 2215 434 2246 est:
463 2208 656 2260 privatum
676 2215 804 2246 autem
834 2207 1065 2254 convicium,
1093 2220 1170 2258 quo
1198 2207 1238 2244 in
1258 2220 1318 2245 me
1339 2219 1434 2245 usus
1454 2213 1514 2245 est
1537 2206 1813 2252 Theramenes,

345 2269 541 2309 hominem
574 2270 762 2308 audacem
795 2277 834 2307 et
863 2269 1131 2321 impudentem
1157 2276 1196 2307 et
1224 2268 1384 2307 rationis
1405 2267 1523 2307 etiam
1541 2277 1736 2320 expertem
1752 2268 1814 2320 ja-

346 2337 485 2370 ctasse.
544 2333 681 2383 Neque
702 2345 791 2369 vero
813 2331 936 2375 solum
958 2345 978 2370 e
999 2331 1160 2370 deorum
1176 2330 1342 2369 oraculis
1359 2331 1498 2368 bonam
1520 2342 1606 2367 esse
1625 2342 1703 2380 qua
1720 2329 1814 2368 estis

346 2394 406 2432 usi
423 2394 617 2432 fortunam
639 2393 849 2445 reperietis,
870 2394 937 2431 sed
958 2393 1053 2444 ipsis
1072 2394 1187 2432 etiam
1209 2392 1426 2438 eventibus,
1449 2392 1566 2430 modo
1585 2392 1691 2430 rec‘te
1706 2392 1813 2443 judi-

346 2469 435 2494 care
455 2456 587 2501 libeat,
608 2455 878 2494 consideratis.
935 2455 1016 2492 Vos
1046 2454 1162 2499 enim,
1184 2453 1215 2491 si
1234 2460 1277 2491 ut
1296 2453 1472 2491 homines
1498 2452 1656 2504 negotia
1686 2453 1813 2491 consi-

346 2517 480 2555 derare
498 2516 629 2562 vultis,
648 2516 909 2554 felicissimam
926 2529 946 2553 e
967 2516 1060 2553 meis
1075 2515 1244 2553 consiliis
1260 2516 1393 2553 urbem
1409 2528 1497 2553 esse
1512 2515 1654 2552 factam
1673 2514 1813 2565 reperi-

346 2579 441 2617 etis:
472 2578 544 2622 sin,
578 2591 666 2630 quae
699 2577 752 2615 dii
777 2577 848 2615 soli
874 2578 1017 2615 eximia
1038 2583 1188 2623 tenent,
1208 2590 1275 2614 vos
1307 2576 1491 2627 consequi
1518 2575 1740 2627 postulatis,
1767 2588 1815 2614 ea

344 2654 432 2692 quae
452 2641 533 2679 fieri
553 2647 753 2691 nequeunt
779 2638 983 2677 affectatis.
1041 2638 1145 2681 Quid
1166 2638 1281 2689 igitur
1311 2639 1362 2676 dii
1391 2638 1569 2676 eximium
1591 2637 1812 2676 hominibus

344 2709 529 2753 negatum
549 2700 727 2739 habent?
777 2701 829 2738 Ut
859 2701 962 2738 bona
992 2700 1120 2738 omnia
1152 2700 1191 2737 in
1223 2712 1293 2737 sua
1318 2713 1434 2738 manu
1466 2706 1505 2738 et
1531 2705 1723 2751 potestate
1754 2707 1812 2738 te-

344 2771 464 2803 neant
478 2777 600 2814 eaque
615 2770 696 2801 tum
713 2776 865 2800 servare
886 2762 958 2814 ipsi
981 2769 1061 2800 tum
1075 2761 1220 2800 donare
1236 2761 1386 2799 caeteris
1399 2763 1565 2813 possint,
1587 2770 1706 2813 utque
1722 2763 1812 2800 mali

345 2827 440 2864 nihil
460 2827 508 2865 ab
531 2826 635 2864 omni
653 2839 736 2863 aevo
751 2825 811 2863 vel
831 2824 936 2876 passi
956 2824 1017 2862 vel
1037 2823 1191 2876 passuri
1212 2823 1301 2862 sint.
1352 2824 1440 2862 Jam
1460 2824 1647 2876 hisjactis
1667 2823 1810 2862 sunda-

344 2889 498 2935 mentis,
519 2887 844 2939 quemadmodum
873 2887 1001 2932 decet,
1023 2892 1195 2924 vestrum
1216 2892 1360 2923 statum
1381 2885 1624 2924 considerate
1651 2892 1691 2923 et
1721 2899 1809 2923 cum

342 2958 568 2989 caeterorum
599 2950 754 2988 fortuna
784 2949 970 2988 conferte.
1031 2948 1156 2986 Nemo
1175 2947 1277 2985 enim
1306 2947 1358 2986 ita
1388 2960 1533 2988 vaecors
1563 2954 1635 2994 est,
1665 2948 1729 2998 qui
1751 2946 1809 2985 vel
