1981 3356
568 214 859 256 ADVERSUS
890 215 1294 255 PHORMIONEM.
1585 217 1662 253 529

196 322 285 362 sati.
318 323 378 361 Ac
395 334 443 360 ne
462 335 567 361 nunc
588 322 758 374 quidem,
773 320 1053 365 Athenienses,
1071 319 1218 358 credite
1236 320 1365 369 nobis,
1385 319 1416 358 si
1436 324 1662 372 putaremus

192 383 320 423 fracta
348 384 435 423 navi
467 385 616 436 perisse
649 382 870 435 pecuniam,
891 395 1006 433 quam
1040 380 1265 420 Phormioni
1297 381 1571 427 mutuavimus,
1591 393 1663 418 un-

192 459 312 497 quam
343 446 379 484 ei
409 446 511 485 diem
543 445 804 484 dixissemus:
834 457 912 483 non
944 444 1000 482 ita
1032 457 1102 482 nos
1131 442 1379 494 impudentes
1410 455 1559 489 sumus,
1594 446 1664 480 aut

186 508 352 559 jactunae
372 508 597 550 insolentes.
654 507 754 545 Cum
775 520 867 545 vero
893 505 1004 543 multi
1035 511 1207 543 nostram
1235 504 1431 556 ignaviam
1457 503 1664 555 reprehen-

138 612 139 615 ,
193 569 346 619 derent,
365 576 405 609 et
435 576 670 609 mercatores
696 569 732 607 in
763 568 896 620 primis
927 580 1017 606 cum
1052 566 1284 605 Phormione
1314 566 1394 604 illic
1423 566 1579 612 versati,
1598 566 1664 616 qui

194 643 284 670 eum
303 631 483 671 sciebant
505 644 584 670 non
604 644 684 670 una
702 643 793 670 cum
812 629 962 669 caeteris
983 627 1190 680 pecuniam
1211 627 1387 667 amisisse
1407 627 1443 665 in
1463 627 1566 673 navi,
1585 639 1664 664 non

193 691 514 732 committendum
544 705 633 732 esse
657 693 890 744 putabamus
915 697 958 729 ut
978 691 1025 728 ab
1054 690 1130 729 isto
1158 689 1330 739 injuriam
1351 690 1434 728 fieri
1463 687 1575 727 nobis
1596 700 1665 739 pa·

193 760 370 793 teremur.
1133 784 1136 788 .

246 817 288 854 2.
319 816 383 854 Ac
408 815 457 854 de
476 816 704 867 exceptione
723 816 896 867 quidem,
918 828 996 853 non
1024 813 1156 852 multis
1188 819 1251 851 est
1280 826 1394 865 opuS‚
1415 825 1506 850 nam
1527 811 1666 850 adver-

193 877 283 917 sarii
297 889 377 916 non
396 877 552 916 omnino
571 884 719 928 negant
733 883 976 916 contractum
992 877 1030 915 in
1046 883 1175 915 vestro
1194 881 1371 914 mercatu
1388 887 1475 914 esse
1493 874 1664 912 factum:

191 938 262 978 sed
281 938 375 978 nihil
395 951 528 978 secum
553 939 608 978 rei
629 940 741 979 nobis
756 939 839 991 jam
859 952 945 978 esse
965 937 1113 984 dicunt,
1131 935 1239 988 quod
1260 935 1355 974 nihil
1375 942 1484 974 extra
1505 947 1552 973 ea
1576 948 1665 986 quae

191 997 335 1040 tabuiis
354 1003 628 1041 contineantur
658 1002 834 1042 fecerint.
894 1002 1019 1053 Leges
1046 1006 1192 1047 autem,
1211 1013 1233 1038 e
1252 1011 1416 1051 quarum
1437 998 1664 1049 praescripto

192 1075 261 1102 vos
293 1063 458 1103 Judices
495 1063 655 1110 sedetis,
695 1076 774 1102 non
808 1064 862 1102 ita
901 1063 1127 1114 loquuntur.
1201 1060 1280 1100 Sed
1317 1060 1367 1099 de
1399 1058 1664 1099 contractibus

193 1124 355 1164 Athenis
370 1125 528 1164 omnino
546 1139 626 1164 non
647 1126 758 1164 factis
780 1138 853 1163 nec
871 1125 911 1163 in
931 1124 1229 1163 Atheniensium
1249 1128 1463 1161 mercatum
1493 1120 1663 1160 referen-

193 1186 254 1224 dis
287 1187 539 1237 praescribere
574 1186 854 1238 permiserunt:
884 1186 916 1222 si
935 1186 1022 1235 quis
1050 1192 1180 1222 autern
1208 1184 1356 1221 factum
1382 1195 1465 1222 esse
1484 1182 1664 1229 fateatur,

195 1260 314 1298 seque
342 1247 481 1287 fecisse
507 1261 595 1298 quae
618 1246 870 1285 convenerint
896 1246 1029 1284 omnia
1048 1244 1274 1290 contendat,
1303 1249 1410 1281 recta
1438 1243 1664 1282 intentionis

193 1308 422 1360 depulsione
455 1322 496 1348 se
524 1308 734 1348 defendere
759 1308 900 1360 jubent
928 1319 1051 1353 reum,
1070 1319 1148 1344 non
1169 1304 1360 1344 criminari
1381 1310 1664 1343 accusatorem.

195 1370 281 1421 Ego
308 1383 401 1409 vero
431 1383 545 1421 spero
577 1383 640 1408 me
672 1369 757 1421 ipsa
774 1382 823 1408 >re
853 1376 1102 1408 ostensurum
1128 1367 1300 1406 dandam
1321 1379 1407 1405 esse
1436 1366 1549 1404 nobis
1568 1367 1665 1405 acti-

192 1444 322 1470 onem.
378 1432 652 1478 Considerate,
673 1431 946 1477 Athenienses,
967 1430 1064 1482 quid
1082 1429 1145 1469 isti
1162 1428 1238 1481 ipsi
1258 1429 1468 1475 fateantur,
1483 1428 1579 1479 quid
1594 1441 1662 1467 ne-

194 1499 311 1544 gent:
341 1492 398 1532 sic
422 1493 525 1532 enim
553 1506 634 1532 rem
664 1492 808 1545 optime
836 1491 1077 1544 intelligetis.
1135 1492 1324 1530 Fatentur
1344 1503 1387 1529 se
1407 1496 1446 1529 et
1466 1496 1664 1529 mutuatos

192 1553 411 1605 pecuniam,
443 1561 484 1593 et
514 1555 655 1594 fecisse
686 1554 929 1607 pactum-de
959 1560 1125 1593 mutuo:
1172 1553 1241 1592 sed
1280 1553 1498 1592 reddidisse
1529 1566 1665 1590 aurum

194 1615 382 1668 Lampidi,
402 1615 549 1655 famulo
583 1617 735 1662 Dionis,
759 1616 925 1668 Bospori
956 1616 1077 1654 aiunt.
1136 1615 1219 1653 Nos
1239 1627 1330 1653 vero
1361 1627 1439 1652 non
1467 1613 1507 1652 id
1534 1619 1665 1652 osten-

192 1676 344 1724 demus,
362 1690 441 1716 non
458 1677 674 1716 reddidisse
694 1690 807 1716 eum:
828 1677 914 1724 sed,
935 1690 983 1715 ne
1003 1676 1162 1715 licuisse
1184 1675 1342 1727 quidem
1362 1675 1538 1714 reddere.
1584 1675 1665 1714 Ne-

193 1751 305 1777 cesse
323 1745 454 1777 autem
474 1746 533 1777 est
552 1739 660 1777 vobis
679 1752 806 1791 pauca
823 1751 910 1790 quae
932 1738 980 1776 ab
1000 1737 1108 1776 initio
1128 1744 1218 1775 acta
1238 1744 1330 1775 sunt
1349 1737 1510 1775 narrari.

250 1802 287 1838 3.
319 1800 420 1851 Ego,
441 1800 715 1847 Athenienses,
749 1800 973 1839 Phormioni
1008 1800 1182 1838 mutuavi
1219 1798 1345 1837 minas
1378 1798 1529 1850 viginti,
1562 1798 1665 1838 ultro

194 1861 367 1912 citroque
400 1862 439 1899 in
466 1862 648 1909 Pontum,
680 1862 755 1901 alio
788 1867 949 1913 accepto
980 1860 1154 1913 pignore,
1185 1866 1225 1898 et
1257 1860 1522 1912 syngrapham
1560 1860 1665 1911 apud

193 1924 343 1961 Cittum
370 1925 631 1975 argentarium
650 1924 828 1975 deposui.
884 1923 985 1961 Cum
1013 1929 1145 1961 autem
1164 1922 1388 1974 syngrapha
1407 1921 1554 1973 imponi
1579 1922 1668 1960 navi

195 1998 315 2024 onera
341 1985 454 2036 pretii
486 1992 625 2036 quater
654 1985 759 2024 mille
784 1984 1058 2024 drachmarum
1081 1984 1236 2035 jubeat,
1263 1983 1415 2022 facinus
1435 1983 1556 2021 audet
1583 1996 1666 2020 om-

195 2047 303 2085 nium
337 2046 635 2099 iniquissimum.
711 2046 851 2085 Statim
878 2046 982 2085 enim
1019 2045 1059 2083 in
1095 2045 1245 2083 Piraeeo
1278 2051 1479 2083 mutuatur
1507 2045 1667 2095 insuper

193 2109 295 2147 clam
320 2108 447 2155 nobis,
477 2121 501 2146 a
530 2107 735 2148 Theodoro
755 2107 943 2147 Phoenice
962 2107 1168 2146 drachmas
1196 2113 1335 2157 quater
1355 2105 1458 2144 mille
1478 2106 1667 2157 quingen·

195 2176 271 2217 tas,
290 2183 315 2209 a
345 2170 534 2222 Lampide
556 2169 791 2210 naviculario
821 2169 925 2207 mille
959 2167 1179 2207 drachmas.
1236 2169 1415 2218 Cumque
1444 2180 1533 2206 eum
1553 2180 1667 2218 opor-

195 2237 295 2270 teret
312 2231 563 2269 commercari
583 2230 744 2268 Athenis
776 2241 896 2267 onera
921 2229 1034 2266 minis
1063 2235 1221 2266 centum
1248 2228 1488 2278 quindecim,
1518 2228 1550 2266 si
1569 2241 1668 2279 prae-

195 2300 299 2332 stare
318 2289 572 2330 creditoribus
601 2297 719 2342 pacta
738 2291 778 2328 in
805 2289 1037 2342 syngraphis
1057 2288 1255 2335 voluisset,
1275 2301 1353 2326 non
1382 2297 1578 2328 mercatus
1608 2297 1668 2327 est

197 2353 378 2406 amplius,
407 2364 524 2404 quam
556 2351 761 2403 quinquies
799 2351 903 2390 mille
937 2350 1162 2402 quingentis
1201 2349 1395 2388 drachmis
1433 2363 1523 2388 cum
1559 2364 1665 2389 corn-

197 2421 354 2458 meatu3
384 2413 586 2464 minasque
620 2413 736 2452 debet
768 2412 1018 2464 septuaginta
1050 2412 1233 2463 quinque.
1292 2411 1382 2450 Hoc
1407 2412 1556 2450 initium
1581 2413 1666 2458 fuit,

200 2475 474 2522 Athenienses,
489 2474 733 2526 injuriarum:
763 2486 889 2524 neque
904 2472 1007 2511 enim
1024 2472 1085 2510 vel
1101 2472 1243 2524 pignus
1261 2472 1452 2524 praestitit,
1466 2473 1528 2511 vel
1548 2486 1666 2524 pecu-

197 2536 303 2574 niam
334 2535 375 2574 in
401 2547 540 2574 navem
572 2535 751 2583 contulit,
770 2547 860 2573 cum
894 2532 1117 2586 syngrapha
1149 2539 1268 2585 cogat
1299 2534 1338 2571 in
1373 2546 1458 2573 cam
1488 2534 1665 2573 conferri.

201 2598 311 2650 Cape
329 2595 605 2649 syngrapham.

759 2696 1111 2737 SYNGRAPHA.

200 2785 308 2838 Cape
326 2791 366 2825 et
380 2785 612 2838 portitorum
629 2784 944 2837 descriptionem,
966 2791 1005 2823 et
1025 2784 1261 2823 testimonia.

520 2886 871 2928 DESCRIPTIO.
937 2886 1344 2925 TESTIMONIUM.

256 2968 296 3005 4.
325 2965 530 3007 Profectus
551 2967 783 3019 Bosporum,
813 2979 933 3018 quum
952 2965 1080 3007 literas
1100 2979 1123 3006 a
1143 2979 1203 3007 me
1231 2965 1405 3013 haberet,
1425 2977 1521 3016 quas
1543 2965 1576 3004 ei
1598 2965 1665 3005 de-

901 3029 923 3065 3
940 3040 964 3066 Y
