1915 3356
609 195 834 234 CONTRA
863 191 1127 232 NEAERAM.
1522 185 1598 223 783

149 311 372 345 memorare,
392 312 593 351 operosum
614 301 747 339 fuerit:
778 297 844 337 sed
857 310 925 336 vos
940 308 1075 334 omnes
1090 292 1329 338 meministis,
1343 298 1381 330 et
1394 289 1601 343 Pytholam

149 360 390 406 Thessalum,
411 367 450 398 et
475 360 750 412 Apollonidem
776 357 1019 410 Olynthium,
1041 355 1194 393 civitate
1215 367 1238 391 a
1255 353 1401 405 populo
1422 353 1606 396 donatos,

149 421 286 460 eadem
316 434 340 460 a
362 422 560 474 judicibus
589 436 674 460 esse
701 420 898 473 spoliatos.
955 418 1059 457 Nam
1087 417 1173 454 haec
1202 428 1280 453 non
1308 416 1360 453 ita
1391 414 1482 453 olim
1502 414 1607 452 facta

151 489 243 520 sunt
263 489 307 521 ut
325 496 349 521 a
367 483 475 522 vobis
494 484 730 535 ignorentur.

201 547 268 584 24.
298 547 371 585 His
399 547 452 584 ita
474 547 589 584 firmis
621 553 660 584 et
684 544 879 597 praeclaris
906 544 1059 595 legibus
1085 555 1174 581 cum
1206 539 1425 591 respublica
1454 540 1608 577 firmata

148 606 211 654 sit,
230 620 299 659 per
318 621 413 658 quas
439 607 520 645 fieri
543 607 824 645 Atheniensem
845 612 1037 658 oporteat,
1058 604 1133 643 alia
1160 610 1251 655 post
1276 602 1346 640 has
1376 613 1509 639 omnes
1539 600 1606 638 lex

149 681 310 707 summae
329 668 567 707 auctoritatis
583 676 641 707 est
658 669 828 707 sancita:
851 675 970 706 tantae
989 680 1091 705 curae
1111 665 1256 718 populo
1276 662 1348 701 fuit
1370 662 1504 713 etipse
1521 661 1608 705 sibi,

144 736 185 768 et
204 731 257 768 dii
281 730 530 777 immortales,
563 738 606 768 ut
636 743 747 769 sacra
775 742 846 781 pro
877 728 1076 781 republica
1102 727 1280 778 religiose
1300 725 1448 762 fierent.
1505 722 1608 760 Nam

146 804 398 842 quoscunque
419 792 587 844 populus
607 792 856 830 Atheniensis
877 792 979 829 cives
999 790 1235 834 fecerineos
1261 787 1324 825 lex
1354 791 1482 836 aperte
1500 790 1609 823 vetat

147 853 185 890 in
205 853 414 904 collegium
438 853 742 892 novemvirorum
756 853 944 905 cooptari,
959 859 1026 891 aut
1041 851 1157 890 ullius
1174 848 1380 889 sacerdotii
1391 846 1606 899 adipiscen-

147 913 421 965 dijushabere
439 929 448 953 ε
468 916 604 954 horum
617 928 707 953 vero
726 915 854 953 liberis
868 915 950 967 jam
966 914 1134 966 populus
1153 913 1238 950 haec
1254 910 1381 949 omnia
1399 907 1609 955 concessit,

145 988 234 1014 curn
254 976 326 1014 hac
343 983 472 1015 tamen
489 977 718 1029 appendice,
732 977 764 1015 si
782 978 858 1015 sint
876 991 896 1015 e
911 976 1068 1015 muliere
1083 975 1165 1014 cive
1180 972 1362 1025 suscepti,
1383 978 1422 1010 et
1435 970 1608 1022 legitime

146 1036 356 1089 desponsa.
397 1038 452 1077 Et
471 1039 553 1077 haec
575 1052 634 1077 me
650 1052 738 1078 vere
761 1039 902 1086 dicere,
916 1051 1059 1088 magno
1078 1043 1117 1076 et
1136 1036 1274 1074 illustri
1294 1047 1367 1086 ego
1384 1031 1607 1072 testimonio

144 1099 253 1138 vobis
282 1100 496 1140 ostendam.
552 1101 728 1139 Narrabo
757 1107 888 1139 autem
915 1094 1038 1146 vobis,
1058 1105 1146 1138 ante
1170 1110 1286 1149 quam
1306 1097 1356 1136 ad
1380 1109 1460 1134 rem
1485 1094 1610 1146 ipsam

144 1160 310 1204 veniam,
329 1175 407 1213 quo
425 1169 540 1214 pacto
555 1175 601 1200 ea
619 1162 681 1200 lex
701 1162 791 1209 lata,
811 1169 850 1200 et
868 1170 1021 1214 propter
1035 1174 1133 1212 quos
1152 1159 1398 1211 promulgata
1414 1158 1476 1204 sit,
1492 1170 1610 1208 quam

145 1224 495 1274 praestantes·viros
514 1231 553 1262 et
576 1230 800 1262 constantes
827 1224 963 1275 populi
988 1223 1147 1262 amicos.
1205 1222 1264 1259 Ex
1282 1221 1342 1259 his
1357 1221 1456 1259 enirn
1478 1218 1609 1257 scietis

142 1283 337 1331 omnibus,
355 1291 396 1323 et
414 1285 545 1336 populi
567 1285 796 1324 beneficium
819 1286 921 1322 bene
948 1283 1183 1322 merentibus
1201 1283 1427 1334 repositum,
1454 1280 1610 1332 procul·

143 1353 289 1393 catum,
308 1353 348 1385 et
368 1347 520 1398 quantis
548 1347 688 1386 vestris
717 1346 948 1385 utilitatibus
977 1347 1135 1384 obstent
1153 1352 1235 1382 tum
1256 1343 1490 1395 Stephanus,
1522 1349 1607 1380 tum

142 1408 274 1455 ceteri,
305 1408 372 1460 qui
400 1409 536 1448 eodem
566 1409 683 1448 modo
710 1408 770 1447 vel
794 1407 1039 1447 matrimonia
1064 1412 1353 1453 contraxerunt,
1371 1404 1434 1444 vel
1464 1404 1604 1443 liberos

142 1478 411 1522 susceperunt.

200 1534 269 1571 25.
300 1532 540 1572 Plataeenses
571 1534 645 1572 soli
676 1534 902 1573 Graecorum
923 1534 1094 1573 omnium
1119 1532 1245 1580 vobis,
1266 1530 1538 1577 Athenienses,
1566 1530 1606 1568 in

145 1593 419 1633 Marathonem
453 1596 653 1647 suppetias
680 1603 882 1642 venerunt,
904 1609 992 1634 cum
1023 1596 1149 1641 Datis,
1168 1594 1377 1633 Persarum
1403 1592 1504 1644 regis
1534 1592 1606 1630 im-

143 1663 311 1708 perator,
333 1657 485 1695 Eretria
503 1658 706 1704 recedens,
724 1658 872 1696 Euboea
891 1659 1068 1704 subacta,
1088 1658 1127 1696 in
1157 1663 1333 1695 nostrum
1361 1667 1496 1706 agrum
1517 1666 1607 1693 cum

143 1718 364 1770 ingentibus
390 1719 663 1758 descendisset
688 1720 824 1771 copiis,
857 1726 898 1758 et
929 1719 1229 1772 populabundus
1259 1723 1489 1769 vagaretur3
1517 1728 1608 1755 nam

143 1781 260 1819 etiam
279 1780 396 1820 hodie
414 1781 649 1820 fortitudinis
670 1794 805 1820 eorum
833 1782 872 1820 in
892 1782 1010 1820 Varia
1028 1782 1180 1834 porticu
1200 1781 1440 1818 monimenta
1458 1778 1610 1830 pictura

143 1849 407 1894 repraesentat.
465 1843 592 1887 Quam
614 1844 717 1882 enim
737 1844 901 1895 quisque
922 1844 1120 1883 celerrime
1141 1842 1279 1895 potuit,
1311 1842 1441 1880 statim
1468 1853 1608 1879 accur-

142 1917 230 1943 rens
250 1904 376 1956 pictus
396 1912 472 1951 est,
494 1919 613 1944 canes
640 1905 694 1944 illi
720 1905 890 1943 Boeotias
909 1906 1114 1944 habentes.
1173 1906 1301 1956 Atque
1320 1904 1458 1942 iterum
1478 1903 1608 1940 Xerxe

144 1965 338 2005 Graeciam
361 1967 580 2014 invadente,
612 1967 813 2005 Thebanis
836 1980 926 2005 cum
949 1967 1069 2006 Medo
1087 1965 1321 2019 conjunctis,
1348 1971 1517 2003 nostram
1539 1964 1609 2002 de-

142 2041 270 2068 serere
289 2028 502 2068 amicitiam
515 2029 599 2067 ausi
619 2042 694 2067 non
716 2029 888 2074 fuerunt,
909 2029 979 2067 sed
1001 2028 1073 2067 soli
1096 2028 1145 2067 de
1166 2029 1305 2067 ceteris
1326 2026 1500 2072 Boeotiis,
1520 2039 1610 2078 par·

143 2090 210 2128 tim
231 2103 319 2128 cum
343 2090 644 2128 Lacedaemoniis
660 2097 698 2128 et
715 2090 887 2128 Leonida
900 2091 939 2130 in
959 2090 1230 2142 Thermopylis
1250 2096 1386 2128 contra
1403 2089 1609 2126 barbarum

141 2151 320 2191 instructi
339 2165 418 2190 una
437 2152 646 2203 perierunt,
666 2153 801 2204 partim
832 2152 1055 2191 conscensis
1087 2151 1225 2190 nostris
1253 2150 1484 2196 triremibus,
1505 2148 1612 2200 quod

142 2215 317 2267 proprias
330 2228 447 2254 naves
465 2228 544 2253 non
563 2214 767 2261 haberent,
787 2215 894 2254 socia
911 2215 1115 2253 nobiscum
1135 2227 1242 2252 arma
1255 2213 1483 2265 junxerunt,
1503 2218 1542 2250 et
1561 2211 1612 2249 ad

144 2276 408 2323 Artemisium,
428 2283 468 2315 et
486 2277 536 2315 ad
556 2277 806 2324 Salaminem,
821 2284 862 2315 et
879 2277 929 2315 ad
950 2276 1120 2315 Plataeas
1135 2282 1333 2329 postrema
1351 2286 1485 2326 pugna
1503 2286 1610 2312 com-

143 2339 263 2377 missa
280 2353 370 2377 cum
391 2339 599 2378 Mardonio
619 2340 722 2390 regis
743 2339 857 2385 duce,
877 2339 1076 2378 vobiscum
1096 2346 1135 2377 et
1154 2351 1243 2376 cum
1264 2336 1399 2376 ceteris
1426 2335 1613 2374 libertatis

145 2401 400 2441 assertoribus
428 2401 639 2454 conjuncti,
657 2414 862 2441 commune
876 2403 1036 2447 bonum,
1057 2401 1290 2447 libertatem,
1311 2398 1447 2437 ceteris
1463 2397 1613 2436 Graecis

145 2464 409 2502 restituerunt.
485 2464 670 2503 Ceterum
701 2463 932 2511 Pausanias,
963 2476 1031 2502 rex
1071 2461 1471 2506 Lacedaemoniorum,
1504 2459 1612 2498 vobis

143 2525 328 2565 insultare
341 2527 472 2578 coepit,
491 2539 570 2564 non
585 2532 794 2565 contentus
814 2526 974 2578 imperio
991 2525 1083 2564 solis
1100 2523 1403 2564 Lacedaemoniis
1423 2535 1446 2560 a
1461 2521 1612 2560 Graecis

145 2587 301 2628 delato:
331 2596 370 2628 et
388 2598 522 2628 nostra
542 2590 646 2636 urbs,
675 2603 896 2642 quanquam
917 2589 1066 2628 Graecis
1092 2602 1224 2628 revera
1243 2589 1324 2626 dux
1343 2593 1383 2625 et
1403 2594 1538 2625 auctor
1567 2585 1611 2622 li-

145 2651 304 2690 bertatis
323 2650 466 2699 suerat,
483 2658 614 2690 tamen
634 2651 772 2691 honori
800 2651 1180 2691 Lacedaemoniorum
1208 2664 1287 2689 non
1307 2649 1513 2688 adversata
1538 2655 1612 2694 est,

145 2718 190 2750 ut
216 2726 266 2751 ne
295 2712 335 2751 in
363 2714 555 2753 sociorum
585 2714 770 2753 invidiam
804 2714 1030 2753 incurreret.
1090 2713 1140 2751 Iis
1167 2713 1282 2765 igitur
1309 2712 1424 2749 rebus
1454 2708 1611 2747 inflatus

147 2773 374 2821 Pausanias,
394 2789 462 2815 rex
483 2776 879 2822 Lacedaemoniornm,
900 2775 1092 2828 Delphico
1112 2775 1252 2827 tripodi
1272 2771 1481 2824 inscripsit,
1497 2784 1612 2822 quem

150 2834 295 2882 Graeci,
317 2837 384 2888 qui
414 2837 462 2876 ad
485 2838 654 2877 Plataeas
675 2838 959 2891 depugnarant,
979 2844 1019 2876 et
1043 2837 1180 2876 navale
1210 2837 1260 2874 ad
1294 2834 1490 2874 Salamina
1515 2847 1614 2885 prae-

148 2894 242 2936 lium
275 2898 493 2947 conjunctis
513 2899 656 2938 viribus
684 2900 975 2950 commiserant,
997 2899 1170 2950 Apollini
1189 2900 1226 2937 in
1248 2896 1468 2937 Barbaricae
1493 2895 1615 2935 victo·

149 2957 214 3013 riae
232 2959 510 3001 monimentum
527 2960 782 3001 dedicarunt:
