1948 3306
347 185 421 220 842²
923 187 1222 228 EPISTOLAE.

344 293 544 336 cuperent,
577 294 734 339 propter
763 297 964 342 acceptam
988 291 1139 331 cladem
1174 305 1259 332 esse
1294 293 1480 341 infirmos,
1515 305 1632 344 quam
1662 293 1803 334 adver-

341 346 461 386 sarios
481 348 624 387 viribus
644 350 693 388 ab
719 352 824 389 omni
854 359 964 404 parte
990 353 1195 394 suffultos:
1222 354 1471 395 nihilominus
1503 361 1633 396 tamen
1651 356 1733 407 ipse
1761 355 1803 394 in

341 422 388 447 ea
408 423 495 459 quae
511 412 656 463 populo
673 414 967 453 commodarent
979 416 1227 455 incumbebat
1242 431 1252 462 ;
1283 430 1329 456 ac
1343 424 1480 471 postea
1497 424 1653 456 strenue
1672 417 1802 470 palam

341 478 380 508 et
414 471 570 512 dicebat
597 481 636 513 et
665 477 807 526 agebat
836 490 882 514 ea
915 490 1002 528 quae
1039 480 1342 519 conveniebant:
1386 481 1436 519 ob
1469 493 1556 531 quae
1585 479 1727 526 statim,
1758 486 1804 519 ut

340 545 475 573 omnes
502 544 656 583 norunt,
691 538 742 575 ad.
772 538 1005 589 supplicium
1041 540 1339 592 deposcebatur.
1397 541 1646 594 Scripsissem
1675 540 1803 592 igitur,

340 603 382 632 ut
410 597 597 650 principio
617 600 707 646 dixi,
729 607 767 638 et
785 600 824 637 in
843 599 945 639 illius
964 602 1128 652 gratiam
1145 617 1153 642 z
1184 605 1255 643 sed
1274 611 1404 643 tamen
1435 617 1520 642 cum
1549 610 1588 642 et
1605 603 1715 642 vobis
1734 616 1803 642 ex-

338 657 469 708 pedire
485 668 633 712 putem,
651 668 692 699 ut
710 662 890 700 convicia
905 676 992 712 quae
1013 665 1117 715 apud
1136 672 1287 705 exteros
1307 667 1345 704 in
1371 680 1438 705 vos
1459 666 1641 704 (licuntur
1659 665 1802 711 sciatis,
1842 667 1846 678 ¹

340 721 463 760 multo
491 724 615 774 magis
637 724 687 761 ad
707 724 836 762 literas
863 725 1073 763 mittendas
1104 740 1189 766 sum
1220 727 1417 766 incitatus.
1474 727 1571 766 Peto
1597 734 1741 774 autem,
1759 733 1804 765 ut

337 783 403 834 qui
423 785 601 835 privatim
621 786 674 823 illi
692 786 810 837 iniqui
832 794 936 833 sunt,
957 801 1047 826 vera
1065 795 1106 827 et
1124 802 1236 840 aequa
1255 789 1303 827 de
1320 802 1366 828 eo
1387 789 1520 828 audire
1539 802 1619 827 non
1638 801 1802 840 graven-

337 851 411 883 tur.
470 847 554 885 Nec
574 848 689 894 enim,
711 848 983 897 Athenienses,
1003 850 1182 901 ignorare
1211 851 1374 898 debetis,
1405 850 1677 890 existimationi
1696 851 1803 890 urbis

337 919 386 944 ex
405 907 465 947 his
490 922 577 960 quae
597 910 637 948 in
658 911 741 963 ejus
762 911 903 950 liberos
923 912 1029 952 facta
1048 920 1140 951 sunt
1166 913 1294 952 labem
1315 913 1509 965 adspergi.
1555 913 1680 951 Nemo
1698 913 1802 951 enim

337 968 567 1009 Graecorum
587 972 750 1023 ignorat,
772 986 840 1012 vos
859 974 1002 1013 viventi
1024 975 1208 1028 Lycurgo
1227 989 1401 1015 summos
1415 975 1582 1014 honores
1607 974 1801 1023 habuisse,

334 1043 501 1083 cumque
521 1034 556 1072 ei
575 1034 739 1085 plurima
758 1036 919 1075 crimina
947 1038 995 1075 ab
1026 1038 1110 1090 ejus
1141 1038 1281 1077 invidis
1312 1038 1630 1091 impingerentur,
1650 1037 1801 1077 nullum

333 1107 505 1145 unquam
545 1109 677 1135 verum
700 1098 1017 1150 deprehendisse,
1049 1107 1198 1139 tantam
1230 1107 1358 1140 autem
1392 1100 1510 1139 fidem
1543 1099 1729 1138 habuisse
1763 1106 1803 1138 et

332 1171 412 1209 prae
435 1159 612 1198 omnibus
633 1161 857 1213 popularem
879 1162 1090 1214 judicasse,
1111 1170 1155 1202 ut
1187 1164 1235 1202 de
1266 1163 1396 1202 multis
1416 1163 1544 1202 causis
1573 1175 1594 1200 e
1622 1161 1705 1200 sola
1726 1162 1801 1214 Ly-

333 1222 445 1273 curgi
463 1221 715 1261 affirmatione
745 1225 975 1263 sententiam
1008 1225 1171 1274 ferretis,
1191 1239 1316 1276 eaque
1336 1225 1443 1264 vobis
1476 1224 1568 1262 satis
1600 1231 1726 1262 esset:
1758 1223 1800 1262 id

332 1285 436 1335 quod
458 1285 612 1323 minime
631 1285 838 1333 fecissetis,
858 1286 931 1324 nisi
950 1287 1059 1326 vobis
1078 1288 1184 1327 visus
1211 1288 1352 1326 fuisset
1378 1286 1495 1324 horno
1514 1285 1797 1337 integerrimus.

331 1346 448 1385 Nunc
482 1347 596 1398 igitur
625 1361 772 1394 omnes,
797 1348 862 1399 qui
882 1349 981 1388 filios
1002 1350 1084 1401 ejus
1103 1351 1141 1387 in
1162 1349 1325 1388 vinculis
1356 1362 1445 1388 esse
1467 1348 1643 1394 audiunt,
1673 1355 1712 1386 et
1731 1348 1798 1387 de-

330 1407 506 1447 functum
526 1409 771 1456 miserantur,
791 1417 830 1448 et
847 1410 1054 1449 liberorum
1079 1411 1160 1462 ejus
1180 1418 1224 1448 ut
1243 1424 1331 1449 cum
1351 1410 1490 1461 quibus
1510 1409 1641 1460 inique
1659 1416 1801 1461 agatur

333 1469 454 1508 vicem
476 1471 624 1516 dolent,
644 1462 713 1509 vos
733 1484 824 1509 vero
845 1479 922 1510 tam
943 1473 1083 1511 acerbe
1104 1473 1359 1520 insectantur,
1381 1479 1420 1510 ut
1442 1484 1517 1523 ego
1537 1471 1703 1510 scribere
1723 1485 1802 1511 non

334 1533 459 1571 ausim
476 1546 484 1571 ε
515 1547 603 1571 nam
619 1547 665 1571 ea
680 1547 769 1585 quae
790 1534 930 1573 invitus
946 1534 1062 1573 audio
1082 1542 1121 1574 et
1133 1543 1289 1587 propter
1304 1548 1372 1574 vos
1393 1533 1661 1573 defendendos
1676 1547 1800 1585 quan-

330 1602 413 1633 tum
434 1609 595 1647 possum
614 1596 756 1642 refuto,
778 1603 940 1634 eatenus
962 1603 1006 1634 ut
1024 1597 1134 1635 vobis
1164 1597 1332 1635 indicem
1350 1596 1493 1634 multos
1513 1608 1598 1634 esse
1617 1608 1639 1634 a
1658 1595 1799 1646 quibus

330 1658 678 1709 reprehendamini,
701 1659 807 1710 quod
829 1658 928 1697 scitu
948 1659 1056 1698 vobis
1083 1673 1171 1698 esse
1190 1659 1299 1698 utilia
1306 1658 1546 1711 judicabam,
1567 1657 1716 1709 scripsi,
1735 1671 1800 1697 ac-

329 1728 463 1758 curate
485 1727 613 1758 autem
635 1721 850 1760 edisserere
876 1722 1080 1761 molestum
1094 1722 1244 1774 judico.
1305 1722 1405 1766 Quae
1420 1733 1511 1761 vero
1527 1720 1609 1759 sine
1625 1721 1799 1759 convicio

329 1795 352 1820 a
384 1783 615 1833 quibusdam
640 1783 833 1831 dicuntur,
854 1790 893 1822 et
923 1784 1058 1822 auditu
1092 1784 1174 1823 fore
1201 1784 1312 1822 utilia
1341 1782 1450 1822 vobis
1480 1783 1655 1829 arbitror,
1678 1783 1798 1835 signi-

326 1843 465 1882 ficabo.
525 1844 651 1883 Nemo
688 1858 758 1883 vos
792 1859 861 1896 per
890 1859 1055 1884 errorem
1091 1853 1129 1884 et
1159 1845 1401 1897 ignoratione
1437 1845 1516 1883 veri
1541 1844 1595 1882 ita
1628 1844 1677 1883 de
1710 1844 1796 1896 ipso

329 1905 507 1958 Lycurgo
527 1913 696 1945 statuere
717 1907 928 1946 existimat.
969 1908 1070 1945 Nam
1090 1914 1129 1946 et
1147 1908 1308 1959 longum
1323 1906 1504 1959 temporis
1521 1905 1703 1957 spatium,
1719 1919 1797 1958 quo

328 1968 552 2019 exploratus
573 1968 665 2006 nihil
693 1982 864 2020 unquam
885 1977 1020 2008 contra
1039 1982 1105 2008 vos
1126 1969 1187 2007 vel
1206 1968 1377 2020 cogitare
1396 1967 1456 2006 vel
1476 1980 1593 2018 agere
1611 1966 1799 2020 injustum

328 2030 596 2082 deprehensus
616 2038 688 2077 est,
709 2038 748 2070 et
768 2031 861 2070 illud
891 2032 997 2084 quod
1017 2031 1236 2070 mortalium
1267 2043 1382 2069 nemo
1406 2030 1496 2068 ullis
1516 2028 1602 2068 aliis
1621 2030 1661 2068 in
1681 2030 1797 2068 rebus

327 2105 398 2131 vos
444 2093 614 2145 stuporis
653 2094 794 2145 arguit,
817 2095 954 2133 merito
985 2095 1098 2133 istam
1130 2093 1232 2132 tollit
1262 2092 1493 2145 ignorantiae
1522 2091 1796 2144 suspicionem.

328 2154 469 2193 Restat
503 2154 632 2207 igitur,
653 2156 760 2207 quod
792 2169 927 2194 omnes
961 2156 1067 2194 haud
1100 2155 1203 2208 frugi
1228 2154 1427 2194 hominum
1460 2166 1544 2192 esse
1573 2152 1719 2200 dicant,
1751 2160 1796 2192 ut

326 2217 511 2268 tantisper
531 2217 720 2269 cujusque
739 2231 885 2264 curam,
907 2218 1000 2256 dum
1020 2218 1103 2270 ejus
1123 2217 1234 2256 vobis
1248 2230 1340 2256 usus
1354 2223 1427 2263 est,
1441 2228 1557 2268 agere
1571 2215 1793 2262 videamini,

326 2286 415 2329 post
434 2279 581 2317 nullam
606 2280 793 2318 rationem
817 2281 1007 2319 habeatis.
1076 2281 1206 2325 Quam
1231 2279 1332 2319 enim
1363 2279 1478 2318 aliam
1503 2291 1574 2317 vos
1607 2278 1794 2317 defuncto

325 2340 488 2390 gratiam
519 2340 709 2379 relaturos
743 2350 1049 2382 consentaneum
1070 2348 1144 2390 est,
1171 2355 1257 2381 cum
1275 2342 1359 2394 ejus
1379 2341 1522 2380 liberos
1539 2348 1580 2380 et
1597 2340 1794 2380 existima-

322 2400 466 2438 tionem
491 2400 582 2438 laedi
606 2402 818 2449 videamus,
839 2416 928 2455 quae
947 2404 1044 2449 sola,
1060 2410 1104 2441 ut
1123 2403 1161 2441 in
1190 2410 1276 2442 tuto
1296 2403 1548 2449 collocentur,
1566 2402 1681 2441 etiam
1710 2415 1793 2441 mo-

321 2461 508 2502 rientibus
528 2463 708 2514 omnibus
728 2477 830 2503 eurae
856 2465 973 2504 sunt?
1001 2466 1090 2504 Jam
1117 2478 1190 2504 nec
1210 2465 1306 2504 illud
1325 2466 1516 2504 bonorum
1543 2466 1711 2503 virorum
1732 2471 1794 2502 est

321 2533 364 2563 ut
382 2527 456 2565 ista
475 2527 650 2578 pecuniae
671 2528 795 2578 gratia
812 2527 939 2566 facere
951 2528 1154 2567 videantur
1170 2542 1179 2567 ε
1209 2529 1248 2568 id
1264 2529 1369 2582 quod
1388 2542 1515 2580 neque
1533 2527 1793 2580 magnitudini

322 2589 438 2626 animi
457 2594 609 2635 vestrae,
630 2602 702 2627 nee
722 2589 869 2640 reliquo
885 2590 974 2628 vitae
994 2590 1169 2628 instituto
1190 2603 1405 2642 congruere
1423 2589 1637 2643 apparebit.
1688 2589 1789 2628 Nam

323 2649 354 2687 si
375 2650 483 2688 vobis
502 2651 555 2688 illi
577 2651 673 2689 tanti
695 2653 742 2690 ab
764 2652 846 2690 aliis
867 2652 1080 2691 redimendi
1100 2660 1243 2700 essent,
1263 2666 1283 2691 e
1311 2662 1439 2692 vestro
1458 2652 1592 2692 aerario
1612 2651 1790 2703 deprom-

320 2718 390 2763 pta
422 2713 599 2763 pecunia,
620 2713 659 2751 id
685 2726 754 2752 vos
789 2727 923 2753 omnes
956 2714 1097 2766 cupide
1130 2714 1303 2753 facturos
1329 2714 1614 2753 existimarem:
1661 2713 1710 2752 de
1741 2726 1788 2751 eo

323 2786 426 2821 vero,
446 2775 551 2826 quod
572 2778 638 2826 per
659 2775 892 2814 calumniam
913 2783 953 2814 et
971 2790 1017 2814 ex
1040 2776 1184 2815 invidia
1198 2777 1344 2815 factum
1365 2777 1426 2822 sit,
1453 2789 1531 2816 non
1547 2777 1674 2815 habeo
1693 2775 1788 2826 quid

321 2842 503 2882 statuam,
527 2837 598 2875 nisi
628 2851 786 2889 prorsus
808 2839 946 2877 acerbe
965 2839 1146 2878 insectari
1166 2846 1206 2877 et
1235 2840 1460 2891 proturbare
1490 2838 1700 2891 populares
1718 2837 1788 2875 ho-

319 2899 441 2936 mines
461 2899 690 2938 instituistis.
723 2901 839 2945 Quod
860 2901 891 2938 si
915 2901 967 2939 ita
986 2909 1058 2949 est,
1080 2914 1207 2952 neque
1227 2908 1332 2940 recte
1354 2915 1480 2952 neque
1501 2901 1645 2940 utiliter
1657 2900 1785 2939 facere

1926 2497 1948 2611 --..“...
1931 2355 1948 2479 ...μ-,ῤ’
1934 2183 1948 2236 *fr
