1998 3306
360 207 437 245 586
605 203 894 242 ADVERSUS
931 201 1181 241 BOEOTUM
1222 201 1297 240 DE
1330 201 1573 241 NOMINE.

728 395 1073 435 RESORTITIO.
1130 396 1459 435 ACCUSATIO.

418 493 477 528 15.
508 491 625 535 Quod
646 491 677 530 si
697 491 772 530 iste
792 483 922 543 legem*
945 491 1156 529 ostendere
1177 492 1328 542 poterit,
1347 505 1436 542 quae
1464 490 1553 529 filiis
1574 503 1733 529 suorum
1758 504 1827 529 no-

360 553 504 590 minum
526 560 761 604 potestatem
791 554 872 598 dat,
895 553 935 592 id
967 553 1072 604 quod
1102 553 1175 592 iste
1203 567 1308 592 nunc
1338 554 1446 601 dicit,
1466 559 1572 592 recte
1598 553 1828 604 comproba—

356 615 459 654 bitis.
514 615 582 653 Sin
604 616 681 665 lex,
701 628 817 666 quam
838 628 972 654 omnes
995 615 1118 653 nostis
1141 628 1254 667 aeque
1285 628 1453 662 mecum,
1473 615 1513 653 in
1548 620 1730 667 parentes
1760 627 1830 653 au-
1883 648 1888 658 ,

357 677 576 716 ctoritatem
605 677 756 715 confert
773 689 851 715 non
867 678 985 715 modo
1005 677 1228 729 imponendi
1249 677 1429 724 nominis,
1450 677 1520 716 sed
1537 685 1577 716 et
1596 689 1729 716 rursus
1760 676 1830 714 de-

356 739 475 786 lendi,
496 740 527 777 si
546 739 751 785 voluerint,
780 746 819 777 et
853 739 1081 782 abdicandi;
1113 752 1267 790 egoque
1288 739 1443 777 ostendi
1462 745 1627 790 patrem,
1649 738 1712 777 cui
1740 738 1829 789 lege

356 807 530 853 potestas
552 814 599 839 ea
617 801 795 846 dabatur,
817 801 879 839 isti
901 801 1040 848 Boeoti,
1057 801 1149 840 mihi
1169 814 1259 839 vero
1282 801 1493 839 Mantithei
1513 801 1652 840 fecisse
1672 812 1831 846 nomen,

355 863 421 912 qui
440 875 506 900 vos
526 863 689 913 potestis
716 863 804 909 alia,
824 876 940 914 quam
956 877 1044 914 quae
1062 876 1136 914 ego
1163 863 1264 910 dico,
1289 863 1579 914 pronunciare?
1631 862 1831 901 Praeterea

357 937 521 974 quarum
542 938 668 962 rerum
689 925 809 963 nullae
830 932 983 963 exstent
1002 925 1122 976 leges,
1145 925 1193 963 de
1214 925 1258 962 iis
1277 937 1346 963 vos
1365 938 1412 963 ex
1433 938 1547 976 aequo
1567 931 1607 963 et
1622 925 1728 963 bono
1748 923 1830 962 suf-

356 986 481 1036 fragia
512 986 658 1024 laturos
677 986 853 1034 jurastis.
913 986 1096 1032 Proinde,
1116 986 1147 1023 si
1167 985 1276 1023 nulla
1299 992 1403 1024 esset
1427 985 1504 1024 hac
1523 986 1572 1024 de
1592 999 1632 1024 re
1651 986 1733 1024 lata
1749 986 1827 1032 lex,

356 1047 574 1085 etiam-tum
591 1047 680 1098 jure
700 1060 769 1098 pro
790 1060 851 1084 me
872 1047 1106 1086 sententiam
1123 1046 1286 1085 ferretis.
1331 1047 1429 1090 Quis
1445 1047 1548 1085 enim
1567 1053 1740 1086 vestrum
1756 1053 1830 1095 est,

357 1108 423 1158 qui
443 1108 598 1146 duobus
626 1107 713 1146 filiis
741 1108 844 1147 idem
867 1121 1010 1146 nomen
1031 1107 1285 1160 imposuerit?
1327 1107 1426 1153 Quis
1445 1122 1548 1155 vero,
1569 1109 1634 1148 cui
1651 1108 1827 1148 nondum

357 1171 467 1210 liberi
488 1171 815 1223 sunt‚‘imponet‘?
853 1172 982 1211 Nemo
1001 1173 1191 1223 profecto.
1251 1171 1369 1216 Quod
1401 1171 1517 1223 igitur
1544 1172 1649 1225 apud
1668 1185 1740 1211 vos
1759 1185 1826 1210 ve-

359 1234 446 1271 stris
464 1233 592 1272 liberis
615 1246 701 1272 esse
721 1247 877 1285 aequum
907 1234 1090 1281 statuitis,
1112 1233 1215 1272 idern
1234 1233 1351 1272 etiam
1371 1234 1421 1273 de
1442 1235 1551 1273 nobis
1571 1234 1827 1287 pronunciare

357 1295 474 1333 suerit
496 1295 731 1346 religiosum.
790 1297 936 1341 Quare,
966 1310 1015 1335 ex
1041 1309 1154 1346 aequo
1176 1302 1216 1334 et
1234 1296 1353 1343 bono,
1377 1309 1425 1334 ex
1454 1296 1621 1348 legibus,
1642 1310 1663 1334 e
1678 1296 1826 1348 jureju-

358 1356 493 1404 rand0,
514 1371 561 1395 ex
590 1357 701 1407 istius
729 1358 848 1410 ipsius
868 1358 1126 1405 confessione,
1147 1370 1221 1409 ego
1240 1357 1396 1409 quidem
1422 1371 1536 1408 aequa
1566 1372 1589 1396 a
1615 1358 1725 1397 vobis
1745 1370 1828 1405 oro,

360 1425 399 1457 et
411 1418 521 1470 justa
538 1426 653 1471 peto:
673 1419 747 1459 iste
767 1433 857 1460 vero
882 1433 961 1459 non
979 1419 1109 1460 solum
1126 1432 1204 1458 non
1224 1432 1351 1470 aequa,
1374 1420 1444 1459 sed
1464 1420 1580 1460 etiam
1599 1419 1798 1459 inusitata.
