1998 3306
387 215 463 252 584
839 213 1128 251 ADVERSUS
1161 213 1401 251 BOEOTUM

391 315 571 353 Boeotum
599 322 708 366 roget
737 314 889 366 aliquis,
911 329 998 354 cum
1024 317 1061 353 in
1085 315 1403 367 Hippothoontiae
1425 316 1544 354 tribus
1565 322 1704 354 coetum
1727 328 1767 354 se
1788 315 1846 352 in-

389 383 550 427 gereret,
571 383 609 415 et
629 377 801 415 nondum
821 391 861 416 se
882 379 957 416 mei
983 379 1100 428 patris
1127 377 1274 416 diceret
1293 391 1377 417 esse
1397 377 1532 425 filium,
1552 378 1748 430 quodnam
1777 390 1846 416 no-

387 451 475 476 men
494 437 659 490 teipsum
677 452 765 477 vere
785 439 969 478 habuisse
989 439 1215 477 affirmaris?
1257 440 1375 483 Quod
1397 440 1428 478 si
1448 439 1656 478 Mantithei
1677 439 1746 478 tibi
1774 451 1845 477 no-

386 513 475 537 men
505 500 698 552 placebat,
729 514 805 539 non
835 509 1038 553 propterea
1059 502 1232 553 profecto
1252 502 1399 553 placuit
1415 501 1521 552 quod
1541 515 1648 540 esses
1668 513 1728 539 me
1753 506 1848 546 natu

385 562 580 614 grandior.
639 563 739 601 Nam
773 565 838 614 qui
873 571 954 601 turn
986 576 1036 601 ne
1070 564 1208 602 tribum
1230 564 1386 614 quidem
1411 577 1537 602 meam
1557 563 1607 601 ad
1626 570 1664 601 te
1684 561 1847 602 attinere
1899 571 1903 580 ยน

384 626 563 675 putabas,
583 637 658 676 quo
677 633 793 676 pacto
813 639 927 664 avum
947 626 1015 664 tibi
1041 639 1168 664 meum
1193 626 1390 664 vindicare
1419 625 1606 677 potuisti?
1652 624 1847 662 Praeterea
1891 659 1897 670 ,

383 693 567 733 vestrum,
593 687 869 735 Athenienses,
900 701 1104 727 numerum
1134 701 1323 727 annorum
1353 688 1459 726 novit
1491 700 1619 734 nemo,
1641 699 1716 737 ego
1743 685 1846 724 enim

381 748 487 795 mihi,
507 747 580 787 iste
600 749 670 787 sibi
690 750 820 801 plures
841 763 928 788 esse
948 750 1073 788 dicet:
1093 749 1163 788 sed
1182 750 1369 788 rationem
1383 749 1545 801 justitiae
1558 750 1681 787 nostis
1695 760 1845 786 omnes.

384 808 445 847 Ea
462 821 554 847 vero
573 823 660 860 quae
682 810 771 848 est?
805 810 862 847 Ex
892 824 970 861 quo
994 803 1169 862 tempore
1200 819 1310 863 pater
1344 811 1439 849 istos
1474 810 1689 862 adoptavit,
1721 809 1771 846 ab
1798 820 1845 845 eo

380 870 496 908 etiam
516 871 614 910 filios
633 871 839 910 existimari
865 873 969 924 prius
989 880 1119 911 autem
1144 886 1204 911 me
1225 873 1325 924 apud
1347 872 1563 923 municipes
1584 870 1845 909 Mantitheum

379 933 585 986 inscripsit,
607 948 723 986 quam
743 935 858 973 istum
878 935 928 973 ad
949 936 1110 974 curiales
1129 936 1403 974 introduceret.
1460 936 1592 979 Quare
1619 946 1698 971 non
1730 938 1845 970 aetate

379 1001 545 1042 tantum,
567 996 635 1034 sed
658 997 744 1046 jure
773 997 889 1035 etiam
915 1010 987 1046 ego
1018 1011 1161 1036 nomen
1185 998 1259 1035 hoc
1292 998 1561 1047 praerogativae
1593 996 1681 1034 loco
1708 995 1845 1033 merito

377 1056 563 1095 habuero.
611 1057 724 1095 Esto.

436 1119 496 1155 ll.
512 1118 629 1161 Quod
651 1119 682 1156 si
703 1119 790 1170 quis
810 1126 849 1157 te
867 1125 990 1171 roget,
1006 1119 1068 1158 dic
1088 1119 1196 1165 mihi,
1215 1119 1364 1165 Boeote,
1380 1119 1444 1171 qui
1467 1119 1625 1157 nuncin
1645 1119 1841 1157 Acaman-

375 1180 467 1218 tiam
502 1179 642 1217 tribum
678 1180 891 1215 translatus
927 1194 984 1224 es,
1019 1187 1059 1215 et
1092 1181 1339 1229 municipium
1375 1181 1612 1224 Thoricium,
1643 1186 1684 1216 et
1715 1180 1843 1217 factus

376 1241 542 1278 Mantiae
561 1239 676 1286 filius,
696 1246 734 1277 et
751 1239 967 1289 portionem
982 1238 1126 1276 relictae
1142 1240 1190 1277 ab
1211 1239 1276 1276 illo
1296 1239 1533 1277 haereditatis
1549 1239 1698 1278 habes?
1735 1240 1843 1278 Nihil

375 1302 482 1340 aliud
501 1300 735 1352 respondere
755 1313 892 1351 queas,
914 1300 988 1338 nisi
1009 1299 1158 1353 hoc,*et
1178 1313 1240 1338 me
1260 1300 1352 1338 dum
1373 1301 1520 1338 viveret
1541 1300 1716 1338 Mantias
1747 1302 1843 1339 ado-

374 1362 510 1415 ptavit.
567 1362 684 1405 Quod
705 1364 991 1413 argumentum,
1012 1363 1044 1400 si
1064 1362 1151 1412 quis
1173 1368 1213 1400 te
1234 1368 1356 1413 roget,
1379 1368 1446 1399 aut
1465 1362 1731 1400 testimonium
1759 1363 1843 1415 ejus

373 1424 426 1463 rei
455 1424 523 1462 tibi
547 1423 629 1462 est?
671 1424 734 1462 Ad
754 1424 919 1462 curiales
941 1436 1003 1461 me
1040 1423 1267 1471 introduxit,
1288 1423 1409 1462 dices.
1468 1424 1558 1468 Quo
1578 1424 1696 1476 igitur
1713 1431 1752 1462 te
1772 1438 1842 1463 no-

374 1487 475 1525 mine
495 1486 703 1538 inscripsit,
724 1486 755 1524 si
778 1486 864 1537 quis
885 1485 1023 1537 roget?
1053 1486 1178 1524 Boeoti
1207 1486 1484 1537 respondebis:
1512 1498 1559 1524 eo
1587 1486 1690 1524 enim
1719 1486 1841 1525 intro-

372 1549 515 1587 ductus
544 1562 598 1587 es.
656 1547 835 1599 Iniquum
866 1548 984 1598 igitur
1016 1554 1088 1593 est,
1109 1554 1161 1595 te,
1181 1547 1246 1599 qui
1272 1547 1427 1586 civitate
1463 1554 1501 1586 et
1520 1547 1678 1585 'relictis
1712 1549 1760 1586 ab
1793 1561 1841 1589 eo

369 1613 482 1651 bonis
502 1619 657 1664 propter
675 1611 780 1649 istud
800 1623 941 1648 nornen
961 1610 1114 1655 fruaris,
1131 1623 1178 1649 eo
1194 1610 1397 1662 repudiato
1413 1610 1518 1648 aliud
1537 1609 1605 1648 tibi
1621 1610 1842 1649 adsciscere

371 1675 540 1712 studere.
598 1674 698 1724 Age,
719 1673 750 1711 si
778 1679 888 1724 pater
916 1672 1006 1710 vitae
1038 1672 1258 1717 restitutus,
1286 1678 1354 1710 aut
1383 1684 1430 1710 eo
1460 1678 1498 1710 te
1529 1685 1607 1722 quo
1641 1672 1842 1724 adoptavit

371 1736 528 1774 nomine
553 1741 779 1774 contentum
813 1746 913 1781 esse,
941 1740 1010 1772 aut
1040 1733 1157 1772 alium
1182 1733 1251 1771 tibi
1286 1739 1433 1785 patrem
1465 1746 1640 1784 quaerere
1665 1734 1838 1786 juberet,

373 1811 502 1837 nonne
522 1811 676 1848 aequum
695 1796 894 1849 postulare
913 1794 1132 1834 videretur?
1172 1794 1323 1832 Eadem
1350 1794 1467 1845 igitur
1491 1794 1557 1833 illa
1577 1808 1650 1846 ego
1671 1809 1694 1833 a
1712 1802 1750 1833 te
1769 1808 1840 1847 po-

370 1860 487 1907 stulo,
503 1866 547 1898 ut
562 1866 629 1897 aut
648 1857 803 1897 alterius
823 1870 906 1896 esse
926 1857 1045 1908 patris
1066 1864 1104 1895 te
1124 1856 1352 1907 profitearis,
1369 1863 1438 1894 aut
1452 1856 1491 1894 id
1506 1869 1649 1894 nomen
1669 1857 1838 1897 retineas

371 1921 477 1973 quod
508 1921 572 1960 ille
600 1920 669 1958 tibi
696 1919 816 1957 dedit.
875 1919 932 1956 At
951 1919 1135 1964 Hercule,
1157 1917 1392 1956 contumelia
1410 1917 1580 1969 quadam
1606 1925 1645 1956 et
1667 1918 1837 1957 insecta-

370 1984 473 2022 tione
492 1983 531 2021 id
551 1983 620 2021 tibi
639 1983 786 2021 factum
806 1988 879 2020 est.
911 1981 992 2019 Sed
1013 1993 1127 2032 saepe,
1148 1993 1236 2019 cum
1258 1986 1368 2032 pater
1387 1980 1480 2018 istos
1500 1979 1685 2032 adoptare
1701 1980 1836 2027 nollet,

369 2046 553 2084 dicebant
572 2044 648 2091 isti,
668 2044 798 2082 matris
819 2055 899 2081 suae
920 2049 1109 2093 cognatos
1129 2042 1248 2079 nihilo
1269 2054 1355 2080 esse
1379 2041 1588 2080 deteriores
1613 2042 1733 2093 patris
1760 2043 1836 2080 mei

369 2108 569 2159 cognatis3
600 2107 761 2144 Boeotus
788 2111 917 2143 autem
949 2117 1090 2142 nomen
1111 2111 1172 2142 est
1197 2103 1392 2142 avunculo
1410 2103 1549 2142 istius:
1581 2110 1837 2154 posteaquam

369 2169 486 2221 igitur
509 2175 622 2221 pater
650 2167 894 2206 introducere
923 2165 1018 2202 istos
1045 2167 1271 2216 cogebatur,
1293 2179 1383 2203 cum
1411 2178 1485 2216 ego
1513 2171 1603 2204 ante
1629 2165 1837 2203 Mantithei

369 2233 525 2270 nomine
545 2231 790 2270 introductus
811 2240 950 2272 essem,
972 2226 1027 2264 sie
1048 2226 1163 2264 istum
1186 2226 1326 2272 Boeoti,
1347 2226 1503 2264 fratrem
1533 2226 1616 2276 ejus
1643 2226 1835 2278 Pamphili

370 2295 527 2332 nomine
545 2291 768 2331 introducit.
798 2291 857 2327 Tu
877 2301 968 2328 vero
989 2288 1153 2326 ostende
1173 2301 1408 2339 quemquam
1431 2287 1745 2335 Atheniensium,
1767 2289 1834 2339 qui

370 2356 522 2395 duobus
554 2355 631 2395 suis
660 2354 748 2393 filiis
776 2353 879 2392 idem
906 2365 1046 2391 nomen
1066 2351 1304 2403 imposuerit,
1327 2349 1433 2402 quod
1455 2349 1487 2387 si
1506 2348 1738 2396 ostenderis,
1758 2362 1833 2400 ego

367 2419 580 2458 concedam
619 2425 769 2469 patrem
802 2415 904 2454 istud
937 2415 1006 2453 tibi
1045 2426 1187 2452 nomen
1222 2426 1289 2464 per
1323 2417 1590 2463 contemptum
1628 2411 1833 2450 indidisse.

370 2484 604 2533 Quanquam
627 2481 658 2518 si
677 2479 765 2517 talis
787 2492 883 2524 eras,
904 2485 948 2515 ut
966 2477 1142 2528 adoptari
1162 2483 1198 2513 te
1218 2488 1392 2527 cogeres,
1413 2487 1492 2526 quo
1512 2481 1642 2513 autem
1660 2480 1777 2525 pacto
1797 2474 1830 2512 ei

367 2544 544 2596 placeres
578 2554 656 2580 non
686 2541 890 2592 cogitares,
926 2540 1061 2591 ignoro
1094 2537 1247 2589 qualern
1277 2544 1454 2590 oporteat
1483 2549 1569 2575 esse
1603 2549 1831 2588 germanum

368 2606 490 2644 filium
511 2616 604 2656 erga
622 2609 823 2655 parentes:
854 2602 960 2653 quod
994 2602 1025 2639 si
1058 2612 1266 2651 germanus
1285 2612 1362 2637 non
1382 2612 1482 2644 eras,
1504 2612 1582 2637 non
1613 2598 1730 2637 modo
1742 2598 1831 2649 jure

367 2672 615 2718 contemptus
631 2678 749 2711 esses,
767 2664 837 2703 sed
853 2665 968 2702 etiarn
988 2662 1180 2714 periisses.
1211 2661 1363 2712 Alioqui
1384 2667 1491 2700 esset
1508 2661 1725 2711 indignum,
1739 2672 1830 2697 cum

366 2729 475 2780 leges
491 2728 540 2766 de
562 2726 782 2779 parentibus
802 2726 892 2765 latae
907 2725 945 2763 in
967 2725 1064 2762 filios
1085 2737 1108 2762 a
1122 2730 1230 2775 patre
1251 2723 1403 2774 agnitos
1422 2722 1590 2770 valeant,
1611 2721 1770 2760 easdem
1789 2720 1828 2759 in

367 2803 434 2828 eos
450 2791 514 2841 qui
530 2790 670 2829 invitos
691 2789 740 2828 ad
759 2801 799 2827 se
819 2787 1064 2838 adoptandos
1087 2792 1234 2836 cogunt
1251 2798 1329 2823 non
1348 2785 1490 2823 valere.

425 2854 487 2892 12.
510 2853 603 2900 Sed,
617 2866 640 2891 o
655 2849 926 2890 molestissime
941 2849 1091 2895 Boeoteโ
1106 2847 1289 2899 imprimis
1311 2847 1359 2885 ab
1379 2846 1558 2884 omnibus
1573 2858 1660 2896 quae
1676 2844 1828 2883 factitas

368 2914 572 2953 desistito:
611 2914 717 2965 quod
747 2912 780 2951 si
798 2911 965 2952 โomnino
992 2924 1070 2948 non
1091 2910 1161 2956 vis,
1180 2910 1219 2947 in
1248 2922 1296 2947 eo
1324 2908 1477 2955 saltem,
1496 2908 1658 2945 obsecro
1689 2912 1740 2951 te,
1759 2905 1828 2943 ob-

367 2982 592 3027 temperato.
652 2974 798 3013 Desine
836 2973 904 3012 tibi
940 2973 1012 3025 ipsi
1033 2973 1220 3012 facessere
1248 2970 1461 3022 negotium,
1481 2968 1613 3007 desine
1639 2979 1700 3006 me
1719 2966 1828 3006 calu-
