1915 3356
643 196 865 238 CONTRA
895 196 1161 237 NEAERAM.
1540 198 1617 234 775

222 304 283 342 14.
304 303 338 341 Α
359 302 577 355 Phrynione
597 303 711 354 igitur
730 309 890 342 vocatus
908 301 946 338 in
956 300 1162 352 judicium,
1179 300 1227 337 ob
1249 299 1427 339 Neaeram
1446 301 1486 338 in
1505 299 1619 338 liber-

161 371 283 403 tatem
311 370 511 411 assertam,
530 370 569 402 et
587 365 636 402 ob
662 376 722 409 ea,
736 376 824 413 quae
852 363 928 400 ista
961 362 1078 399 domo
1104 361 1186 411 ejus
1205 374 1363 412 egressa
1383 361 1619 409 abstulisset,

162 418 341 478 excepta,
362 425 581 465 convocatis
601 426 654 464 eis
678 423 882 462 familiares
909 434 1149 473 persuasere,
1170 429 1215 460 ut
1234 423 1306 460 sibi
1326 425 1523 463 arbitrium
1554 424 1622 463 de·-

163 488 319 527 ferrent.
396 488 458 525 Ac
493 499 562 538 pro
592 484 816 536 Phrynione
854 483 955 521 sedit
985 483 1126 521 arbiter
1161 483 1323 535 Satyrus
1355 485 1621 536 Alopecensis‚

161 549 278 589 frater
297 547 592 593 Lacedaemonii,
611 559 680 598 pro
697 545 898 596 Stephano
919 545 1074 582 Sabrias
1088 544 1330 596 Lamprensis
1347 558 1356 583 ε
1376 559 1622 586 communem

163 617 293 650 autem
316 611 388 650 sibi
413 610 636 649 adsciscunt
655 607 905 658 Diogitonem
923 606 1229 645 Acharnensem.
1288 607 1340 644 Hi
1363 609 1563 659 congressi
1582 609 1622 646 in

111 675 113 683 '
161 672 322 725 templo,
341 672 474 711 audita
497 685 538 709 re
563 682 610 709 ex
638 676 805 721 utroque
826 675 867 708 et
895 682 945 708 ex
964 668 1051 721 ipsa
1075 669 1249 716 muliere,
1271 669 1505 707 sententiam
1525 670 1623 708 tule-

161 742 266 787 runt,
285 747 448 785 eamque
478 733 534 771 illi
561 740 686 772 ratam
711 732 951 771 habuerunt:
980 731 1180 771 mulierem
1206 745 1290 771 esse
1312 732 1486 777 liberam,
1507 739 1546 771 et
1565 733 1624 771 sui

154 797 268 848 juris.
324 797 424 841 Quae
449 808 540 834 vero
575 807 599 833 a
629 793 852 847 Phrynione
884 807 1041 846 egressa
1068 795 1200 833 secum
1234 793 1453 842 extulisset,
1484 801 1625 846 praeter

160 864 322 906 vestem,
341 870 490 904 aurum,
510 864 550 895 et
582 857 758 904 ancillas,
779 870 868 908 quae
887 856 1038 895 mulieri
1071 863 1203 908 empta
1234 863 1381 902 essent,
1413 856 1624 910 Phrynioni

159 921 362 960 reddenda
381 933 466 960 esse
484 919 637 958 omnia:
667 920 819 971 copiam
839 932 929 958 vero
948 920 1007 958 sui
1027 919 1154 958 facere
1175 918 1318 957 debere
1336 919 1490 970 utrique
1511 919 1625 958 alter-

159 983 221 1023 nis
252 983 411 1023 diebus:
446 983 506 1021 sin
526 982 636 1021 aliter
661 982 759 1020 inter
787 995 855 1021 eos
883 981 1119 1029 conveniret,
1138 981 1180 1020 id
1200 994 1354 1032 quoque
1383 988 1509 1020 ratum
1538 994 1627 1021 esse
1668 1016 1679 1025 ,

159 1054 361 1098 oportere:
400 1046 546 1084 victum
581 1052 710 1085 autem
730 1045 879 1084 mulieri
914 1046 1041 1095 abAeo
1074 1044 1418 1097 suppeditandum,
1443 1045 1508 1096 qui
1540 1057 1626 1083 eam

159 1121 313 1160 quoque
332 1115 504 1160 tempore
524 1108 707 1147 haberet:
738 1121 783 1146 ac
803 1107 852 1146 de
882 1114 1011 1146 cetero
1036 1108 1136 1146 inter
1155 1120 1196 1146 se
1215 1106 1425 1146 amicitiam
1443 1107 1500 1145 uti
1519 1107 1624 1145 cole-

160 1176 260 1218 rent,
279 1170 432 1222 abjecta
449 1170 635 1209 memoria
653 1169 888 1222 injuriarum.
946 1170 1116 1210 Decreta
1134 1169 1249 1221 igitur
1267 1170 1315 1208 ab
1331 1168 1482 1207 arbitris
1500 1168 1624 1221 Phry-

160 1231 265 1270 nioni
284 1238 324 1270 et
343 1230 543 1283 Stephano
563 1231 610 1270 de
626 1231 768 1269 Neaera
785 1233 862 1270 ista
879 1231 1154 1277 reconciliatio,
1174 1230 1262 1269 haec
1280 1237 1354 1270 est.
1411 1230 1511 1275 Quae
1536 1243 1625 1270 vere

159 1306 184 1332 a
202 1306 265 1332 me
281 1292 360 1331 dici
377 1293 435 1331 uti
459 1300 627 1341 constet,
645 1293 786 1332 horum
813 1293 921 1332 vobis
942 1293 1206 1332 testimonium
1225 1292 1459 1331 recitabitur.
1516 1293 1626 1332 Voca

153 1356 253 1395 vmihi
284 1357 467 1409 Satyrum
500 1356 801 1409 Alopecensem,
841 1356 1016 1395 Sabriam
1044 1355 1340 1408 Lamprensem,
1368 1354 1623 1408 Diogitonem

160 1418 465 1459 Acharnensem.

687 1524 1093 1563 TESTIMONIUM.

204 1610 335 1650 Satyrus
346 1610 560 1650 Alopecensis,
570 1610 696 1641 Sabrias
711 1612 921 1651 Lamprensis,
936 1611 1062 1650 Diogito
1071 1609 1288 1646 Acharnensis,
1301 1613 1451 1640 testantur
1465 1619 1484 1638 a
1500 1619 1532 1639 se
1546 1607 1627 1638 arbi—

159 1662 215 1693 tris
230 1662 448 1693 reconciliatos
462 1673 530 1692 esse
545 1663 734 1702 Stephanum
750 1667 781 1692 et
801 1664 1008 1702 Phrynionem
1024 1663 1063 1692 de
1076 1662 1190 1692 Neaera
1205 1671 1285 1690 nunc
1303 1670 1357 1690 rea
1376 1660 1534 1700 litigantes
1551 1671 1557 1688 ;
1579 1670 1627 1690 re-

159 1713 382 1744 conciliationis
396 1717 499 1744 autem
515 1724 566 1743 eas
582 1714 676 1744 fuisse
693 1714 887 1745 conditiones
903 1724 980 1754 quas
995 1713 1140 1744 exhibeat
1155 1712 1375 1752 Apollodorus.

659 1831 1122 1871 RECONCILIATIO.

201 1920 263 1952 His
282 1919 511 1952 conditionibus
531 1920 996 1960 reconciliarum-Phrynionem
1015 1923 1045 1950 et
1063 1918 1266 1958 Stephanum,
1286 1915 1396 1947 Neaera
1411 1922 1540 1955 uterque
1559 1914 1628 1944 toti-

155 1974 226 2004 dem
239 1973 308 2004 dies
320 1972 435 2004 mensis
450 1977 554 2003 utatur
565 1977 657 2012 atque
675 1973 756 2012 apud
770 1982 804 2002 se
819 1973 943 2009 habeat,
958 1970 1018 2001 nisi
1034 1971 1112 2001 alter
1128 1969 1217 2000 alteri
1234 1968 1317 1999 aliud
1334 1967 1538 1998 concesserit.

162 2068 216 2106 Ut
231 2060 366 2106 ¹autem
392 2067 493 2105 inter
512 2079 578 2105 eos
600 2072 849 2111 convenerat,
873 2061 939 2116 qui
957 2065 1110 2116 utrique
1129 2063 1168 2102 in
1190 2063 1345 2102 arbitrio
1365 2060 1568 2107 affuerant,
1591 2067 1629 2098 et

161 2128 438 2175 controversia,
461 2128 561 2166 sicut
590 2128 669 2167 fere
700 2127 800 2166 solet
826 2128 909 2165 fieri
937 2134 1142 2179 perpetuo,
1174 2125 1389 2178 praesertim
1410 2137 1500 2163 cum
1526 2123 1626 2161 inter

161 2192 229 2230 eos
245 2191 295 2230 de
316 2197 445 2229 scorto
460 2198 654 2242 ageretur,
670 2191 721 2229 ad
739 2202 890 2229 coenam
909 2189 1058 2237 itarunt
1074 2189 1125 2227 ad
1143 2195 1352 2238 utrumque
1372 2198 1518 2232 eorum,
1535 2197 1625 2224 cum

161 2254 341 2292 Neaeram
372 2253 581 2292 haberent:
615 2253 702 2305 ipsa
725 2257 1044 2292 et'concoenante
1073 2259 1112 2290 et
1145 2256 1409 2302 compotante,
1438 2255 1626 2300 tanquam

158 2315 373 2355 meretrice.
431 2315 530 2360 Quae
550 2329 640 2354 vere
660 2329 683 2355 a
709 2329 772 2354 me
801 2315 876 2353 dici
909 2322 953 2352 ut
985 2320 1154 2363 constet,
1172 2326 1272 2352 voca
1290 2311 1384 2350 mihi
1412 2318 1531 2350 testes
1560 2310 1624 2362 qui

159 2391 239 2417 una
265 2377 474 2426 affuerunt,
495 2379 690 2418 Eubulum
710 2377 983 2424 Probalisium‚
1004 2376 1229 2428 Diopithem
1251 2374 1511 2421 Melitensem,
1533 2374 1626 2412 Cte-

158 2453 290 2481 sonem
307 2454 329 2480 e
349 2440 535 2480 Ceramis.

679 2534 1089 2575 TESTIMONIUM;

201 2623 342 2655 Eubulus
357 2622 559 2659 Probalisius,
573 2622 738 2663 Diopithes
755 2623 942 2661 Melitensis,
959 2625 1053 2655 Cteso
1078 2634 1095 2653 e
1120 2621 1271 2657 Ceramis,
1285 2624 1447 2654 testantur,
1464 2622 1626 2658 postquam

158 2675 295 2716 Phrynio
309 2679 340 2706 et
354 2676 526 2715 Stephanus
540 2676 579 2706 de
592 2676 704 2706 Neaera
716 2676 746 2706 in
763 2675 889 2715 gratiam
904 2675 1065 2711 redierint,
1077 2684 1160 2714 saepe
1176 2684 1210 2703 se
1220 2682 1416 2703 concoenasse
1433 2671 1489 2705 eis,
1503 2676 1534 2700 et
1546 2680 1627 2700 com-

159 2732 281 2768 putasse
296 2739 365 2759 curn
375 2729 486 2759 Neaera
498 2738 577 2758 nuno
589 2738 653 2764 rea,
665 2733 726 2758 tam
740 2738 808 2758 cum
822 2729 901 2767 apud
912 2729 1100 2769 Stephanum
1119 2732 1200 2757 esset
1217 2727 1340 2761 Neaera,
1356 2734 1443 2764 quam
1457 2733 1526 2753 cum
1543 2722 1625 2762 apud

159 2779 376 2820 Phrynionem.

218 2857 279 2896 15.
309 2856 406 2895 Eam
427 2856 543 2908 igitur
564 2857 612 2895 ab
632 2856 740 2895 initio
767 2856 888 2895 fuisse
910 2869 1074 2903 servam,
1094 2863 1133 2894 et
1151 2854 1347 2892 venditam
1368 2852 1442 2897 bis,
1461 2859 1500 2889 et
1516 2864 1622 2902 quae·

162 2925 262 2957 stum
282 2917 420 2958 fecisse
441 2930 615 2970 corpore,
637 2927 680 2957 ut
698 2919 953 2965 meretricem,
974 2926 1013 2958 et
1034 2931 1058 2957 a
1078 2916 1299 2968 Phrynione
1327 2915 1493 2965 Megara
1511 2914 1623 2953 aufu-
