1948 3306
352 175 428 213 818
765 176 1015 217 EXORDIA
1046 176 1396 218 CONCIONUM.

353 285 498 328 serunt,
516 279 577 318 vel
597 280 634 318 in
653 281 783 332 primis
803 282 1045 322 utilissimum
1067 288 1108 320 ut
1124 281 1441 320 intercessoribus
1462 278 1616 318 dicendi
1634 284 1804 331 potestas

352 342 477 380 detur.
533 342 610 387 Qui
640 344 671 382 si
691 344 830 384 docere
862 352 1055 397 poterunt,
1076 358 1154 383 non
1185 356 1269 382 esse
1297 343 1454 395 optima,
1483 355 1570 393 quae
1600 341 1681 380 istis
1713 353 1804 392 pro-

350 404 503 451 bentur,
523 404 639 456 idque
664 406 828 445 fecerint
845 403 1069 458 priusquam
1103 406 1310 458 quicquam
1328 411 1531 457 peccatum
1548 402 1677 449 fuerit,
1698 403 1804 454 ipsos

350 473 458 504 extra
489 478 600 505 omne
635 469 848 519 periculum
881 468 1156 507 collocabunt:
1187 467 1244 506 sin
1272 466 1311 505 id
1345 466 1470 505 facere
1501 478 1579 503 non
1609 470 1804 516 poterunt,

348 527 484 565 saltem
518 535 653 579 postea
674 542 749 567 non
773 530 972 567 habebunt
991 530 1094 580 quod
1114 527 1413 581 reprehendant,
1433 527 1504 566 sed
1534 527 1573 564 id
1593 525 1805 576 consecuti,

348 589 452 638 quod
471 589 638 628 tribuere
657 590 906 628 humanitatis
929 597 1001 637 est,
1022 598 1066 629 ut
1093 592 1327 638 audirentur,
1347 603 1388 628 se
1407 588 1671 632 succubuisse,
1691 600 1804 638 aequo

348 649 475 688 animo
499 651 587 702 jure
620 652 757 698 ferent,
778 658 817 690 et
845 665 1091 691 communem
1118 658 1299 691 eventum
1321 651 1507 697 omnium,
1533 649 1753 702 quicunque
1773 648 1806 687 is
1835 656 1839 666 ¹

344 711 471 759 fuerit,
492 713 688 752 subibunt.

1002 818 1151 856 XXVI.

400 892 581 932 Arbitror
611 893 750 933 decere
770 907 850 941 vos,
879 894 1154 944 Athenienses,
1184 897 1301 935 tantis
1326 895 1374 934 de
1392 896 1507 935 rebus
1529 895 1803 941 deliberantes,
1845 886 1851 891 ’

346 953 440 992 dare
459 954 678 994 libertatem
698 955 855 995 dicendi
875 957 993 996 cuivis
1014 958 1080 1009 qui
1108 958 1200 997 dare
1220 958 1423 996 consilium
1442 956 1547 996 velit.
1603 957 1690 1009 Ego
1710 968 1802 995 vero

344 1029 544 1068 nunquam
562 1031 647 1057 esse
676 1018 828 1058 difficile
855 1020 986 1071 putavi
1007 1020 1147 1059 docere
1168 1034 1236 1060 vos
1256 1034 1342 1071 quae
1374 1019 1519 1072 optima
1537 1019 1642 1058 factu
1668 1019 1804 1059 sint—-

345 1092 450 1130 nam,
470 1087 515 1118 ut
539 1079 710 1132 ingenue
740 1081 882 1129 dicam,
902 1096 949 1121 ea
968 1096 1035 1121 vos
1055 1095 1190 1121 omnes
1205 1082 1287 1135 jam
1318 1083 1416 1121 scire
1441 1087 1607 1133 put0—,
1627 1082 1697 1120 sed
1715 1096 1804 1134 per-

344 1140 510 1180 suadere
538 1142 649 1181 vobis
675 1149 720 1181 ut
747 1143 870 1194 agatis
904 1144 1054 1192 eadem,
1073 1143 1114 1182 id
1133 1157 1223 1183 vero
1242 1156 1331 1183 esse
1361 1143 1534 1183 difficile.
1589 1142 1804 1195 Postquam

343 1203 446 1241 enirn
477 1203 621 1255 aliquid
649 1206 775 1244 visum
802 1205 1078 1258 decretumque
1110 1206 1240 1254 fuerit,
1261 1212 1341 1244 turn
1374 1206 1604 1244 tantundem
1632 1207 1742 1245 abest
1762 1213 1806 1245 ut

340 1264 422 1312 fiat,
442 1271 632 1316 quantum
652 1272 741 1305 ante
761 1280 876 1318 quam
897 1267 1183 1307 decerneretur.
1241 1267 1371 1305 Unum
1397 1273 1526 1306 autem
1551 1266 1627 1305 hoc
1653 1279 1702 1305 ex
1731 1267 1806 1306 illis

341 1333 402 1365 est
422 1333 577 1378 propter
594 1341 681 1379 quae
701 1341 771 1367 vos
804 1343 878 1380 ego
901 1329 974 1367 diis
996 1330 1159 1381 gratiam
1179 1329 1320 1368 debere
1339 1342 1495 1376 censeo,
1514 1328 1616 1379 quod
1641 1329 1706 1380 qui
1724 1342 1804 1368 non

342 1388 762 1441 ita-pridem'propter
793 1404 900 1429 suam
930 1391 1185 1443 petulantiam
1217 1391 1364 1430 bellum
1391 1390 1500 1429 vobis
1534 1390 1759 1447 intulerunt,
1779 1391 1805 1430 ii

342 1464 447 1488 nunc
467 1451 505 1489 in
526 1452 617 1490 solis
637 1452 747 1490 vobis
771 1465 882 1504 spem
899 1466 980 1491 suae
999 1454 1135 1492 salutis
1161 1453 1368 1492 collocant.
1426 1452 1502 1490 Est
1522 1458 1662 1499 autem,
1683 1452 1805 1492 Athe-

341 1513 511 1560 nienses,
538 1514 789 1565 gaudendum
827 1515 900 1554 hac
936 1516 1154 1555 occasione.
1211 1517 1301 1561 Qua
1331 1515 1363 1554 si
1393 1514 1602 1567 prudenter
1631 1514 1804 1564 utemini,

341 1576 415 1615 hoc
435 1575 545 1615 vobis
565 1578 783 1623 usuveniet‚
806 1584 850 1616 ut
868 1591 1000 1617 eorum
1021 1578 1228 1618 maledicta
1246 1578 1312 1629 qui
1334 1584 1506 1616 nostram
1523 1577 1656 1616 urbem
1676 1577 1802 1616 crimi-

341 1645 481 1677 nantur
499 1638 625 1690 reipsa
644 1652 731 1677 cum
750 1639 916 1678 honesta
929 1639 1035 1679 fama
1052 1640 1240 1679 refutetis.

989 1750 1159 1790 XXVII.

396 1827 494 1879 Spes
512 1840 640 1866 rerum
659 1834 1045 1867 commemoratarum
1071 1828 1212 1880 amplae
1241 1833 1345 1876 sunt,
1365 1827 1640 1874 Athenienses,
1661 1827 1802 1880 quibus

339 1888 543 1941 plerosque
577 1889 660 1928 sine
692 1889 841 1929 ratione
867 1890 1010 1929 moveri
1043 1890 1218 1930 nonnihil
1243 1891 1431 1929 arbitror:
1460 1889 1551 1928 mihi
1577 1903 1670 1929 vero
1701 1904 1802 1930 nun-

341 1965 458 2004 quam
485 1953 722 2004 propositum
761 1952 846 1999 fuit,
868 1953 1070 2005 praesentis
1103 1953 1237 2005 gratiae
1270 1965 1404 2000 causa,
1433 1951 1642 2003 quicquam
1676 1952 1805 1994 dicere

340 2014 446 2066 apud
478 2027 560 2061 vos,
582 2015 687 2066 quod
718 2027 796 2053 non
826 2015 942 2054 etiam
971 2016 1010 2054 in
1038 2023 1237 2068 posterum
1263 2015 1508 2068 profuturum
1527 2013 1803 2054 existimarem.

342 2076 575 2127 Quanquam
595 2084 723 2115 autem
742 2077 817 2115 hoc
847 2077 928 2116 fere
957 2079 1000 2116 fit
1033 2078 1081 2116 ab
1100 2078 1293 2126 omnibus,
1311 2084 1353 2115 ut
1378 2090 1443 2116 eos
1462 2075 1528 2127 qui
1555 2082 1804 2116 assentantur

341 2137 520 2189 diligant,
541 2138 794 2177 monitoribus
814 2138 1056 2178 irascantur:
1085 2139 1284 2191 prudentis
1304 2145 1434 2177 tamen
1452 2137 1618 2176 hominis
1631 2138 1802 2177 officium

341 2206 400 2237 est
428 2199 522 2238 dare
541 2213 698 2252 operam
717 2207 761 2238 ut
790 2201 1004 2253 appetitum
1023 2201 1161 2240 rationi
1181 2213 1332 2252 semper
1351 2200 1597 2239 obedientem
1615 2201 1801 2251 praebeat.

341 2260 428 2313 Ego
445 2274 538 2300 vero
557 2275 743 2314 perquam
770 2275 863 2302 sane
883 2263 1013 2312 velim,
1033 2277 1081 2303 ea
1109 2264 1217 2303 vobis
1251 2263 1359 2302 factu
1387 2275 1476 2302 esse
1498 2261 1686 2312 jucunda,
1712 2275 1800 2314 quae

323 2323 544 2375 profutura
561 2331 665 2371 sunt,
685 2331 730 2363 ut
748 2332 787 2363 et
811 2332 924 2377 grata
942 2333 981 2365 et
1000 2326 1109 2364 utilia
1129 2326 1258 2365 dicere
1279 2324 1440 2363 viderer.
1497 2323 1577 2363 Sed
1595 2330 1800 2376 postquam

339 2386 454 2424 video
472 2398 541 2424 vos
563 2387 755 2425 contraria
773 2387 832 2425 his
851 2388 989 2435 moliri,
1011 2387 1296 2427 adversandum
1325 2399 1410 2425 esse
1437 2386 1588 2438 opinor,
1607 2385 1681 2424 etsi
1706 2399 1801 2438 quo·

338 2448 504 2487 tundam
533 2448 624 2487 odia
657 2449 904 2500 suscipienda
925 2450 1077 2489 fuerint.
1135 2449 1251 2494 Quod
1281 2448 1314 2487 si
1341 2461 1414 2487 nec
1442 2447 1576 2487 audire
1593 2447 1799 2499 quicquam

340 2510 592 2556 sustinebitis,
613 2523 691 2548 non
711 2510 840 2563 inopia
852 2510 988 2563 judicii
1004 2524 1143 2558 errare,
1159 2511 1227 2550 sed
1247 2509 1435 2562 pravitate
1453 2508 1596 2561 ingenii
1615 2514 1800 2560 appetere

340 2578 458 2623 atque
477 2571 638 2624 aggredi
658 2571 753 2610 talia
770 2571 1016 2611 videbimini:
1046 2572 1105 2611 sin
1137 2571 1350 2618 audieritis,
1379 2570 1609 2609 sententiam
1636 2569 1799 2608 fortasse

339 2633 551 2681 mutabitis,
565 2633 670 2685 quod
689 2646 763 2686 ego
782 2634 890 2673 vobis
910 2634 949 2672 in
963 2634 1094 2687 primis
1112 2633 1298 2687 prodesse
1311 2641 1421 2684 puto;
1435 2632 1495 2670 sin
1510 2644 1622 2670 aures
1638 2630 1799 2670 dicturis

339 2696 513 2748 praebere
541 2695 758 2743 nolueritis,
788 2695 887 2735 alius
922 2696 1100 2747 ignorare
1120 2708 1189 2734 vos
1214 2694 1309 2746 quid
1328 2693 1520 2745 expediat,
1550 2691 1662 2741 alius,
1692 2691 1798 2744 quod

339 2758 479 2811 cuique
496 2758 621 2797 visum
640 2757 768 2805 fuerit,
787 2757 826 2796 id
847 2757 966 2797 dicet.

965 2868 1156 2906 XXVIII.

393 2947 564 2987 Primum
591 2947 686 2987 nihil
714 2947 804 2989 novi
821 2954 896 2996 est,
917 2947 1194 2994 Athenienses,
1216 2945 1368 2998 aliquos
1388 2944 1588 2991 exsistere,
1609 2942 1689 2996 qui,
1707 2954 1793 2982 cum
