1948 3306
408 369 812 411 ARGUMENTUM
848 372 1148 411 ORATIONIS
1180 371 1477 410 ADVERSUS
1511 369 1812 413 NICOSTRA-

664 434 791 474 TUM
822 435 895 473 DE
924 434 1223 473 ARETHUSII
1255 432 1563 473 MANCIPIIS.

424 519 678 553 Aromsmonus
695 523 890 553 Arethusinm
906 523 991 553 falsae
1007 522 1241 553 renunciationis
1265 532 1350 552 reum
1376 521 1452 552 fecit
1472 524 1504 551 et
1518 519 1649 561 peregit.
1693 520 1755 559 Qui
1770 529 1838 550 cum

378 568 523 600 talentum
541 572 649 601 aerario
667 573 796 610 deberet
811 573 904 612 idque
922 574 1044 604 solvere
1058 584 1116 603 non
1133 577 1253 613 posset,
1267 577 1491 612 proptereaque
1506 573 1586 602 bona
1601 571 1668 613 ejus
1684 571 1838 612 publicata

379 627 494 657 essent,
508 623 658 653 describit
673 624 879 662 Apollodorus
894 635 1011 661 servos,
1025 631 1058 655 ut
1073 625 1126 666 qui
1142 625 1300 655 Arethusii
1316 629 1430 660 essent,
1443 625 1498 654 bos
1508 624 1704 654 Nicostratus
1720 627 1753 653 ut
1766 632 1838 653 suos

379 676 410 702 et
425 674 462 702 ad
480 674 562 704 illum
582 674 654 704 nihil
671 675 834 706 attinentes
851 676 911 706 sibi
928 677 1082 706 vendicat.
1129 677 1212 714 Quia
1225 687 1301 706 vero
1317 686 1412 706 causa
1426 676 1533 707 odiosa
1548 680 1607 712 est,
1623 678 1839 705 commemorat

378 728 617 764 orator,·quanta
642 736 806 767 perpessus
828 727 867 756 ab
882 727 1048 758 Arethusia
1070 728 1111 758 sit
1127 728 1347 768 Apollodorus»,
1364 733 1396 757 ut
1423 737 1480 757 non
1506 725 1694 766 malignitate
1710 731 1837 762 naturae,

377 775 430 804 sed
446 782 575 815 propter
591 777 738 808 ultionem
753 778 935 818 injuriarum
952 780 1016 809 haec
1031 790 1123 820 agere
1139 780 1293 810 videatur.

730 1078 1496 1133 DEMOSTHENIS

549 1212 1004 1262 ADVERSUS
1063 1214 1682 1264 NICOSTRATUM

376 1337 459 1379 DE
482 1338 963 1382 DESCRIPTIONE
986 1339 1459 1383 MANCIPIORUM
1475 1336 1836 1384 ARETHUSII

413 1428 416 1430 ’
628 1435 631 1437 -
972 1414 1234 1456 ORATIO.
1659 1420 1666 1427 ‘

431 1523 466 1558 1.
490 1519 561 1557 ME
581 1519 686 1557 nullo
700 1520 963 1559 calumniandi
979 1521 1120 1567 studio,
1137 1521 1206 1560 sed
1221 1534 1288 1573 per
1303 1522 1399 1560 istos
1418 1520 1565 1573 injuriis
1581 1527 1621 1560 et
1635 1527 1836 1560 contume-

373 1581 434 1619 liis
467 1581 649 1620 affectum
682 1588 721 1620 et
747 1582 992 1621 ulciscendos
1013 1596 1080 1621 eos
1107 1596 1194 1621 esse
1222 1583 1519 1631 existimantem,
1540 1582 1837 1635 descriptionem

375 1643 478 1681 hanc
496 1643 724 1690 instituisse,
743 1643 841 1681 illud
871 1644 1041 1683 maximo
1060 1644 1169 1683 vobis
1198 1651 1428 1696 argumento
1448 1645 1510 1692 sit,
1531 1644 1558 1684 J
1563 1644 1711 1696 udices,
1731 1645 1836 1696 quod

376 1712 416 1744 et
444 1718 563 1756 parva
592 1712 665 1753 est,
691 1712 731 1744 et
759 1718 828 1757 per
857 1707 1047 1758 meipsum
1075 1707 1181 1745 facta
1212 1706 1434 1758 descriptio.
1490 1706 1628 1757 Neque
1661 1705 1778 1753 enim,
1805 1706 1836 1745 si

376 1767 597 1806 calumniari
616 1767 840 1815 voluissem,
859 1768 1052 1820 mancipia
1077 1775 1243 1819 quatuor
1268 1769 1456 1807 minarum
1475 1781 1564 1806 cum
1584 1768 1742 1806 dimidia
1768 1768 1836 1807 de—

375 1829 630 1881 scripsissem,
652 1830 787 1881 quanti
819 1843 865 1868 ea
893 1830 1099 1868 aestimavit
1128 1830 1209 1882 ipse
1238 1829 1506 1869 adversarius:
1535 1843 1654 1883 quum
1683 1830 1765 1881 ipse
1797 1838 1837 1868 et

376 1891 426 1929 de
447 1891 549 1929 mille
575 1892 781 1939 drachmis,
802 1899 841 1930 et
861 1892 909 1930 de
929 1905 974 1930 eo
994 1905 1044 1929 ne
1064 1892 1149 1943 quis
1176 1905 1349 1943 unquam
1368 1891 1460 1930 mihi
1486 1891 1717 1939 subscribat,
1736 1892 1836 1943 peri-

373 1952 493 1991 cliter.
551 1953 688 2005 Neque
707 1954 823 1992 etiam
843 1967 967 2005 usque
987 1954 1086 1992 adeo
1106 1954 1166 1992 vel
1189 1954 1314 2006 inops,
1336 1955 1397 1993 vel
1417 1954 1627 1992 amicorum
1646 1954 1834 2005 praesidiis

374 2013 580 2053 destitutus
598 2028 695 2062 sum,
714 2022 758 2053 ut
776 2015 841 2066 qui
860 2028 907 2054 ea
926 2015 1162 2055 describeret
1179 2016 1368 2055 neminem
1403 2016 1572 2054 invenire
1603 2015 1833 2067 potuissem,

374 2074 441 2113 sed
463 2075 553 2126 quia
571 2075 663 2113 nihil
690 2075 728 2113 in
747 2077 861 2115 rebus
879 2076 1057 2114 humanis
1083 2077 1262 2115 omnibus
1292 2076 1568 2115 intolerabilius
1593 2089 1681 2115 esse
1701 2077 1835 2115 existi-

375 2138 542 2184 mabam,
561 2151 692 2189 quam,
718 2151 808 2176 cum
836 2138 927 2176 mihi
959 2139 1069 2177 fieret
1093 2139 1240 2191 injurIa,
1266 2139 1382 2178 aliurn
1405 2139 1551 2188 injuriis
1577 2137 1717 2177 affecto
1741 2139 1834 2176 mihi

373 2211 515 2238 nornen
546 2213 657 2238 suum
687 2200 947 2246 commodare,
969 2207 1008 2238 et
1032 2200 1128 2239 istos
1153 2213 1203 2239 ex
1224 2214 1271 2240 eo
1297 2214 1427 2240 causae
1456 2200 1602 2252 aliquid
1619 2200 1775 2247 habere,
1804 2200 1835 2239 si

373 2274 447 2313 ego
474 2269 624 2300 nostras
654 2261 870 2301 inimicitias
900 2262 1008 2301 vobis
1040 2275 1247 2311 narrarem,
1267 2263 1457 2302 mendacii
1486 2275 1548 2301 me
1579 2261 1835 2314 arguendi,—

374 2336 499 2374 neque
529 2323 630 2361 enim
660 2337 834 2376 unquam
862 2324 979 2362 alium
1008 2324 1128 2363 fuisse
1160 2338 1206 2364 ea
1233 2325 1532 2376 descripturum,
1565 2324 1596 2362 si
1615 2324 1719 2362 facta
1742 2323 1834 2362 mihi

373 2391 477 2424 esset
494 2385 697 2437 injuria——,
716 2393 871 2438 propter
898 2386 984 2424 haec
1012 2386 1227 2438 descripsi:
1258 2400 1346 2425 cum
1372 2399 1464 2425 vero
1493 2384 1780 2437 descripserim,
1803 2384 1834 2423 si

373 2447 581 2485 ostendero
613 2448 807 2500 mancipia
827 2461 913 2486 esse
933 2447 1145 2495 Arethusii,
1164 2448 1226 2487 cui
1252 2448 1440 2500 inscripta
1465 2453 1570 2494 sunt,
1590 2446 1834 2493 dodrantem,

371 2510 436 2560 qui
455 2509 602 2548 homini
628 2510 777 2561 privato
810 2523 833 2548 a
857 2523 935 2561 quo
962 2505 1156 2562 descripta
1173 2524 1220 2549 ea
1248 2517 1339 2550 sunt
1362 2511 1554 2558 tribuitur,
1572 2510 1718 2562 reipub.
1739 2522 1833 2548 con-

373 2571 492 2619 dono,
510 2572 597 2624 ipsa
615 2572 762 2610 ultione
783 2579 1003 2611 contentus.
1060 2573 1177 2616 Quod
1208 2573 1239 2611 si
1264 2573 1355 2613 mihi
1385 2573 1480 2613 satis
1511 2585 1624 2624 aquae
1655 2577 1760 2610 esset
1785 2571 1834 2610 ad

372 2633 609 2672 narrandum
628 2634 737 2673 vobis
759 2635 807 2673 ab
827 2634 951 2682 initio,
971 2633 1112 2686 quibus
1141 2648 1164 2673 a
1182 2647 1243 2674 me
1265 2635 1393 2674 affecti
1410 2633 1620 2681 beneficiis,
1635 2632 1833 2685 quomodo

373 2708 524 2734 mecum
545 2696 708 2748 egerint,
743 2696 837 2735 satis
870 2696 962 2744 scio,
980 2710 1048 2735 vos
1078 2696 1287 2735 iracundiae
1319 2710 1414 2736 meae
1443 2696 1570 2749 magis
1593 2694 1745 2734 veniam
1766 2694 1834 2733 da-

371 2764 491 2805 turos,
511 2765 550 2797 et
581 2758 677 2797 istos
707 2758 879 2797 omnium
903 2758 1102 2796 hominum
1128 2758 1433 2810 improbissimos
1461 2772 1548 2798 esse
1563 2756 1832 2811 judicaturos:

372 2832 476 2858 nunc
497 2832 569 2858 nec
590 2819 752 2873 duplum
771 2833 882 2872 aquae
901 2819 993 2858 mihi
1019 2818 1223 2859 sufficeret.
1276 2819 1452 2860 Maxima
1477 2820 1594 2874 igitur
1610 2824 1653 2858 et
1669 2817 1835 2858 illustria

370 2880 558 2929 facinora,
577 2889 616 2921 et
635 2895 793 2921 causam
811 2881 928 2933 hujus
949 2881 1216 2934 descriptionis
1243 2882 1351 2922 vobis
1379 2882 1592 2934 explicabO,
1611 2879 1833 2933 vulgaribus

372 2953 538 2980 omnssns.

1944 2158 1948 2216 1

1938 2752 1948 2828 ¹.

1933 2995 1948 3071 l
