1948 3306
314 194 389 229 602
757 192 1051 232 ADVERSUS
1083 192 1347 231 SPUDIAM.

314 295 418 333 mille
451 294 656 334 drachmas
688 296 943 347 oppignerata
975 303 1078 336 sunt.
1136 297 1306 336 Proinde
1328 300 1416 346 jure
1450 297 1489 335 in
1523 295 1795 348 quadraginta.

314 357 424 395 minis
445 357 663 396 aestimabat
682 371 742 403 ea,
761 371 850 409 quae
872 358 1046 397 Leocrati
1072 367 1308 407 numerarat,
1333 371 1501 410 quaeque
1530 359 1660 398 datam
1690 356 1781 396 mihi

313 433 503 457 summam
524 421 773 471 superabant.
831 422 888 459 Ac
909 420 1000 458 mihi
1019 434 1116 472 cape
1143 422 1309 473 primum
1335 420 1632 472 descriptionem
1660 420 1779 465 hanc,

314 488 355 520 et
373 481 428 520 eis
448 495 552 520 nunc
574 482 706 529 recita,
726 483 912 533 quidnam
932 489 1092 534 uterque
1113 490 1285 522 nostrum
1311 483 1474 522 habeat:
1505 482 1660 530 deinde,
1679 481 1781 521 arbi-

314 551 457 583 trorum
476 545 755 590 testimonium,
778 553 819 584 ut
839 547 977 593 sciant,
993 559 1080 584 eum
1099 547 1302 598 pecuniam
1325 548 1441 585 etiarn
1460 546 1577 597 longe
1596 545 1779 597 majorem

313 607 470 654 habere,
486 608 613 658 deque
629 621 675 645 ea
688 608 911 647 Leocratem
932 610 1122 648 actionem
1142 609 1368 656 instituisse,
1384 615 1424 647 et
1442 608 1607 647 arbitros
1623 607 1663 646 iu
1676 606 1780 646 hanc
1830 640 1835 653 X

315 671 544 708 sententiam
567 671 861 721 pronunciasse.
923 671 1075 710 Recita.

647 819 991 859 DESCRIPTIO.
1050 819 1453 858 TESTIMONIUM.

313 917 379 953 An
398 928 475 954 non
497 915 571 954 iste
593 916 722 966 palam
741 915 860 954 habet
877 915 1138 966 quadraginta
1157 915 1282 954 minas
1300 915 1402 954 dotis
1415 912 1650 966 jampridem
1667 925 1676 951 :
1705 923 1781 963 ego

311 990 402 1015 vero
415 977 571 1028 triginta
585 976 724 1022 minas,
741 976 1073 1027 quemadmodum
1092 977 1177 1023 iste,
1193 976 1300 1014 mille
1315 989 1406 1015 vero
1422 975 1626 1014 drachmas
1642 980 1783 1026 postea

311 1052 388 1077 non
410 1039 527 1077 modo
547 1051 626 1076 non
660 1038 806 1089 accepi,
836 1037 904 1076 sed
934 1045 974 1076 et
998 1051 1104 1077 nunc
1123 1038 1172 1077 de
1198 1039 1253 1077 eis
1282 1037 1479 1090 periclitor
1498 1036 1611 1090 quasi
1637 1036 1781 1088 injuste

310 1113 377 1139 eas
399 1099 557 1151 petam?
772 1137 775 1138 γ

369 1163 430 1199 11.
461 1159 685 1213 Ηίέίῖᾶᾳυε
706 1161 755 1200 de
775 1161 919 1208 causis,
945 1162 1122 1209 Judices,
1154 1162 1338 1214 Spudias,
1358 1175 1398 1200 re
1429 1160 1563 1199 amicis
1591 1160 1782 1212 permissa

308 1226 417 1265 litem
452 1239 605 1265 mecum
633 1226 848 1277 transigere
871 1226 1007 1272 noluit,
1023 1226 1130 1277 quod
1150 1227 1185 1265 ei
1207 1226 1465 1265 usuveniebat
1484 1231 1527 1263 ut
1543 1224 1679 1263 horum
1700 1237 1782 1262 om-

310 1289 416 1326 nium
446 1289 763 1332 convinceretur;
802 1301 889 1326 cum
921 1289 1022 1326 enim
1056 1288 1111 1326 illi
1141 1288 1201 1327 his
1233 1289 1411 1327 omnibus
1442 1287 1710 1326 interfuissent
1741 1292 1782 1324 et

310 1358 416 1389 certo
435 1365 479 1390 ea
500 1351 656 1399 scirent,
670 1348 757 1389 'non
777 1351 811 1389 ei
831 1351 1098 1402 permisissent
1116 1351 1268 1402 quidvis
1288 1351 1440 1389 dicere:
1483 1349 1587 1402 apud
1611 1362 1682 1388 vos
1710 1361 1780 1386 au-

308 1420 388 1451 tem
410 1427 460 1452 se
479 1414 728 1452 mentientem
756 1427 817 1452 me
845 1426 935 1452 vera
956 1414 1109 1452 dicente
1128 1414 1208 1452 fore
1237 1414 1471 1465 superiorem
1496 1418 1640 1465 sperat.
1655 1425 1663 1432 ·
1695 1411 1780 1464 Ego

309 1488 400 1513 vero
420 1489 508 1527 quae
528 1475 699 1527 postulo,
727 1476 930 1527 perspicue
952 1475 1058 1514 vobis
1080 1476 1356 1523 demonstravi,
1377 1482 1419 1514 ut
1448 1475 1533 1527 ipse
1558 1473 1666 1527 potui
1685 1487 1694 1512 :
1723 1473 1779 1512 rei

309 1551 450 1588 gnaros
471 1545 598 1576 autem
631 1538 704 1577 iste
732 1538 845 1590 fugit,
865 1538 970 1590 quod
1000 1545 1157 1590 putaret
1182 1539 1237 1577 eis
1267 1539 1398 1578 fucum
1424 1538 1507 1576 fieri
1539 1551 1617 1576 non
1649 1549 1778 1589 posse.

311 1599 455 1646 Quare,
474 1599 649 1647 Judices,
670 1599 787 1638 etiam
806 1612 876 1638 vos
903 1600 937 1638 ei
960 1607 1195 1652 potestatem
1216 1601 1426 1640 mentiendi
1451 1606 1491 1639 et
1514 1598 1779 1640 calumniandi

310 1673 358 1698 ne
378 1661 482 1708 date,
495 1675 628 1700 eorum
649 1675 736 1714 quae
756 1662 923 1702 diximus
942 1675 1144 1702 memores.
1193 1663 1330 1702 Nostis
1344 1664 1445 1702 enirn
1460 1663 1591 1703 omnia
1604 1669 1648 1702 ut
1666 1668 1779 1714 gesta

310 1730 425 1767 sunt;
457 1731 716 1776 praeterquam
734 1724 765 1764 si
785 1724 879 1777 quid
898 1737 972 1777 ego
1002 1725 1184 1777 praeterii,
1203 1727 1254 1766 ad
1279 1725 1459 1779 exiguam
1485 1739 1624 1778 aquam
1647 1725 1778 1765 dicere

310 1792 484 1824 coactus.
