1915 3356
527 182 786 222 EXORDIA
818 159 1175 218 coNffloNuM.
1509 175 1585 213 829

128 289 306 342 equidem
327 299 476 333 omnem,
505 287 538 324 si
567 285 660 337 quid
680 299 703 324 a
722 298 763 323 se
782 283 966 336 praeclare
986 283 1133 321 factum
1160 280 1371 325 confidant,
1393 278 1433 317 id
1454 289 1586 322 unum,

128 351 314 389 rationem
335 362 375 387 se
394 347 556 387 reddere
583 353 755 399 paratos,
769 349 919 395 jactare
937 351 1124 396 perpetuo
1142 343 1255 380 video
1273 355 1282 380 ε
1312 348 1352 380 at
1371 341 1431 378 isti
1451 345 1588 378 contra

126 412 167 451 id
185 410 484 464 reprehendunt,
502 408 608 460 quod
638 408 724 446 illas
755 421 816 446 res
847 408 888 445 in
917 405 1058 458 quibus
1083 403 1238 443 errastis
1258 416 1359 441 nunc
1379 413 1587 454 prorogare

127 473 257 520 vultis,
276 478 392 523 atque
419 471 668 522 imposturam
697 468 948 507 valentiorem
978 472 1153 518 oportere
1174 478 1258 503 esse
1286 464 1512 502 existimant
1540 475 1588 501 ea

128 548 214 586 quae
232 547 341 573 mora
358 531 622 572 intercedente
647 531 692 569 fit
708 530 949 583 probatione.
1007 528 1113 574 Quid
1132 534 1261 566 autern
1279 525 1333 564 illi
1350 525 1590 578 propositum

128 597 312 642 habeant,
330 601 502 634 vestrum
521 592 637 632 etiam
655 593 828 645 plerique
846 593 1012 632 fortasse
1030 604 1110 630 non
1136 590 1342 641 ignorant:
1372 587 1442 626 sed
1469 600 1592 638 quon-

129 657 204 696 iam
238 656 416 696 dicendae
446 654 652 694 sententiae
678 661 852 707 potestas
879 654 974 693 data
1007 659 1081 699 est,
1114 665 1162 691 ea
1187 662 1381 702 quemque
1419 648 1591 700 proferre

131 717 257 766 decet,
275 730 342 770 per
358 729 446 769 quae
463 716 623 768 negotia
646 716 733 755 haec
749 729 866 769 quam
882 714 1098 755 rectissime
1117 712 1448 752 administrentur.

764 820 948 860 XLVIII.

184 899 300 946 Quod
317 900 562 952 profuturum
581 906 641 939 est
661 899 851 939 universae
873 899 1034 946 civitati,
1054 898 1095 937 id
1123 905 1168 937 ut
1198 904 1238 936 et
1267 897 1418 935 dicatur
1442 895 1491 933 ab
1512 906 1596 932 om-

132 962 246 1004 nibus
265 975 412 1015 precor,
433 961 710 1009 Athenienses,
731 968 770 1001 et
788 976 811 1000 a
830 962 940 1001 vobis
960 962 1208 1000 decernatur.
1267 959 1353 1010 Ego
1373 956 1530 1009 quidem
1550 968 1598 994 ea

132 1023 276 1071 dicam,
294 1037 384 1075 quae
403 1023 611 1062 utilissima
635 1036 720 1062 esse
746 1023 855 1062 vobis
874 1023 968 1062 mihi
997 1021 1187 1076 persuasi,
1207 1027 1356 1060 tantum
1374 1025 1555 1071 precatus
1576 1030 1600 1055 a

131 1086 257 1133 vobis,
275 1099 324 1124 ne
341 1085 403 1124 vel
431 1085 524 1124 belli
554 1085 791 1138 suscipiendi
822 1092 1018 1133 auctores,
1037 1090 1245 1136 propterea
1264 1082 1399 1133 fortes,
1423 1080 1485 1119 vel
1512 1080 1598 1118 illo-

133 1148 218 1186 rum
233 1146 489 1194 adversarios,
507 1146 669 1198 ignavos
689 1146 826 1185 eadem
840 1147 890 1185 de
909 1160 1030 1186 causa
1048 1145 1290 1185 existimetis.
1337 1143 1477 1195 Neque
1497 1142 1597 1180 enirn

133 1208 272 1246 eadem
305 1214 376 1253 est,
408 1207 684 1254 Athenienses,
713 1207 1003 1258 probandarum
1024 1214 1064 1246 et
1088 1198 1305 1246 orationum
1336 1211 1376 1243 et
1403 1204 1597 1243 actionum

131 1269 251 1309 ratio:
279 1282 383 1308 nunc
415 1270 519 1308 enim
544 1268 757 1321 prudenter
788 1269 1002 1308 deliberare
1041 1281 1112 1307 vos
1151 1268 1278 1315 decet,
1309 1273 1392 1305 tum
1426 1278 1531 1312 vero,
1568 1264 1602 1302 si

130 1332 230 1370 forte
249 1330 376 1369 visum
394 1329 522 1376 fuerit,
544 1330 659 1369 edere
691 1329 807 1368 fortia
837 1329 1023 1370 facinora.
1080 1329 1140 1369 Ac
1170 1336 1301 1368 vestra
1329 1327 1487 1379 quidem
1522 1325 1601 1364 ala-

132 1393 248 1432 critas
268 1391 459 1444 quantivis
477 1391 590 1444 pretii
610 1404 657 1431 ac
686 1391 774 1430 talis
803 1391 928 1439 adest,
947 1391 1102 1444 qualem
1122 1390 1316 1443 exoptarit
1335 1390 1366 1428 is
1386 1389 1451 1441 qui
1476 1387 1603 1440 reipu-

132 1456 245 1495 blieae
274 1455 499 1494 consultum
527 1454 644 1493 velit:
675 1467 764 1506 quae
796 1461 941 1506 quanto
972 1453 1238 1493 vehementior
1264 1458 1324 1491 est
1355 1458 1471 1503 atque
1503 1463 1602 1502 prae*

133 1517 287 1565 clarior,
305 1523 413 1555 tanto
432 1516 558 1568 magis
581 1515 881 1568 providendum,
900 1525 944 1555 ut
964 1529 1011 1554 ea
1029 1521 1246 1567 opportune
1266 1513 1444 1552 utamini.
1502 1512 1603 1550 Nul-

133 1579 208 1618 lius
239 1578 342 1617 enim
361 1577 415 1617 rei
436 1578 634 1631 susceptio
653 1577 848 1625 laudatur,
867 1577 942 1616 nisi
972 1577 1087 1616 finem
1121 1576 1239 1616 etiarn
1269 1576 1404 1614 utilem
1423 1574 1605 1614 sortiatur

133 1647 174 1680 et
191 1642 414 1680 honestum.
471 1640 556 1693 Ego
582 1654 689 1685 vero,
709 1640 983 1688 Athenienses,
1004 1639 1108 1692 apud
1127 1652 1196 1678 vos
1217 1653 1238 1677 e
1257 1639 1339 1677 viro
1359 1651 1422 1675 me
1449 1637 1606 1675 audisse

134 1703 304 1751 memini,
323 1703 388 1755 qui
407 1716 481 1741 nec
500 1702 708 1755 prudentia
726 1716 857 1742 carere
884 1716 956 1742 nec
982 1702 1184 1754 imperitus
1202 1701 1256 1740 rei
1290 1699 1465 1739 militaris
1483 1700 1605 1738 habe-

136 1772 255 1813 retur,
270 1765 504 1817 Iphicratem
523 1764 624 1811 dico,
639 1764 705 1816 qui
722 1765 778 1803 sic
798 1771 1000 1812 assereret,
1014 1764 1239 1803 adeundum
1258 1775 1345 1801 esse
1361 1761 1453 1800 duci
1473 1761 1607 1799 discri-

135 1841 226 1866 men
244 1827 348 1875 belli,
367 1841 447 1866 non
467 1833 511 1866 ut
528 1827 588 1866 vel
607 1828 694 1866 haec
713 1827 776 1866 vel
796 1827 862 1865 illa
880 1827 1092 1873 evenirent,
1121 1826 1191 1867 sed
1216 1832 1261 1864 ut
1288 1825 1397 1863 haec:
1427 1823 1484 1861 his
1505 1823 1605 1861 enim

134 1889 260 1929 verbis
292 1890 487 1928 utebatur.
545 1889 679 1928 Facile
707 1896 837 1928 autem
862 1889 1170 1941 intelligebatur,
1198 1889 1273 1926 hoc
1299 1901 1388 1926 eum
1417 1886 1531 1932 velle,
1564 1892 1608 1923 ut

134 1954 236 1992 bene
261 1958 468 2004 pugnaret.
526 1951 719 2004 Suscepta
749 1951 866 2003 igitur
899 1951 1161 2003 expeditione,
1183 1950 1230 1998 is,
1250 1949 1290 1987 in
1318 1961 1434 2001 quem
1465 1947 1609 1986 collata

137 2021 198 2054 est
216 2014 364 2066 imperii
384 2014 609 2061 auctoritas,
631 2027 702 2053 suo
723 2027 792 2052 vos
821 2014 1003 2053 arbitratu
1034 2013 1167 2052 ducit:
1197 2025 1302 2050 nunc
1327 2025 1418 2050 vero
1444 2010 1607 2062 quisquc

136 2083 308 2115 vestrum
324 2070 418 2115 belli
438 2076 559 2114 duces
580 2076 690 2115 estis.
745 2075 883 2127 Itaque
898 2075 1124 2126 hujusmodi
1137 2074 1299 2113 consilia
1315 2073 1421 2112 vobis
1437 2071 1609 2109 ineunda

137 2144 240 2186 sunt,
260 2151 347 2189 quae
365 2138 414 2176 ab
433 2139 538 2176 omni
556 2143 666 2189 parte
694 2137 920 2176 conducant
940 2136 1195 2188 Reipublicae‚
1216 2148 1345 2187 neque
1365 2134 1608 2173 committen-

137 2201 231 2240 dum
265 2207 308 2239 ut
340 2207 497 2254 propter
523 2200 694 2239 incertas
714 2212 805 2252 spes
825 2200 1032 2251 quicquam
1059 2198 1123 2238 isti
1150 2197 1326 2237 felicitati
1346 2195 1608 2249 periculosum

139 2262 366 2302 admittatis.

803 2331 944 2370 XLIX.

193 2403 399 2444 Neminem
418 2404 501 2442 fore
530 2404 732 2455 putabam,
754 2403 1028 2448 Athenienses,
1055 2401 1121 2452 qui
1150 2401 1250 2440 actis
1277 2399 1358 2438 suis
1388 2399 1509 2437 fretus
1529 2398 1609 2437 cui-

139 2479 257 2519 quam
275 2466 509 2505 irasceretur
527 2465 568 2503 in
589 2477 636 2504 ea
665 2464 888 2517 inquirenti.
947 2464 1036 2508 Quo
1066 2462 1170 2502 enim
1203 2462 1272 2500 illa
1301 2462 1444 2513 saepius
1474 2460 1611 2511 explo-

140 2536 287 2576 rantur,
304 2541 351 2568 eo
369 2527 516 2579 majore
537 2539 701 2567 necesse
721 2534 782 2566 est
801 2534 980 2566 auctores
1009 2525 1163 2564 illorum
1188 2525 1324 2563 florere
1359 2523 1493 2575 gloria.
1533 2522 1613 2560 Ve-

140 2604 225 2629 rum
244 2590 318 2642 ipsi
337 2589 430 2629 mihi
459 2590 591 2642 palam
623 2590 751 2628 facere
776 2590 970 2636 videntur,
1001 2602 1043 2627 se
1065 2601 1126 2626 res
1146 2586 1433 2626 administrasse
1461 2597 1538 2622 non
1561 2597 1612 2622 ex

142 2651 309 2690 utilitate
338 2652 595 2704 Reipublicae.
653 2652 729 2696 Qui
747 2652 878 2704 igitur,
898 2664 984 2690 cum
1005 2651 1054 2689 de
1076 2650 1226 2701 integro
1246 2649 1341 2688 ratio
1363 2648 1613 2686 consiliorum

143 2720 395 2765 actorumque
413 2713 616 2753 reddenda
636 2720 710 2760 est,
733 2726 805 2752 sua
824 2715 998 2753 facinora
1018 2712 1302 2764 deprehensum
1324 2710 1365 2748 iri
1386 2709 1614 2760 praevident,

143 2774 446 2828 tergiversantur
466 2783 506 2814 et
525 2788 597 2814 nos
630 2775 791 2827 indigna
815 2776 943 2815 facere
975 2775 1126 2813 dicunt.
1184 2772 1318 2823 Atqui,
1340 2772 1368 2809 si
1390 2784 1456 2809 eos
1483 2771 1547 2822 qui
1575 2772 1613 2808 in

143 2845 232 2877 acta
250 2844 382 2876 vestra
400 2837 597 2888 inquirunt
617 2837 827 2889 iniquitatis
848 2837 1054 2884 accusatis,
1074 2835 1167 2888 quid
1183 2835 1336 2874 taudem
1356 2847 1427 2874 nos
1443 2833 1491 2873 de
1507 2834 1614 2874 vobis

144 2900 320 2939 dicemus
341 2899 407 2951 qui
427 2911 499 2938 nos
518 2899 592 2951 ipsi
608 2899 843 2952 decepistis?
