1965 3356
420 221 477 258 IN
509 220 782 259 EVERGUM
817 218 882 256 ET
915 216 1304 254 MNESIBULUM.
1516 214 1592 251 665

124 338 164 370 et
182 333 381 371 verberare
400 344 478 371 non
499 332 731 377 destiterint,
751 330 876 368 donec
909 328 944 366 ei
970 327 1153 379 poculum
1183 340 1203 364 e
1231 328 1316 364 sinu
1347 325 1594 377 eripuissent.

125 394 277 433 Famuli
309 402 439 434 autem
468 395 680 434 vicinorum
708 392 843 431 audito
868 390 1052 437 clamore,
1079 402 1200 441 quum
1228 401 1333 427 meas
1354 388 1460 426 aedes
1483 386 1596 438 diripi

121 457 315 504 viderent,
330 458 394 496 alii
409 471 430 496 e
446 458 525 496 suis
546 457 657 496 tectis
678 455 874 493 vocabant
891 460 1187 504 praetereuntes,
1200 451 1265 489 alii
1288 451 1405 488 etiam
1425 450 1463 487 in
1484 449 1597 487 aliam

122 518 224 557 viam
245 521 402 571 egressi,
433 527 471 557 et
492 517 789 570 Hagnophilum
809 522 1110 567 praetereuntem
1139 512 1368 565 conspicati,
1389 511 1596 562 jusserunt

123 581 322 620 accedere.
381 580 655 632 Hagnophilus
688 586 830 624 autem,
859 591 882 616 a
913 577 1059 615 famulo
1083 574 1352 614 Anthemionis
1387 574 1598 611 acces-situs

122 644 189 694 qui
203 643 296 682 mihi
311 643 459 682 vicinus
472 650 545 688 est,
561 641 742 689 accessit,
761 654 806 680 ae
826 641 865 678 in
882 639 986 678 aedes
1005 638 1162 691 quidem
1178 639 1375 689 ingressus
1389 648 1469 673 non
1485 642 1599 673 est-

122 705 163 744 id
183 705 288 744 enim
310 707 471 744 absente
491 705 649 743 domino
668 704 778 742 nefas
796 703 1028 755 putabat———,
1047 701 1119 740 sed
1142 701 1181 739 in
1201 698 1474 739 Anthemionis
1500 710 1599 748 prae-

123 768 189 805 dio
207 772 327 814 stans,
348 768 442 807 vidit
468 776 506 806 et
535 766 817 819 supellectilem
849 763 986 811 efferri,
1015 771 1054 803 et
1074 764 1274 814 Evergum
1304 774 1351 800 ac
1386 758 1600 811 Theophe-

123 843 230 867 mum
253 843 275 868 e
303 830 397 868 meis
425 830 575 868 aedibus
602 828 747 880 egredi.
806 827 943 878 Neque
964 840 1069 872 vero,
1094 825 1271 871 Judices,
1296 822 1466 874 abreptis
1495 821 1598 859 dun-

123 900 232 930 taxat
263 892 367 930 vasis
400 892 497 930 meis
531 891 723 936 abierunt,
753 889 821 928 sed
851 897 890 927 et
924 888 1044 927 filium
1081 901 1151 940 pro
1186 899 1298 925 servo
1333 885 1600 929 abduxerunt,

123 953 250 993 donec
281 967 381 993 unus
413 968 434 992 e
458 953 592 992 vicinis
627 953 899 1003 Hermogenes
933 951 1087 990 obviam
1115 950 1170 988 eis
1198 949 1326 987 factus
1359 947 1482 985 filium
1515 958 1601 983 esse

124 1028 253 1053 meum
284 1015 394 1053 dixit.
457 1015 552 1053 Haec
580 1022 623 1052 ut
645 1027 667 1052 a
686 1027 747 1052 me
768 1027 858 1052 vere
888 1013 962 1051 dici
984 1019 1152 1058 constet,
1173 1009 1396 1050 testimonia
1416 1008 1526 1047 vobis
1547 1007 1603 1045 le-

126 1085 279 1129 geritur.

678 1221 1040 1258 TESTIMONIA.

183 1319 243 1354 17.
275 1318 329 1355 Ut
347 1324 475 1355 autem
499 1329 546 1355 ea
564 1330 654 1367 quae
677 1316 901 1354 acciderant
915 1316 953 1354 in
978 1316 1168 1355 Piraeeum
1191 1315 1284 1354 mihi
1303 1329 1326 1354 a
1345 1315 1481 1354 vicinis
1504 1328 1602 1353 nun-

124 1381 231 1418 ciata
247 1385 350 1426 sunt,
370 1379 571 1431 profectus
591 1379 630 1416 in
652 1392 802 1430 agrum,
825 1392 892 1416 eos
921 1392 1000 1417 non
1032 1378 1311 1431 deprehendo:
1343 1377 1415 1416 sed
1433 1391 1522 1416 cum
1547 1377 1604 1415 vi-

125 1442 271 1480 dissem
299 1441 486 1493 quicquid
504 1441 544 1479 in
564 1441 715 1480 aedibus
733 1441 958 1480 habuissem
979 1448 1241 1493 exportatum,
1263 1448 1303 1480 et
1321 1454 1440 1479 anum
1459 1448 1502 1479 ut
1522 1446 1606 1479 erat

125 1504 276 1552 affecta,
295 1510 335 1543 et
364 1505 412 1543 ab
432 1517 549 1542 uxore
573 1503 770 1542 audissem
787 1517 879 1555 quae
908 1504 1015 1542 facta
1041 1512 1186 1549 essent,
1208 1503 1504 1555 Theophemum
1533 1516 1604 1554 po-

125 1567 258 1606 stridie
290 1580 404 1605 mane
433 1566 596 1605 conveni
627 1565 666 1603 in
699 1568 806 1613 urbe,
828 1567 996 1605 testibus
1025 1566 1221 1613 adductis,
1241 1579 1408 1617 eumque
1436 1566 1605 1618 primum

117 1628 219 1680 jussi
237 1629 424 1667 mulctam
445 1628 616 1679 recipere
635 1635 675 1666 et
694 1628 803 1679 sequi
824 1629 874 1666 ad
905 1641 1104 1672 mensam3
1136 1627 1292 1673 deinde,
1310 1641 1445 1666 curare
1466 1627 1605 1665 mulie-

126 1705 207 1730 rem
231 1704 349 1742 quam
368 1691 622 1735 lacerassent,
646 1696 687 1727 et
718 1690 912 1728 medicum
935 1690 1182 1729 introducere
1211 1703 1326 1741 quem
1353 1690 1426 1741 ipsi
1446 1689 1604 1727 vellent.

127 1754 227 1792 Haec
256 1766 316 1792 me
335 1753 489 1791 dicente
521 1758 559 1790 et
581 1751 829 1798 testificante,
850 1751 979 1790 multis
1000 1752 1187 1790 conviciis
1214 1751 1308 1788 mihi
1333 1751 1460 1796 dictis,
1479 1751 1607 1789 rPheo-

125 1816 289 1867 phemus
307 1815 464 1867 quidem
483 1828 587 1865 aegre
611 1815 858 1865 sequebatur,
879 1814 1155 1865 tergiversaris,
1178 1819 1218 1851 et
1238 1812 1424 1851 dictitans
1445 1826 1486 1851 se
1509 1826 1606 1864 quo-

125 1890 202 1928 que
221 1883 341 1916 testes
361 1876 513 1929 aliquos
533 1876 908 1922 adhibiturum,—id
924 1889 1016 1914 vero
1037 1876 1195 1914 dicebat
1214 1875 1322 1920 dolo,
1344 1883 1387 1914 ut
1414 1888 1523 1913 mora
1547 1876 1607 1913 in-

128 1939 422 1978 tercederet—:
454 1939 630 1990 Evergus
651 1945 783 1976 autern
805 1938 935 1976 statim
952 1952 1001 1976 ex
1015 1939 1112 1976 urbe
1128 1951 1216 1977 cum
1237 1937 1321 1976 aliis
1341 1938 1401 1975 sui
1417 1937 1607 1976 similibus

126 2001 166 2040 in
185 2014 322 2053 agrum
342 2014 538 2053 egressus,
568 2000 760 2052 reliquum
791 2000 1105 2047 instrumentum,
1127 2000 1159 2038 si
1188 2014 1267 2052 qua
1296 2001 1398 2039 forte
1426 1999 1551 2052 pridie
1570 2001 1608 2038 in

128 2065 224 2103 turri
252 2064 403 2115 reliqua
427 2070 467 2102 et
485 2076 563 2101 non
594 2063 762 2114 prolata,
783 2069 988 2115 postquam
1008 2076 1100 2101 vero
1132 2076 1207 2114 ego
1238 2076 1424 2102 veneram
1449 2069 1610 2114 propter

129 2125 401 2165 necessitatem
417 2124 647 2177 deprompta
659 2124 830 2172 fuerant,
846 2130 979 2162 amota
993 2124 1132 2176 janua,
1151 2136 1267 2175 quam
1282 2131 1322 2162 et
1339 2123 1465 2175 pridie
1488 2123 1609 2162 colla-

130 2188 328 2227 befecerat
360 2186 462 2226 male
500 2194 643 2233 stante,
675 2187 838 2239 abrepta
870 2199 959 2225 mea
991 2185 1237 2238 supellectile
1270 2186 1364 2224 abiit
1393 2187 1441 2231 is,
1470 2199 1492 2224 a
1530 2198 1609 2237 quo

129 2265 256 2304 neque
272 2250 418 2303 judicio
437 2251 562 2289 victus
583 2263 702 2298 eram,
730 2257 770 2289 et
793 2263 884 2288 cum
904 2263 984 2301 quo
1004 2249 1101 2288 nihil
1129 2250 1224 2287 mihi
1244 2250 1468 2288 commercii
1488 2250 1606 2288 inter-

128 2320 317 2353 cesserat.
375 2312 645 2352 Satisfaciente
666 2319 796 2351 autem
821 2325 885 2350 me
903 2311 1172 2364 TheophemO,
1194 2312 1257 2350 cui
1275 2311 1488 2350 debueram
1509 2311 1609 2349 mul-

131 2383 250 2423 ctam,
271 2389 361 2415 cum
393 2375 595 2415 solvissem
623 2375 756 2414 multis
778 2374 945 2413 testibus
965 2374 1223 2426 praesentibus
1249 2373 1355 2412 mille
1387 2383 1544 2413 centum
1572 2383 1612 2411 et

131 2445 211 2477 tres
230 2438 438 2477 drachmas
458 2445 498 2477 et
517 2438 618 2477 duos
638 2437 774 2476 obolos
795 2450 966 2489 poenam,
994 2444 1035 2475 et
1054 2436 1214 2488 triginta
1235 2436 1500 2489 sportulas,—
1520 2449 1610 2474 nam

132 2507 362 2538 caeterarum
391 2500 625 2540 muletarum
660 2500 805 2538 nullam
834 2499 925 2537 mihi
958 2499 1215 2551 irrogarat—,
1234 2499 1410 2550 acceptis
1442 2498 1559 2549 igitur
1589 2509 1612 2535 a

131 2574 194 2600 me
213 2561 253 2600 in
272 2575 410 2601 mensa
429 2563 532 2601 mille
552 2561 737 2601 trecentis
757 2561 918 2613 triginta
932 2562 1054 2600 tribus
1076 2561 1271 2600 drachmis
1288 2561 1444 2599 duobus
1466 2559 1607 2605 obolis,

132 2623 316 2663 universa
334 2637 501 2672 summa,
520 2638 641 2677 quum
663 2637 737 2676 ego
757 2637 1002 2676 reposcerem
1028 2637 1120 2663 oves
1148 2624 1421 2676 mancipiaque
1451 2629 1492 2660 et
1518 2635 1612 2660 vasa

135 2699 222 2738 quae
240 2686 333 2725 mibi
352 2687 560 2739 eripuerat,
579 2687 823 2726 redditurum
846 2701 887 2725 se
908 2687 1079 2738 negavit,
1099 2686 1174 2724 nisi
1196 2686 1284 2737 quis
1305 2692 1345 2724 et
1364 2699 1405 2723 se
1425 2692 1464 2723 et
1485 2685 1613 2722 socios

137 2760 229 2786 suos
248 2748 355 2787 omni
377 2749 552 2795 crimine,
572 2755 696 2788 testes
728 2749 818 2788 falsi
838 2749 1054 2787 testimonii
1075 2748 1244 2793 actione,
1262 2748 1456 2786 liberaret.
1515 2746 1615 2790 Quae

136 2823 226 2848 cum
243 2810 310 2850 ille
329 2812 608 2864 respondisset,
629 2812 760 2850 statim
785 2825 852 2851 eos
881 2812 948 2864 qui
977 2812 1140 2850 aderant
1168 2819 1286 2849 testes
1307 2810 1384 2848 feci
1415 2810 1614 2861 responsi-

137 2873 235 2917 oni&
254 2880 295 2911 et
305 2873 528 2925 judicatum
558 2874 668 2921 solvi,
688 2888 817 2926 neque
843 2874 1046 2913 dilatorem
1073 2881 1251 2925 oportere
1273 2886 1361 2911 esse
1378 2885 1440 2910 me
1456 2872 1612 2925 putavi;

140 2935 335 2986 Evergum
355 2948 402 2974 eo
419 2936 483 2975 die
501 2937 717 2988 ingressum
745 2937 862 2975 fuisse
891 2936 930 2974 in
956 2936 1060 2975 aedes
1090 2948 1195 2973 meas
1225 2936 1424 2986 ignorans.
1484 2934 1614 2972 Enim-

139 3009 230 3035 vero
260 3009 348 3035 cum
375 2997 596 3048 judicatum
625 2999 841 3046 solvissem,
870 2997 1148 3049 Theophemus
1187 3010 1264 3035 non
1295 2997 1414 3036 modo
1446 3009 1539 3035 oves
1576 3003 1617 3034 et

867 3066 892 3097 4
914 3072 939 3101 Q
