1915 3356
446 183 522 220 DE
553 183 703 222 MALE
741 184 914 222 GESTA
943 182 1286 223 LEGATIONE.
1551 191 1602 226 53

138 304 248 329 ceras
261 291 529 331 Demomelem
549 293 832 340 Paeaniensem,
849 293 1125 332 consobrinum
1147 301 1270 341 tuum,
1285 307 1374 333 cum
1393 293 1478 346 ipse
1494 303 1603 334 tuum

137 360 255 404 caput
272 354 492 394 incidisses.
532 355 677 395 Tamen
697 358 810 394 verba
830 356 960 393 fundis
983 355 1089 405 apud
1108 368 1180 393 nos
1208 357 1412 407 sapientia,
1437 360 1547 409 quasi
1565 360 1604 397 hi

135 413 328 464 ignorent,
349 423 387 454 te
406 418 527 455 filium
543 418 804 456 adulterinum
826 430 912 455 esse
930 416 1208 454 Demosthenis
1230 418 1444 468 gladiorum
1465 421 1575 458 fabri.

190 472 255 515 302
287 478 479 517 Praeterea
490 480 617 518 dicere
632 493 750 517 ausus
771 492 827 526 es,
848 492 908 517 me
930 479 1122 530 legatione
1143 478 1469 530 Amphictyonica
1488 483 1604 521 etiam

134 538 297 589 ejurata,
318 542 442 580 officio
462 555 538 580 non
554 555 641 579 esse
660 542 836 579 functum
856 555 865 579 :
897 555 942 580 ac
959 542 1157 579 decretum
1174 541 1280 578 aliud
1296 543 1479 588 recitasti,
1499 545 1606 583 aliud

134 601 360 640 transiliisti.
402 603 490 653 Ego
510 615 601 640 vero
630 603 783 654 legatus
813 604 862 641 ad
890 604 1197 655 Amphictyones
1227 609 1397 649 creatus,
1428 607 1604 653 quamvis

133 659 284 700 infirma
312 664 550 710 valetudine,
582 678 725 716 magna
744 673 875 704 tamen
904 680 992 704 cum
1023 665 1237 711 alacritate,
1269 678 1369 711 eam,
1390 667 1495 704 unde
1516 670 1604 706 red-

94 746 98 749 «
131 721 264 770 ieram,
279 724 514 775 legationem
534 726 639 776 apud
659 741 728 765 vos
750 729 987 774 renunciavi,
1018 727 1254 778 legationem
1275 734 1405 764 autem
1427 741 1504 765 non
1523 730 1604 780 eju-

131 784 225 829 ravi,
246 786 316 822 sed
335 787 493 836 promisi
513 801 573 825 me
600 789 809 833 obiturum,
831 790 863 826 si
889 790 970 826 ullo
995 789 1112 826 modo
1141 802 1324 839 possem:
1355 802 1444 826 cum
1474 797 1603 829 autern

129 844 294 896 collegae
313 848 388 885 mei
403 840 593 886 'senatum
624 850 867 894 accederent,
893 849 1050 886 fratrem
1069 863 1198 886 meum
1217 850 1379 900 ejusque
1408 851 1543 898 filium,
1565 860 1604 891 et

129 906 324 945 medicum
354 908 455 954 misi,
485 922 562 947 non
591 923 678 948 meo
706 910 859 948 nomine
887 910 1242 961 ejuratos—neque
1271 912 1373 949 enim
1404 912 1466 950 lex
1500 914 1603 961 sinit,

128 968 260 1019 populi
279 969 470 1021 suffragiis
490 971 647 1009 decreta
665 983 828 1009 munera
847 971 886 1008 in
907 978 1044 1009 senatu
1065 972 1291 1023 ejurare—,⁷
1311 973 1381 1011 sed
1401 973 1603 1014 infirmita-

127 1035 207 1067 tem
228 1043 352 1069 meam
372 1032 624 1071 indicaturos.
668 1033 769 1072 Cum
790 1040 919 1071 autem
940 1033 1102 1084 collegae
1123 1033 1212 1079 mei,
1234 1035 1430 1073 Phocensi
1450 1037 1602 1076 excidio

123 1092 272 1135 audito,
291 1095 556 1141 revertissent,
576 1095 712 1133 habita
737 1095 938 1141 concione,
952 1095 1034 1146 jam
1055 1108 1240 1146 praesens,
1262 1103 1301 1134 et
1324 1110 1486 1148 corpore
1505 1112 1601 1137 con-

126 1153 294 1200 firmato,
324 1168 411 1193 cum
444 1156 610 1208 populus
631 1157 882 1195 nihilominus
903 1170 975 1195 nos
1005 1170 1140 1195 omnes
1168 1157 1234 1208 qui
1260 1159 1427 1209 primum
1459 1159 1602 1199 delecti

126 1214 324 1255 fueramus
345 1217 394 1255 ad
411 1218 635 1256 obeundam
652 1219 887 1270 legationem
907 1219 1097 1269 adigeret,
1117 1233 1195 1256 non
1214 1221 1347 1258 danda
1371 1235 1459 1259 esse
1482 1223 1601 1261 verba

125 1277 435 1317 Atheniensibus
454 1280 680 1318 existimavi.
714 1281 771 1318 At
786 1281 894 1318 illam
914 1281 1070 1331 quidem
1085 1281 1335 1331 legationem,
1353 1295 1413 1325 me
1430 1283 1600 1322 rationes

122 1340 331 1386 referente,
354 1354 432 1379 non
455 1343 685 1389 accusabas,
705 1341 807 1380 hanc
825 1349 957 1380 autem
982 1342 1145 1389 invadis,
1166 1356 1244 1393 qua
1264 1344 1313 1381 ad
1327 1345 1600 1395 Jusjurandum

122 1402 324 1452 profectus
339 1415 446 1447 sum;
478 1416 597 1454 quam
611 1417 687 1454 ego
700 1404 904 1455 perspicue
921 1410 961 1443 et
975 1405 1062 1454 jure
1078 1404 1227 1456 optimo
1242 1404 1465 1444 defendam.
1496 1407 1598 1445 Nam

120 1463 190 1502 tibi
208 1465 378 1516 quidem,
399 1472 439 1504 et
450 1467 730 1504 mentientibus
743 1467 923 1505 omnibus
939 1473 1001 1504 est
1013 1467 1367 1513 accommodatum,
1386 1469 1598 1508 transferre

120 1533 296 1578 tempora
313 1541 322 1565 :
343 1528 435 1566 mihi
451 1541 560 1573 vero,
584 1528 720 1579 ordine
735 1528 941 1579 disserere,
958 1529 1141 1567 orationis
1157 1529 1264 1566 initio
1279 1530 1446 1580 repetito
1466 1544 1488 1568 a
1509 1544 1598 1581 pro-

118 1588 303 1636 fectione,
317 1596 356 1627 et
370 1589 565 1641 legatione
577 1597 739 1642 propter
758 1590 991 1642 exigendum
1001 1591 1275 1643 jusjurandum
1289 1599 1486 1643 suscepta.
1515 1593 1599 1631 Pri-

118 1662 226 1688 mum
243 1664 363 1702 quum
377 1651 496 1703 legati
509 1659 642 1690 essent
655 1653 807 1699 decem,
824 1660 941 1704 atque
954 1653 1184 1690 undecimus
1201 1654 1419 1701 accederet,
1434 1655 1466 1693 is
1482 1669 1596 1706 quem

119 1711 297 1751 foederati
316 1713 520 1752 nobiscum
542 1714 740 1761 miserant,
760 1727 875 1752 nemo
896 1728 986 1752 cum
1006 1717 1082 1752 isto
1101 1714 1230 1752 cibum
1251 1728 1404 1766 capere,
1422 1730 1510 1754 cum
1534 1730 1594 1754 se-

118 1774 251 1812 cunda
269 1774 467 1825 legatione
487 1775 692 1823 exiremus,
706 1776 842 1823 voluit,
862 1789 990 1828 neque
1006 1776 1044 1813 in
1066 1776 1215 1822 itinere,
1237 1777 1303 1814 ubi
1325 1778 1433 1815 vitari
1454 1779 1593 1829 potuit,

118 1835 158 1873 in
175 1836 315 1874 eadem
336 1850 513 1888 caupona
531 1838 739 1883 divertere,
760 1838 906 1889 quippe
927 1838 993 1889 qui
1016 1838 1200 1883 viderent,
1222 1852 1310 1876 eum
1332 1839 1458 1890 priore
1487 1840 1593 1892 lega-

114 1897 223 1935 tione
243 1899 424 1938 omnibus
443 1900 668 1938 insidiatum
685 1915 785 1939 esse.
821 1902 881 1939 De
901 1901 1037 1939 itinere
1057 1914 1170 1952 porro
1191 1902 1230 1939 in
1247 1902 1454 1941 Thraciam
1472 1905 1595 1942 susci-

115 1960 276 2010 piendo,
297 1961 406 1999 nulla
425 1962 530 2001 facta
549 1969 610 2000 est
621 1963 950 2014 mentio-neque
969 1963 1073 2000 enim
1093 1963 1255 2002 decreto
1275 1963 1314 2000 id
1335 1964 1445 2002 nobis
1468 1965 1593 2016 injun-

116 2022 297 2071 gebatur,
317 2022 386 2059 sed
406 2022 670 2069 ici-duntaxat,
688 2031 732 2061 ut
743 2023 1013 2074 jusjurandum
1041 2024 1297 2074 exigeremus,
1323 2038 1369 2063 ac
1390 2025 1465 2064 alia
1485 2040 1591 2077 quee-

113 2082 286 2134 piam--,
313 2096 386 2122 nec
407 2084 438 2121 si
457 2084 730 2130 voluissemus,
760 2098 873 2134 agere
903 2085 1012 2122 nobis
1038 2085 1224 2131 licuisset,
1258 2100 1348 2124 cum
1375 2087 1429 2124 ita
1450 2088 1591 2127 Cerso-

112 2145 258 2197 bleptis
287 2158 350 2183 res
379 2157 463 2183 sese
484 2145 686 2191 haberent,
707 2152 751 2183 ut
768 2146 886 2183 mod-o
905 2146 1123 2192 audivistis,
1143 2161 1268 2198 neque
1289 2148 1362 2186 iste
1383 2150 1589 2200 quicquam

114 2208 194 2245 veri
208 2207 317 2254 dixit,
334 2206 403 2244 sed
418 2206 615 2253 mentitur,
631 2213 670 2245 et
684 2207 776 2258 quia
786 2221 918 2245 verum
936 2208 1087 2245 nullum
1101 2208 1248 2247 crimen
1264 2210 1430 2261 objicere
1445 2219 1588 2262 potest,

111 2269 330 2322 praestigias
350 2269 443 2320 agit.

169 2333 233 2371 31.
264 2331 538 2381 Sequebantur
561 2339 694 2369 autem
713 2344 804 2370 eum
824 2331 1002 2369 homines
1029 2332 1123 2379 duo,
1150 2333 1324 2372 sarcinas
1352 2335 1586 2374 lectulorum

111 2395 292 2439 ferentes,
325 2393 364 2430 in
385 2405 547 2443 quarum
566 2393 702 2440 altera,
721 2400 768 2431 ut
785 2393 866 2444 ipse
888 2393 1029 2439 aiebat,
1058 2394 1248 2433 talentum
1269 2397 1421 2447 argenti
1448 2397 1583 2436 inerat.

111 2456 250 2507 Itaque
276 2455 442 2506 collegae
473 2460 645 2492 veterum
680 2455 763 2506 ejus
797 2456 1073 2506 cognominum
1104 2457 1424 2496 recordabantur.
1481 2459 1583 2498 Nam

107 2531 208 2570 puer
231 2517 324 2555 dum
339 2523 461 2563 esset,
481 2518 531 2554 ob
552 2517 740 2568 flagitium
767 2518 980 2569 quoddam,
1013 2527 1082 2556 aut
1104 2519 1314 2566 mollitiem,
1344 2521 1503 2559 Batalus
1523 2531 1584 2561 est

105 2585 287 2626 vocatus,
312 2591 400 2617 cum
432 2579 634 2630 pueritiam
655 2580 904 2626 excessisset,
927 2587 966 2618 et
984 2580 1023 2618 in
1045 2594 1138 2619 suos
1165 2588 1314 2620 tutores
1344 2582 1489 2620 denum
1523 2592 1581 2622 ta-

106 2643 257 2680 lentum
278 2642 449 2680 actiones
470 2641 714 2689 instituisset,
741 2643 866 2694 Argas
886 2649 947 2680 est
974 2642 1208 2694 appellatus,
1229 2644 1286 2681 vir
1308 2657 1422 2694 porro
1439 2645 1581 2693 factus,

109 2716 315 2743 commune
346 2703 533 2741 omnium‘
549 2703 813 2755 improborum
845 2711 1151 2755 cognomentum
1184 2706 1406 2756 assumpsit,
1441 2714 1485 2743 ut
1512 2721 1578 2746 ca-

108 2765 316 2804 lumniator
334 2772 549 2804 vocaretur.
583 2767 671 2805 Ibat
693 2773 836 2814 autem,
858 2767 1033 2817 captivos
1058 2774 1102 2804 ut
1123 2768 1265 2815 aiebat,
1286 2768 1575 2819 redempturus,

109 2834 153 2866 ut
163 2827 281 2865 modo
297 2827 402 2878 apud
418 2840 486 2866 vos
502 2828 617 2866 etiam
632 2828 743 2876 dixit,
759 2842 848 2867 cum
864 2829 993 2876 sciret,
1008 2829 1232 2881 Philippum
1250 2844 1272 2867 a
1286 2831 1438 2868 nemine
1453 2832 1575 2870 Athe-

103 2889 229 2927 niensi
248 2889 402 2941 captivo
428 2891 593 2940 pretium
615 2904 786 2942 unquam
817 2891 1050 2942 postulasse,
1075 2899 1114 2929 et
1136 2905 1184 2930 ex
1216 2893 1298 2943 ejus
1326 2893 1460 2930 amicis
1491 2907 1572 2931 om-

106 2954 221 2992 nibus
241 2953 406 3003 audiret,
429 2966 516 2991 eum
533 2954 647 2993 etiam
664 2955 848 3005 reliquos,
870 2967 966 3005 pace
981 2955 1097 3001 facta,
1119 2955 1365 2994 dimissurum
1385 2966 1395 2997 ς
1426 2956 1575 2994 ferebat
