1915 3356
601 192 655 230 lN
687 190 1139 229 CTESIPHONTEM.
1556 192 1603 226 77

145 298 233 336 bere
258 310 338 343 eos,
367 298 432 348 qui
458 311 505 335 ex
528 298 703 335 tribubus
735 296 875 334 delecti
907 293 997 339 sint,
1030 302 1238 345 postquam
1265 296 1303 332 in
1318 295 1493 346 judiciali
1522 295 1607 333 foro

142 360 409 410 probarentur,
440 358 668 409 magistratu
687 358 799 408 fungi
817 371 825 395 :
856 357 963 406 atqui
983 356 1105 393 tribus
1126 356 1343 394 Pandionia
1375 357 1607 395 Demosthe-

144 433 232 458 nem
261 421 532 471 magistratum
552 427 592 458 et
618 420 801 457 moenium
820 419 1115 455 instauratorem
1144 418 1303 468 delegit,
1331 419 1423 468 quin
1447 419 1497 456 ad
1525 433 1607 457 eam

145 495 225 519 rem
251 482 370 532 paulo
396 483 524 519 minus
553 482 687 519 decem
716 479 870 518 talentis
900 492 947 517 ex
975 480 1111 517 aerario
1143 478 1283 516 habet:
1308 480 1386 530 jam
1415 494 1504 518 vero
1535 481 1612 518 alia

144 543 208 581 lex
228 550 335 581 vetat
364 544 635 594 magistratum
660 549 749 580 ante
781 542 951 579 rationes
979 541 1118 578 relatas
1149 541 1347 578 coronari:
1381 555 1450 579 vos
1481 549 1609 580 autem

142 604 396 656 jurejurando
419 604 547 642 adacti
566 603 658 641 estis
681 603 912 641 sententiam
934 604 1032 640 ferre
1054 601 1272 640 secundum
1294 601 1426 651 leges:
1457 610 1497 639 at
1528 617 1611 641 ora-

147 673 206 704 tor
222 666 295 704 iste
315 665 498 711 decrevit,
518 664 715 702 hominem
741 664 953 702 rationibus
979 663 1188 701 reddendis
1209 663 1419 700 obnoxium
1440 676 1527 701 esse
1548 678 1613 702 co-

146 727 380 772 ronandum,
399 740 526 777 neque
544 725 640 763 illud
654 726 795 778 adjecit
816 740 840 777 p
853 739 903 764 os
918 733 1150 776 teaquam
1175 739 1193 762 r
1206 725 1314 762 atio
1328 738 1352 761 n
1366 737 1415 762 es
1442 738 1459 762 r
1475 738 1494 762 e
1508 726 1533 762 d
1547 726 1571 763 d
1586 727 1614 763 i-

146 788 202 825 de
214 788 299 825 rit:
327 800 400 839 ego
414 801 505 825 vero
518 788 661 826 crimen
678 787 870 839 plebisciti
885 794 1021 825 contra
1040 787 1147 837 leges
1163 786 1255 824 facti
1273 793 1356 824 tum
1374 786 1519 837 legum,
1535 794 1616 824 turn

147 848 405 896 decretorum,
431 856 515 886 tum
545 848 854 886 adversariorum
881 848 1113 886 testimoniis
1143 848 1294 886 evinco.
1343 849 1432 890 Quo
1457 848 1616 886 tandem

146 915 263 961 pacto
283 910 454 961 apertius
476 910 681 961 quisquam
714 910 978 948 demonstrare
999 910 1124 961 possit
1141 909 1338 947 hominem
1364 910 1517 960 legibus
1545 912 1615 948 ini-

147 971 356 1010 micissima
375 971 608 1023 scripsisse?

204 1035 268 1071 14.
298 1033 420 1071 Porro
436 1040 474 1071 et
492 1046 646 1071 coronae
663 1033 983 1084 praedicationem
1003 1047 1091 1071 eum
1111 1035 1149 1072 in
1167 1034 1265 1072 scito
1286 1046 1357 1071 suo
1366 1034 1505 1085 jubere
1525 1048 1618 1073 con-

150 1102 211 1133 tra
229 1095 338 1147 leges
368 1095 463 1143 fieri,
482 1096 522 1133 id
542 1109 699 1147 quoque
719 1109 786 1134 vos
814 1096 999 1134 edocebo.
1045 1096 1125 1134 Lex
1152 1097 1252 1134 enim
1274 1096 1417 1134 diserte
1439 1097 1566 1148 jubet,
1588 1098 1619 1135 si

150 1170 266 1207 quem
287 1170 433 1195 corona
451 1157 570 1196 donet
591 1164 763 1205 senatus,
784 1166 827 1196 ut
845 1159 884 1196 in
904 1159 1011 1196 curia
1030 1159 1276 1210 praedicetur,
1298 1158 1358 1196 sin
1378 1160 1559 1210 populus,
1580 1160 1617 1198 in

151 1219 354 1266 concione,
374 1219 464 1258 alibi
481 1233 570 1258 vero
586 1233 792 1271 nusquam.
824 1220 965 1259 Recita
981 1221 1074 1259 mihi
1093 1221 1234 1272 legem.

827 1359 948 1397 LEX.

154 1453 350 1493 Praeclara
364 1467 457 1493 sane
475 1455 543 1493 lex
561 1455 638 1493 ista
656 1462 730 1502 est,
745 1456 1020 1495 Athenienses.
1063 1456 1202 1507 Neque
1222 1457 1337 1504 enim,
1358 1458 1507 1508 opinor,
1529 1471 1619 1497 cen>

154 1516 231 1553 suit
257 1516 458 1567 legislator
485 1524 679 1555 oratorem
705 1517 843 1556 decere
865 1531 907 1556 se
927 1518 1029 1569 apud
1054 1524 1207 1556 exteros
1228 1518 1433 1568 magnifice
1457 1521 1621 1569 jactare,

155 1576 227 1615 sed
255 1577 350 1615 satis
377 1579 534 1626 habere,
555 1579 588 1616 si
613 1573 781 1616 in'urbe'
797 1593 820 1617 a
845 1581 989 1631 populo
1015 1586 1186 1626 ornetur,
1219 1593 1344 1630 neque
1364 1581 1402 1617 in
1423 1582 1624 1631 praeconiis

154 1645 349 1688 quaestum
369 1640 568 1691 aucupari.
599 1640 729 1691 Atque
748 1641 803 1679 ita
821 1642 977 1692 quidem
994 1642 1092 1680 lator
1106 1641 1203 1692 legis
1222 1655 1230 1680 z
1262 1642 1477 1693 Ctesiphon
1497 1650 1623 1681 autern

155 1701 380 1751 quomodo?
408 1701 546 1740 Recita
565 1702 780 1741 decretum.

719 1848 1053 1886 DECRETUM.

157 1939 324 1991 Auditis,
343 1941 621 1989 Athenienses,
644 1942 782 1994 jubere
803 1943 1082 1994 legislatorem,
1103 1949 1148 1980 ut
1171 1943 1237 1993 qui
1264 1956 1286 1980 a
1311 1945 1455 1994 populo
1482 1957 1625 1983 corona

157 2002 335 2048 donetur,
355 2003 404 2040 de
423 2016 471 2041 eo
490 2004 595 2054 apud
616 2004 801 2055 populum
820 2004 857 2041 in
879 2004 1012 2055 Pnyce
1033 2004 1223 2042 concione
1241 2005 1375 2042 habita
1386 2007 1625 2056 praeconium

157 2063 239 2110 fiat,
255 2063 346 2101 alibi
361 2077 452 2103 vero
473 2078 663 2116 nusquam
680 2078 688 2102 :
719 2072 759 2103 at
775 2065 991 2116 Ctesiphon
1007 2066 1045 2102 in
1062 2065 1227 2111 theatro,
1250 2079 1328 2104 non
1343 2067 1496 2117 legibus
1511 2069 1629 2107 modo

158 2125 309 2176 spretis,
330 2126 400 2164 sed
415 2127 530 2165 etiam
543 2127 631 2165 loco
646 2134 898 2173 commutato,
915 2140 993 2165 non
1010 2127 1314 2166 Atheniensibus
1334 2129 1383 2166 ad
1401 2130 1626 2167 concionem

158 2187 395 2233 convocatis,
408 2189 478 2225 sed
495 2189 606 2226 novis
621 2188 805 2238 tragoedis
819 2189 972 2225 fabulas
991 2189 1210 2238 agentibus,
1229 2203 1306 2227 non
1323 2202 1452 2227 coram
1468 2192 1627 2241 populo,

159 2248 230 2286 sed
250 2249 518 2299 spectantibus
538 2249 702 2296 Graecis,
723 2257 766 2287 ut
781 2250 894 2287 nobis
913 2250 1057 2288 conscii
1075 2251 1165 2296 sint,
1187 2252 1291 2301 quali
1312 2265 1383 2289 nos
1403 2252 1483 2290 viro
1503 2253 1627 2292 hono-

159 2325 242 2350 rem
259 2312 492 2351 habeamus.

219 2376 280 2412 15.
312 2374 413 2412 Cum
432 2375 548 2426 igitur
566 2382 644 2413 tam
661 2381 792 2426 aperte
813 2375 963 2426 legibus
977 2376 1170 2414 contraria
1186 2377 1395 2428 scripserit,
1410 2378 1629 2429 conjunctis

162 2450 253 2476 cum
279 2436 551 2475 Demosthene
569 2437 712 2475 viribus
739 2436 902 2475 technas
922 2437 1112 2488 quasdam
1138 2438 1290 2490 legibus
1312 2439 1502 2484 intendet,
1533 2454 1630 2490 quas

162 2512 238 2551 ego
255 2498 365 2537 vobis
383 2498 566 2536 indicabo
587 2505 628 2536 et
644 2498 869 2550 praedicam,
897 2511 946 2536 ne
975 2499 1241 2551 imprudentes
1267 2502 1304 2538 in
1330 2514 1494 2539 errorem
1515 2502 1629 2539 indu-

164 2560 321 2600 camini.
363 2560 520 2611 Negare
541 2559 643 2598 enim
663 2560 726 2598 isti
757 2573 834 2599 non
863 2568 1058 2612 poterunt,
1086 2563 1177 2613 quin
1207 2563 1312 2614 leges
1341 2569 1487 2608 vetent,
1517 2577 1565 2601 ne
1596 2565 1628 2603 is

164 2635 282 2674 quem
294 2622 465 2674 populus
482 2629 643 2661 coronet
661 2629 771 2661 extra
791 2624 1019 2661 concionem
1036 2624 1268 2675 praedicetur
1285 2638 1293 2662 ε
1322 2625 1520 2663 adducent
1540 2640 1630 2664 vero

164 2696 243 2735 qua
267 2696 309 2722 se
338 2684 554 2722 defendant
584 2684 712 2736 legem
741 2684 1034 2736 Dionysiacam,
1069 2687 1230 2737 ejusque
1259 2693 1407 2737 partem
1433 2687 1629 2736 quandam

166 2744 358 2792 citabunt,
377 2759 454 2797 quo
483 2746 640 2784 auribus
660 2747 799 2785 vestris
821 2748 1042 2794 abutantur,
1075 2747 1204 2799 legem
1238 2748 1404 2798 denique
1435 2749 1631 2798 proferent

166 2806 261 2846 nihil
279 2806 329 2845 ad
346 2806 423 2846 hoc
446 2808 635 2859 judicium
658 2809 932 2860 pertinentem,
961 2809 1168 2861 dicentque
1189 2811 1288 2848 duas
1307 2823 1395 2848 esse
1415 2810 1452 2846 in
1476 2810 1631 2850 civitate

166 2868 215 2906 de
234 2868 437 2919 praeconiis
456 2876 632 2921 receptas
647 2870 770 2922 leges,
785 2883 918 2917 unam,
938 2883 1053 2921 quam
1073 2883 1147 2922 ego
1176 2884 1279 2908 nunc
1299 2870 1466 2921 profero,
1487 2871 1630 2910 diserte

169 2936 364 2970 vetantem
386 2931 436 2970 de
456 2944 502 2970 eo
523 2945 640 2983 quem
660 2932 827 2985 populus
851 2945 993 2982 corona
1014 2932 1133 2971 donet
1155 2940 1259 2972 extra
1286 2933 1512 2972 concionem
1534 2947 1632 2985 proe-
