1948 3306
334 179 409 215 770
806 181 1032 222 CONTRA
1063 181 1321 222 NEAERAM.

331 281 506 320 tensione
521 283 694 333 prefecte
714 286 886 337 cognita,
906 287 961 325 sie
982 287 1137 327 demum
1154 289 1252 328 ferre
1274 287 1504 326 sententiam
1522 299 1593 339 pro
1611 287 1699 338 diis,
1722 299 1790 339 pro

330 342 494 393 legibus,
515 357 582 396 pro
596 345 758 398 justitia,
774 362 844 400 pro
863 349 973 387 vobis
993 350 1098 402 ipsis.

898 495 1238 537 ADVOCATIO.

379 589 418 625 6.
450 587 601 631 Quibus
621 589 779 630 affectus
795 591 956 643 injuriis,
973 592 1244 639 Athenienses,
1262 604 1285 630 a
1304 589 1504 643 Stephano
1523 589 1575 628 ad
1601 602 1789 630 accusan-

326 648 416 688 dam
452 652 633 690 Neeeram
666 653 951 701 adscenderim,
979 655 1266 694 Theomnestus
1302 655 1411 694 vobis
1443 653 1650 706 exposuit:
1681 667 1790 705 pere·
1823 655 1827 665 ¹

324 711 622 762 grinam-autem
641 727 731 753 esse
753 715 950 764 Neaeram,
969 724 1008 756 et
1027 723 1164 756 contra
1181 717 1291 768 leges
1310 717 1491 769 nupsisse
1511 715 1723 767 Stephano,
1749 714 1789 754 id

323 786 398 824 ego
417 776 620 827 perspicue
638 777 927 818 demonstrabo.
983 781 1042 818 Ac
1062 779 1229 831 primum
1249 779 1314 816 lex
1333 779 1444 817 vobis
1463 778 1697 825 recitabitur,
1714 790 1790 828 qua

323 835 608 877 Theomnestus
629 840 826 878 actionem
838 840 941 880 hanc
960 840 1141 889 instituit,
1155 847 1195 879 et
1214 853 1336 879 causa
1346 840 1432 879 haec
1448 840 1554 891 apud
1567 852 1635 880 vos
1648 839 1789 891 agitur.

994 963 1118 1002 LEX.

365 1052 419 1084 Sin
448 1055 564 1098 hospes
595 1058 756 1089 mulierem
780 1051 881 1091 civem
904 1059 1031 1090 duxerit
1053 1070 1234 1100 quacunque
1259 1064 1325 1090 arte
1348 1064 1400 1090 aut
1429 1058 1663 1095 machinatione,
1686 1057 1788 1098 quivis

322 1103 571 1144 Atheniensium,
588 1108 639 1138 cui
663 1109 695 1140 id
712 1109 798 1147 licet,
821 1120 891 1141 eum
907 1111 989 1150 apud
1011 1110 1154 1141 sexviros
1176 1115 1336 1141 accusato:
1364 1108 1419 1152 qui
1442 1109 1470 1140 si
1494 1109 1654 1140 damnatus
1681 1108 1788 1144 fuerit,

321 1158 515 1189 venundetur
526 1164 595 1189 tum
610 1160 678 1200 ipse
696 1166 760 1191 tum
777 1172 827 1192 res
850 1163 918 1201 ejus
942 1161 1113 1198 familiaris,
1129 1166 1161 1193 et
1183 1162 1280 1192 triens
1304 1161 1345 1192 sit
1368 1161 1436 1203 ejus
1450 1161 1502 1201 qui
1517 1171 1601 1192 reum
1621 1161 1791 1202 peregerit.

319 1207 469 1240 Similiter
491 1211 517 1240 si
534 1215 565 1242 et
580 1213 744 1252 peregrina
768 1213 831 1243 civi
847 1213 980 1254 cuipiam
1003 1212 1156 1253 nupserit,
1173 1213 1236 1254 pari
1257 1214 1387 1250 ratione,
1400 1213 1427 1244 is
1441 1213 1532 1245 etiam
1549 1213 1601 1253 qui
1617 1212 1789 1253 peregrini-

319 1260 389 1289 tatis
402 1261 575 1293 damnatam
590 1263 733 1294 habuerit
749 1264 779 1294 in
796 1264 988 1295 matrimonio
1004 1264 1090 1294 mille
1106 1264 1262 1294 drachmis
1279 1264 1455 1295 mulctetur.

373 1347 396 1382 7
403 1374 412 1383 .
442 1347 602 1399 Legem,
629 1349 652 1387 J
657 1349 805 1398 udices,
832 1349 1050 1397 audivistis,
1070 1363 1158 1402 quae
1176 1363 1250 1393 nec
1271 1350 1516 1402 peregrinam
1535 1349 1608 1388 civi
1627 1348 1786 1387 nubere.

319 1406 459 1459 Neque
492 1410 617 1449 civem
648 1413 850 1451 mulierem
881 1412 1104 1464 peregrino,
1124 1426 1251 1464 neque
1275 1412 1474 1464 suscipere
1504 1423 1556 1450 ex
1579 1423 1626 1450 ea
1643 1410 1787 1449 liberos

317 1475 399 1507 arte
433 1470 512 1510 ulla
543 1479 611 1511 aut
641 1474 933 1513 machinatione
964 1474 1078 1513 sinit:
1120 1487 1208 1525 quae
1229 1473 1261 1513 si
1287 1474 1374 1525 quis
1406 1473 1573 1520 violarit,
1595 1472 1787 1512 actionem

315 1536 451 1569 contra
471 1544 538 1570 eos
556 1533 664 1572 dedit
681 1535 786 1586 apud
802 1535 989 1583 sexviros‚
1009 1541 1090 1573 tam
1109 1541 1245 1574 contra
1263 1548 1332 1574 eos
1352 1534 1462 1574 dedit
1475 1534 1581 1587 apud
1597 1533 1785 1581 sexviros,

314 1598 393 1631 tam
421 1601 558 1633 contra
578 1597 838 1648 peregrinum,
858 1610 975 1649 quam
1002 1603 1139 1636 contra
1157 1597 1429 1649 peregrinam3
1458 1597 1525 1649 qui
1546 1595 1579 1635 si
1598 1596 1787 1635 damnen-

314 1662 390 1703 tur,
412 1669 479 1695 eos
499 1658 716 1697 venundari
731 1658 857 1710 jubet.
914 1659 1004 1697 Jam
1030 1659 1276 1712 peregrinam
1295 1672 1383 1699 esse
1403 1659 1600 1713 Neaeram,
1616 1658 1657 1697 id
1673 1658 1784 1697 vobis

313 1717 362 1755 ab
388 1717 473 1770 ipso
501 1720 712 1771 primordio
740 1721 1032 1761 demonstrabo.
1091 1721 1251 1773 Septem
1270 1721 1419 1773 puellas
1446 1722 1495 1760 ab
1515 1713 1605 1773 ipsa
1621 1720 1786 1759 infantia

313 1780 405 1818 emit
431 1781 628 1829 Nicareta‚
651 1782 816 1822 Charisii
838 1783 922 1822 Elei
942 1783 1092 1832 liberta,
1113 1783 1276 1836 Hippiae
1295 1783 1411 1836 coqui
1424 1783 1508 1835 ejus
1526 1795 1640 1830 uxor,
1663 1795 1786 1834 gnara

312 1848 351 1880 et
371 1843 495 1894 perita
511 1845 795 1897 perspiciendae
816 1852 992 1884 venustae
1012 1845 1261 1897 parvulorum
1281 1852 1446 1891 naturae,
1475 1851 1514 1883 et
1538 1857 1606 1884 eos
1623 1844 1785 1883 solerter

313 1904 508 1944 educandi
537 1907 844 1958 instituendique
878 1907 972 1955 scia,
993 1914 1037 1946 ut
1062 1920 1149 1959 quae
1176 1914 1300 1946 artem
1319 1920 1406 1946 eam
1424 1913 1636 1954 exerceret,
1666 1913 1783 1958 atque

312 1980 359 2005 ex
378 1980 425 2006 ea
444 1981 483 2007 re
499 1968 646 2008 victum
667 1970 907 2021 collegisset,
927 1969 1093 2008 filiarum
1114 1976 1245 2009 autem
1260 1983 1326 2009 eas
1346 1969 1504 2008 nomine
1523 1969 1782 2021 compellavit,

312 2037 356 2068 ut
375 2043 492 2081 quam
512 2031 698 2070 maximas
726 2032 774 2070 ab
795 2032 854 2080 iis,
875 2032 942 2084 qui
960 2044 1091 2070 earum
1114 2031 1437 2072 consuetudinem
1457 2038 1644 2083 tanquam
1674 2031 1783 2083 inge-

311 2105 476 2131 nuarum
495 2095 749 2146 appetebant,
764 2094 966 2133 mercedes
981 2094 1176 2146 exigeret;
1208 2101 1349 2146 postea
1364 2107 1481 2146 quam
1497 2099 1628 2132 autem
1648 2092 1782 2132 florem

309 2155 435 2194 aetatis
451 2169 742 2208 earum-magno
761 2171 850 2196 cum
865 2163 1019 2208 quaestu
1038 2156 1247 2209 prostituit,
1261 2169 1354 2204 uno,
1370 2162 1414 2194 ut
1428 2155 1484 2195 ita
1497 2156 1640 2202 dicam,
1659 2155 1780 2201 fasce,

309 2229 472 2268 corpora
502 2217 619 2257 etiam
649 2231 797 2266 earum,
818 2231 907 2257 cum
940 2224 1089 2270 septem
1110 2224 1254 2266 essent,
1281 2217 1471 2265 vendidit,
1501 2217 1650 2264 Antiae,
1671 2217 1779 2256 Stra-

309 2278 414 2325 tolae,
436 2279 678 2327 Aristoeleae,
700 2280 919 2328 Metanirae,
941 2279 1079 2327 Philae,
1108 2280 1346 2328 Isthmiadis,
1366 2287 1408 2319 et
1425 2279 1593 2318 Neaerae.
1650 2279 1780 2323 Quam

306 2339 425 2390 igitur
451 2342 718 2393 unusquisque
750 2355 880 2380 earum
906 2342 1054 2389 emerit,
1080 2349 1119 2381 et
1145 2350 1190 2381 ut
1221 2343 1270 2382 ab
1303 2343 1348 2381 iis
1383 2342 1446 2394 qui
1465 2354 1532 2381 eas
1552 2354 1576 2380 a
1596 2340 1780 2381 Nicareta

307 2408 496 2450 emerant,
524 2403 701 2442 libertate
721 2403 876 2442 donatae
899 2404 989 2452 sint,
1008 2417 1219 2457 progressu
1250 2405 1446 2451 orationis,
1477 2404 1511 2443 si
1543 2404 1676 2443 audi-re
1709 2417 1779 2443 vo—

305 2464 410 2513 letis,
426 2471 467 2504 et
485 2478 588 2516 aqua
604 2465 697 2503 mihi
718 2472 913 2518 suppetet,
930 2467 1038 2505 vobis
1054 2466 1257 2519 explicabo
1273 2480 1282 2506 :
1313 2467 1493 2506 Neaeram
1508 2472 1638 2505 autem
1656 2464 1779 2505 fuisse

307 2526 521 2580 Nicaretae,
549 2534 588 2566 et
622 2541 783 2581 corpore
814 2528 954 2567 fecisse
986 2535 1193 2580 quaestum,
1223 2529 1456 2581 morigeram
1489 2527 1681 2577 omnibus,
1708 2527 1777 2579 qui

305 2601 397 2628 cum
422 2602 469 2628 ea
489 2590 677 2641 congredi
697 2590 821 2642 pretio
841 2590 935 2628 dato
953 2590 1109 2637 vellent,
1129 2591 1206 2630 hoc
1220 2592 1334 2630 =vobis
1348 2591 1476 2630 denuo
1488 2590 1665 2630 narrabo.
1696 2589 1776 2648 {ay-

306 2651 384 2690 sias
406 2652 593 2704 sophista,
615 2652 825 2691 Metanirae
845 2658 1011 2698 amator,
1031 2653 1154 2691 voluit
1173 2660 1314 2704 praeter
1333 2653 1428 2692 alias
1446 2653 1656 2704 impensas,
1676 2664 1775 2703 quas

303 2711 344 2750 in
370 2725 456 2751 eam
477 2714 718 2762 conferebat,
744 2727 829 2753 eam
849 2714 967 2753 etiam
986 2714 1160 2759 initiare3
1193 2715 1297 2767 quod
1320 2715 1581 2763 existimabat,
1601 2714 1772 2767 reliquos

303 2783 483 2827 sumptus
504 2776 698 2815 dominam
723 2777 806 2828 ejus
827 2777 1043 2828 percipere,
1067 2791 1155 2829 quae
1173 2791 1265 2816 vero
1291 2778 1331 2815 in
1352 2778 1496 2817 festum
1516 2785 1556 2817 et
1575 2778 1684 2816 initia
1701 2790 1771 2829 pro

303 2849 348 2874 ea
368 2836 591 2884 insumeret,
624 2838 671 2876 iis
701 2852 743 2877 se
768 2840 816 2877 ab
842 2839 929 2890 ipsa
956 2839 1115 2878 muliere
1136 2840 1301 2891 gratiam
1326 2840 1525 2879 initurum.
1582 2839 1769 2879 Precatus

302 2898 418 2949 igitur
438 2907 500 2939 est
521 2900 760 2947 Nicaretam,
783 2908 828 2939 ut
853 2902 904 2939 ad
923 2901 1032 2940 initia
1049 2903 1211 2949 veniret,
1232 2903 1427 2942 Metanira
1447 2916 1580 2942 secum
1599 2901 1770 2941 adducta

303 2969 344 2999 ut
369 2961 596 3006 initiaretur,
619 2964 779 3015 ipseque
811 2978 851 3001 se
879 2963 983 3001 illam
1012 2964 1248 3001 initiaturum
1284 2972 1343 3003 est
1375 2965 1587 3016 pollicitus.
1645 2963 1767 3008 Quas,
