1965 3356
614 220 674 259 IN
705 218 1042 259 STEPHANUM
1074 219 1105 257 Ι.
1515 219 1592 258 637

134 336 204 376 per
215 335 302 362 sese
322 323 547 375 conspectui
567 330 697 363 vestro
715 322 851 362 offerre
869 322 973 370 licet,
990 322 1085 374 quid
1108 322 1224 361 fuerit
1243 322 1455 375 simplicius
1474 335 1593 374 quam

135 398 201 424 eas
219 385 388 436 proferre
414 384 454 422 in
483 384 678 424 medium?
719 383 882 423 Athenis
911 384 1004 423 obiit
1029 392 1139 437 pater
1159 397 1294 422 meus:
1326 386 1471 423 factum
1491 385 1593 424 arbi·

133 448 247 487 trium
268 454 329 486 est
345 448 383 485 in
404 448 508 485 varia
533 448 679 499 porticu
697 460 707 485 ι
735 447 864 485 testati
883 446 946 485 isti
969 454 1060 486 sunt
1082 447 1344 498 Amphionem
1371 447 1595 486 exhibuisse

133 510 284 548 tabulas
305 509 409 561 apud
431 509 625 547 arbitrum.
683 509 798 552 Quod
820 509 851 546 si
870 523 1002 548 verum
1024 509 1108 556 fuit,
1130 509 1300 561 oportuit
1318 510 1421 560 ipsas
1440 509 1593 548 tabulas

132 571 171 610 in
191 572 371 610 echinum
397 584 482 609 esse
501 571 712 623 conjectas,
732 577 770 608 et
796 584 883 608 eum
913 572 976 622 qui
998 585 1063 610 eas
1096 571 1293 610 exhiberet
1321 570 1467 617 testari,
1496 579 1551 617 ut,
1572 585 1593 609 e

132 634 291 673 veritate
311 642 349 672 et
368 633 611 684 inspectione
637 633 847 683 signorum,
877 639 916 671 et
940 633 1093 685 judices
1122 646 1202 672 rem
1232 639 1528 684 cognoscerent,
1555 640 1594 670 et

133 709 222 748 ego,
241 696 272 734 si
297 696 382 746 quis
410 695 502 732 mihi
527 695 672 734 faceret
696 695 888 747 injuriam,
909 696 994 748 ejus
1027 695 1240 734 ulciscendi
1268 702 1500 747 potestatem
1524 694 1596 732 ha-

132 759 277 796 berem.
339 757 456 795 Nunc
482 770 596 795 nemo
615 770 714 795 unus
736 757 854 795 totam
875 772 1033 796 causam
1056 758 1238 810 suscepit,
1258 771 1384 809 neque
1404 757 1518 809 plane
1537 763 1595 795 te-

133 819 355 858 stimonium
382 819 494 866 dixit,
517 826 558 857 ut
588 820 620 857 is
650 820 797 858 faceret
825 820 890 872 qui
915 834 1006 858 vera
1024 820 1140 859 vellet
1160 820 1306 858 dicere:
1339 820 1408 858 sed
1429 819 1595 871 quisque

128 888 291 933 partem,
310 888 355 919 ut
370 888 508 920 cautus
528 881 705 920 nimirum
725 889 1009 935 proptereaque
1028 897 1162 935 poenas
1182 896 1261 921 non
1282 882 1441 921 daturus
1458 897 1467 928 ;
1499 882 1596 920 alius

128 955 171 982 se
194 943 338 982 habere
363 944 531 991 tabulas,
552 944 692 995 quibus
723 944 950 996 inscriptum
984 945 1046 992 sit,
1078 957 1412 983 TESTAMENTUM
1444 956 1594 983 PASIO-

132 1018 224 1049 rus:
255 1005 353 1044 alius
381 1019 423 1044 se
443 1006 602 1043 missum
623 1007 670 1043 ab
690 1019 736 1045 eo
756 1006 796 1044 id
817 1007 1007 1054 attulisse,
1027 1020 1212 1046 verumne
1232 1014 1362 1046 autem
1382 1020 1432 1045 an
1450 1006 1594 1045 falsum

131 1067 183 1107 sit
196 1067 394 1120 ignorare;
421 1067 485 1106 alii
504 1074 691 1120 praetextu
711 1069 999 1120 provocationis
1020 1069 1080 1107 usi
1099 1076 1374 1108 testamentum
1393 1068 1513 1106 fuisse
1544 1068 1598 1106 di-

130 1138 283 1169 xerunt.
317 1130 370 1168 Ut
390 1130 420 1168 si
439 1131 601 1168 maxime
621 1131 823 1169 crederent
843 1131 869 1170 J
873 1131 1006 1170 udices
1026 1132 1144 1183 patris
1165 1131 1238 1169 mei
1257 1131 1375 1169 fuisse
1394 1137 1599 1169 testamen-

128 1199 226 1239 tum,
246 1204 399 1243 egoque
418 1204 547 1229 causae
575 1193 726 1231 actione
755 1193 938 1231 exclusus
959 1206 1086 1231 essem
1107 1201 1146 1230 et
1163 1193 1335 1231 vindicta
1358 1192 1596 1244 injuriarum,

129 1255 193 1293 isti
208 1261 336 1292 tamen
352 1254 495 1292 falsum
510 1254 650 1293 dixisse
666 1255 926 1293 testimonium
943 1255 1351 1307 deprehenderentur:
1374 1267 1597 1306 quanquam

128 1317 201 1368 ipsi
219 1317 412 1354 diversum
435 1325 652 1368 sperarunt.
695 1318 746 1354 Ut
769 1324 897 1355 autern
919 1318 1145 1370 intelligatis
1166 1317 1252 1356 haec
1273 1331 1296 1355 a
1315 1330 1377 1355 me
1398 1330 1484 1356 vere
1505 1316 1596 1363 dici,

130 1392 227 1431 cape
248 1373 343 1416 mihi'
359 1378 688 1431 Cephisophontis
710 1380 989 1418 testimonium.

653 1484 1061 1527 TESTIMONIUM.

164 1561 384 1601 Cephisophon
402 1562 588 1602 Cephalonis
613 1564 647 1592 F.
666 1562 854 1601 Aphidnaeus
878 1568 1008 1592 testatur
1034 1562 1092 1592 sibi
1117 1562 1241 1592 relictas
1256 1572 1324 1592 esse
1337 1565 1453 1602 apatre
1466 1560 1597 1597 tabulas,

130 1613 241 1653 quibus
258 1613 438 1653 inscriptum
456 1619 548 1649 esset,
565 1625 726 1644 PAsmNrs
742 1625 1021 1646 TESTAMENTUM.

185 1690 222 1727 6.
244 1690 362 1741 Atqui
383 1690 545 1741 simplex
566 1691 719 1736 fuisset,
739 1690 915 1736 Judices,
939 1696 981 1728 ut
1000 1691 1065 1741 qui
1085 1690 1171 1728 haec
1192 1690 1290 1728 dixit
1316 1689 1491 1736 adderet,
1511 1702 1598 1727 esse

131 1758 259 1790 autem
281 1764 346 1790 eas
367 1752 535 1797 tabulas,
556 1765 652 1802 quas
675 1752 758 1803 ipse
779 1752 990 1798 exhiberet,
1012 1761 1051 1791 et
1070 1752 1223 1791 tabulas
1244 1752 1282 1789 in
1302 1751 1484 1790 echinum
1505 1763 1599 1788 con-

123 1814 272 1863 jiceret.
331 1813 410 1851 Sed
441 1814 479 1851 id
499 1814 656 1864 quidem
686 1815 930 1852 mendacium
959 1815 1014 1852 ira
1036 1816 1197 1866 dignum
1216 1815 1380 1866 putavit,
1401 1821 1440 1852 et
1459 1827 1529 1852 nos
1549 1813 1598 1851 de

130 1889 172 1914 se
203 1889 336 1928 poenas
371 1884 593 1926 sumpturos
626 1877 833 1914 arbitratus
868 1884 952 1915 est:
995 1877 1147 1915 tabulas
1177 1884 1309 1915 autem
1344 1875 1416 1914 sibi
1443 1876 1600 1915 relictas

130 1951 219 1976 esse
237 1938 377 1982 dicere,
398 1937 436 1976 id
456 1950 546 1975 vero
568 1938 650 1976 leve
672 1951 759 1976 esse
791 1951 838 1976 ac
867 1938 988 1976 nihili.
1046 1939 1240 1977 Caeterum
1268 1937 1364 1975 illud
1388 1938 1513 1989 ipsum
1541 1945 1602 1975 est

129 2001 234 2052 quod
253 2000 444 2051 significet
462 2007 580 2050 atque
601 2007 750 2051 arguat,
771 2014 837 2038 eos
859 2013 1013 2039 omnem
1034 2014 1115 2038 rem
1136 2000 1386 2039 confinxisse.
1446 1999 1549 2037 Nam
1571 1999 1602 2037 si

129 2068 364 2100 testamento
398 2061 628 2113 inscriptum
659 2062 798 2100 fuisset
824 2074 1034 2101 PASIONIS
1064 2076 1116 2101 ET
1145 2074 1444 2109 PHoRM10N1s,
1464 2069 1532 2100 aut
1553 2074 1603 2099 A·

130 2136 230 2162 c⁷r10
252 2136 344 2163 CUM
369 2136 656 2171 PHORMIONE,
677 2132 743 2162 aut
763 2124 886 2162 simile
907 2124 1065 2176 aliquid,
1076 2126 1172 2177 *jure
1187 2125 1227 2163 id
1247 2126 1310 2163 ille
1339 2131 1600 2163 asservasset:

131 2193 171 2224 at
199 2186 244 2232 si,
279 2191 323 2223 ut
351 2185 529 2232 affirmat,
555 2186 785 2237 inscriptum
814 2186 887 2224 fuit
915 2199 1254 2225 TESTAMENTUM
1288 2199 1507 2232 PASIONIS,
1533 2199 1603 2224 cur

131 2261 206 2299 ego
225 2247 265 2286 id
285 2260 362 2285 non
385 2247 550 2286 sustuli?
589 2248 689 2286 Cum
711 2248 866 2300 quidem
889 2249 1028 2287 scirem
1048 2263 1109 2286 me
1129 2249 1168 2287 in
1183 2249 1374 2301 judicium
1401 2262 1488 2287 esse
1509 2262 1600 2287 ven-

129 2317 283 2355 turum;
308 2323 396 2349 cum
417 2311 509 2349 item
542 2312 694 2358 scirem,
715 2312 907 2363 siquidem
932 2312 1010 2350 tale
1041 2312 1126 2359 fuit,
1147 2313 1486 2352 commoditatibus
1507 2313 1602 2351 meis

128 2371 210 2411 fore
228 2373 485 2411 contrarium:
516 2387 603 2412 cum
630 2374 754 2413 haeres
783 2388 911 2413 essem
944 2381 984 2413 et
1016 2374 1133 2421 illius,
1154 2376 1347 2426 siquidem
1380 2375 1453 2413 mei
1482 2375 1601 2427 patris

129 2435 278 2481 fuisset,
300 2442 339 2474 et
367 2436 503 2487 reliqui
531 2437 751 2488 patrimonii
783 2437 922 2489 aeque?
964 2438 1081 2482 Quod
1109 2437 1227 2489 igitur
1256 2444 1533 2476 testamentum
1563 2444 1604 2474 et

131 2496 356 2536 Phormioni
376 2498 604 2545 exhibitum,
623 2507 663 2538 et
682 2500 840 2538 Pasioni
860 2499 1103 2552 inscriptum,
1126 2507 1165 2539 et
1185 2513 1208 2538 a
1223 2501 1336 2538 nobis
1365 2513 1478 2551 porro
1506 2513 1602 2550 neg-

129 2559 275 2598 lectum
305 2567 379 2605 est,
407 2574 456 2598 ex
485 2574 531 2599 eo
565 2568 672 2612 patet
710 2569 750 2600 et
791 2563 1098 2601 commentitium
1128 2575 1211 2600 esse
1242 2568 1534 2608 testamentum,
1564 2568 1605 2599 et

129 2621 270 2661 falsum
285 2623 617 2675 Cephisophontis
638 2624 914 2663 testimonium.
963 2623 1043 2662 Sed
1062 2625 1197 2662 omitto
1219 2624 1602 2676 Cephisophontem:

130 2697 256 2735 neque
278 2684 379 2723 enim
400 2698 504 2723 nunc
522 2685 612 2723 mihi
633 2700 722 2724 cum
743 2700 789 2725 eo
809 2700 871 2725 res
894 2693 965 2732 est,
987 2700 1110 2736 neque
1128 2686 1189 2724 ille
1211 2693 1376 2724 testatus
1398 2693 1457 2724 est
1477 2685 1525 2722 de
1554 2684 1601 2723 iis

131 2759 219 2797 quae
239 2753 474 2785 testamento
495 2748 744 2786 continentur
763 2750 985 2800 quicquam.
1033 2749 1137 2792 Quin
1157 2749 1253 2786 illud
1274 2749 1390 2786 etiam
1412 2754 1601 2798 spectate,

131 2808 402 2856 Athenienses,
420 2817 567 2862 quanto
588 2819 818 2862 argumento
834 2813 884 2850 sit
898 2818 1019 2850 testes
1036 2811 1130 2849 istos
1146 2812 1293 2849 dixisse
1310 2810 1464 2848 falsum.
1500 2809 1602 2846 Cum

132 2870 235 2908 enim
263 2871 308 2918 is,
327 2872 392 2924 qui
423 2885 463 2910 se
495 2879 772 2923 testamentum
798 2873 942 2912 habere
968 2873 1096 2924 ipsum
1127 2871 1344 2918 affirmavit,
1366 2867 1495 2909 dicere
1523 2883 1602 2908 non

133 2944 252 2970 ausus
271 2932 385 2972 fuerit
403 2935 623 2986 exemplum
640 2936 691 2983 id,
706 2927 812 2987 qiiod
830 2936 1012 2973 Phormio
1027 2935 1236 2979 exhiberet,
1253 2934 1336 2985 ejus
1352 2947 1438 2972 esse
1453 2933 1601 2984 scripti,

131 2993 237 3045 quod
257 2993 338 3047 ipse
360 3003 602 3042 asservaret;
633 3012 705 3037 nec
733 2998 796 3037 isti
824 2998 952 3037 dicere
973 3005 1119 3049 queant
1141 3011 1181 3036 se
1202 2996 1261 3036 vel
1283 2997 1332 3036 ab
1353 2997 1460 3035 initio
1487 2997 1602 3035 inter-
