1915 3356
687 182 744 219 IN
776 179 1224 234 cTEs1PH0NTEM.
1612 183 1681 218 117

225 284 423 334 habesque
470 284 572 323 unde
608 285 873 336 voluptatibus
909 283 985 320 tuis
1026 290 1223 334 sumptum
1256 297 1458 335 suggeras,
1497 292 1536 322 et
1572 292 1616 322 ut
1649 285 1685 321 in

225 358 378 384 summa
398 346 540 393 dicam,
563 359 697 384 aurum
717 346 864 398 regium
886 345 992 396 apud
1011 344 1143 390 istum,
1158 346 1328 395 pericula
1351 359 1470 397 penes
1493 359 1560 384 vos
1581 354 1684 384 sunt.

279 409 343 446 89.
375 408 517 460 Operae
543 421 634 447 vero
654 408 819 459 pretium
835 413 909 456 est,
928 413 968 444 et
983 406 1200 444 vecordiam
1218 421 1350 445 eorum
1365 415 1553 459 spectare.
1588 409 1688 446 Nam

223 469 255 507 si
279 469 490 521 Ctesiphon
522 470 825 509 Demosthenem
858 468 1050 506 advocare
1071 481 1190 505 ausus
1215 469 1329 506 fuerit
1357 471 1461 520 apud
1483 483 1550 507 vos
1571 471 1690 507 verba

220 530 428 579 facturum,
448 533 480 571 is
512 540 640 570 autem
672 544 890 570 conscenso
913 536 1104 581 suggestu
1137 530 1305 580 seipsum
1326 532 1505 576 laudarit,
1537 533 1689 582 gravior

221 592 292 630 erit
310 593 404 644 ipsis
422 594 613 640 cladibus,
627 606 726 644 quas
746 592 916 644 perpessi
935 593 1043 639 estis,
1065 591 1198 630 audita
1216 592 1291 630 ista
1311 593 1445 630 oratio.
1478 594 1579 630 Nam
1601 606 1685 631 curn

221 666 289 692 eos
317 655 384 705 qui
414 668 546 693 revera
569 661 663 693 sunt
687 655 756 692 viri
780 654 1033 701 excellentes,
1053 666 1218 704 quorum
1246 653 1389 691 multas
1411 661 1450 691 et
1482 654 1687 704 praeclaras

219 729 306 753 esse
353 730 414 754 res
452 724 584 768 gestas
621 718 743 769 probe
779 718 934 763 scimus,
971 717 1002 754 si
1032 717 1170 754 laudes
1213 717 1286 767 ipsi
1333 729 1422 754 suas
1460 715 1689 766 praedicent,

220 790 299 815 non
329 779 591 818 sustinemus:
630 780 697 818 ubi
732 780 764 817 is
804 780 936 828 homo,
968 778 1033 830 qui
1072 777 1296 829 reipublicae
1326 777 1573 829 opprobrium
1604 777 1689 822 fuit,

219 839 392 891 seipsum
412 841 592 880 laudibus
615 842 752 880 efferre
772 842 948 893 coeperit,
969 841 1055 891 quis
1079 853 1128 878 ea
1144 830 1342 891 'patienter
1363 839 1496 877 audire
1515 838 1688 890 poterit?

216 902 279 939 Ab
300 902 516 953 impudenti
541 904 659 954 igitur
678 904 869 949 instituto,
892 903 923 941 si
944 903 1249 953 sapis,¹desistes
1267 915 1276 944 ;
1308 913 1546 951 causamque
1565 907 1688 945 tuam,

220 963 445 1015 Ctesiphon,
464 964 547 1015 ipse
568 965 772 1003 defendes.
821 965 958 1015 Neque
989 964 1091 1002 enim
1110 964 1186 1001 hoc
1207 963 1356 1000 scilicet
1375 969 1566 1013 praetextu
1589 962 1688 999 inni-

217 1026 324 1073 teris,
339 1032 376 1064 te
395 1040 474 1065 non
493 1040 581 1065 esse
601 1026 756 1064 dicendi
771 1026 950 1077 peritum.
982 1024 1164 1075 Namque
1178 1024 1387 1062 absurdum
1405 1023 1471 1061 tibi
1489 1023 1687 1070 acciden't,

215 1087 248 1125 si
267 1101 392 1139 nuper
410 1088 569 1139 quidem
589 1095 630 1126 te
649 1088 822 1139 legatum
845 1087 895 1125 ad
927 1087 1176 1138 Cleopatram
1205 1085 1375 1136 Philippi
1409 1085 1525 1123 filiam
1554 1086 1687 1136 populi

216 1149 409 1201 suffragiis
429 1150 551 1188 creari
578 1164 720 1202 passus
753 1163 808 1197 es,
837 1156 882 1187 ut
912 1162 1001 1187 cum
1023 1162 1070 1186 ea
1095 1148 1144 1186 de
1173 1147 1391 1186 Alexandri
1424 1148 1687 1185 Molossorum

215 1210 316 1261 regis
335 1210 491 1249 interitu
509 1212 753 1258 condoleres,
768 1223 873 1248 nunc
887 1216 1018 1248 autem
1033 1217 1072 1247 te
1089 1209 1243 1248 dicendi
1258 1209 1443 1247 facultate
1457 1209 1685 1247 instructum

215 1284 304 1310 esse
341 1274 519 1323 negabis.
577 1273 784 1311 Mulierem
824 1273 939 1323 igitur
976 1272 1218 1323 peregrinam
1258 1271 1457 1321 lugentem
1495 1271 1686 1309 consolari

213 1341 343 1386 potes,
363 1335 508 1386 scripto
528 1342 658 1374 autem
677 1335 746 1373 abs
767 1341 804 1372 te
824 1333 1015 1372 mercedis
1031 1346 1124 1384 ergo
1143 1332 1346 1384 plebiscito
1367 1340 1405 1371 te
1420 1334 1501 1384 ipse
1521 1346 1597 1371 non
1618 1333 1685 1371 de-

214 1396 385 1435 fendes?

269 1460 334 1498 90.
374 1461 437 1498 An
457 1472 545 1498 vero
569 1459 657 1497 talis
680 1466 741 1497 est
769 1459 802 1496 is
833 1470 950 1509 quem
970 1469 1116 1494 corona
1143 1455 1371 1493 donandum
1400 1455 1620 1501 decrevisti,
1642 1464 1686 1494 ut

197 1517 291 1559 ἐδ
282 1521 329 1559 lis
347 1522 387 1560 in
406 1535 504 1574 quos
516 1521 708 1578 beneficia
719 1518 885 1559 contulit
899 1520 1110 1570 ignmetur,
1127 1518 1198 1555 nisi
1213 1518 1298 1568 quis
1315 1531 1356 1555 se
1377 1517 1469 1555 tibi
1462 1532 1500 1555 in
1518 1517 1685 1556 dicendo

211 1584 429 1636 adjutorem
449 1584 652 1636 praebeat?
683 1583 919 1622 Percontare
932 1582 1099 1633 judices,
1119 1581 1298 1619 norintne
1322 1579 1545 1625 Chabriam,
1578 1580 1683 1630 Iphi-

210 1654 369 1694 cratem,
389 1646 650 1691 Timotheum,
681 1652 721 1683 et
753 1658 885 1697 quaere
919 1645 967 1682 ab
997 1643 1056 1690 iis,
1085 1655 1162 1694 qua
1191 1642 1240 1680 de
1269 1655 1391 1680 causa
1418 1641 1576 1693 praemia
1608 1641 1682 1679 illis

208 1709 412 1747 tribuerint
431 1708 700 1759 imaginesque
728 1706 969 1746 collocarint.
1000 1705 1149 1743 Omnes
1178 1704 1248 1742 tibi
1275 1717 1353 1741 uno
1375 1717 1440 1742 ore
1468 1703 1680 1754 responde-

209 1771 321 1823 bunt,
343 1770 526 1809 Chabriae
547 1771 711 1807 honorem
731 1782 933 1807 concessum
961 1768 1011 1806 ob
1032 1766 1210 1805 navalem
1243 1779 1329 1804 eam
1362 1765 1411 1803 ad
1432 1765 1586 1803 Naxum
1608 1778 1680 1815 pu-

211 1845 342 1884 gnam,
360 1832 543 1884 Iphicrati
558 1831 665 1882 quod
681 1833 836 1869 Moram
854 1829 1238 1868 Lacedaemoniorum
1255 1827 1455 1872 occiderit,
1473 1826 1680 1865 Timotheo

210 1901 366 1946 propter
385 1894 672 1945 navigationem
691 1892 796 1930 illam
818 1892 868 1930 ad
884 1892 1096 1942 Corcyram
1113 1891 1346 1935 liberandam,
1363 1889 1512 1927 caeteris
1531 1889 1679 1933 itidem,

205 1968 373 2007 quorum
391 1955 534 1993 multas
553 1954 716 2005 quisque
738 1967 799 1991 res
819 1966 864 1991 ac
890 1952 1098 2003 praeclaras
1125 1951 1230 1989 bello
1251 1952 1485 1989 confecerat.
1523 1951 1576 1988 At
1596 1950 1678 1988 De-

207 2017 402 2055 mostheni
420 2016 620 2067 praemium
641 2015 895 2065 quamobrem
916 2012 1106 2056 tribuetis,
1129 2013 1161 2049 si
1180 2012 1267 2062 quis
1288 2011 1427 2062 roget?
1458 2011 1576 2055 Quod
1594 2025 1678 2049 mu-

208 2079 364 2117 neribus
380 2084 603 2129 corruptus,
622 2076 731 2128 quod
750 2074 910 2113 timidus
931 2074 994 2118 sit,
1014 2072 1120 2124 quod
1138 2072 1267 2110 locum
1290 2074 1327 2109 in
1349 2073 1431 2110 acie
1451 2073 1676 2111 deseruerit.

209 2142 349 2179 Utrum
377 2140 495 2191 igitur
522 2139 612 2177 huic
643 2139 830 2176 honorem
859 2135 1067 2182 habebitis,
1097 2147 1147 2172 an
1177 2133 1308 2184 potius
1339 2139 1378 2171 et
1405 2132 1475 2170 vos
1500 2134 1605 2184 ipsos
1639 2142 1678 2172 et

207 2216 275 2242 eos
295 2203 362 2254 qui
380 2215 452 2254 pro
470 2202 580 2240 vobis
599 2201 638 2238 in
657 2200 792 2252 praelio
811 2199 1081 2237 occubuerunt
1103 2195 1319 2247 ignominia
1338 2194 1544 2232 afficietis?
1578 2209 1676 2246 quos

208 2265 343 2316 fingite
357 2277 426 2303 vos
443 2264 574 2302 videre
590 2262 751 2314 indigne
768 2262 935 2299 ferentes
957 2267 998 2298 et
1015 2258 1258 2309 quiritantes,
1280 2257 1312 2295 si
1333 2256 1404 2295 iste
1420 2257 1678 2295 coronabitur.

207 2327 404 2366 Acerbum
423 2326 556 2378 utique
582 2325 682 2364 illud
708 2331 826 2372 esset,
848 2322 1124 2366 Athenienses,
1148 2319 1339 2370 siquidem
1369 2319 1490 2371 ligna,
1512 2319 1675 2370 lapides,

206 2390 361 2437 ferrum,
381 2402 442 2428 res
462 2395 589 2427 mutas
610 2400 808 2439 sensuque
827 2391 1019 2431 carentes,
1040 2383 1072 2422 si
1093 2395 1207 2434 quem
1229 2382 1392 2433 delapsa
1406 2380 1677 2427 exaninmrint,

205 2452 532 2497 exterminemus;
560 2451 737 2503 ejusque,
757 2449 824 2500 qui
854 2448 926 2486 sibi
956 2459 1095 2485 necem
1126 2444 1369 2489 consciverit,
1398 2457 1555 2481 manum
1587 2458 1675 2494 qum

205 2513 283 2552 hoc
311 2513 507 2553 commisit
535 2513 744 2565 separatim
775 2511 1030 2563 sepeliamus:
1061 2508 1380 2552 Demosthenem,
1415 2519 1516 2552 eum,
1555 2506 1676 2544 Athe-

205 2575 376 2624 nienses,
395 2577 462 2627 qui
495 2575 672 2614 ultimam
690 2573 794 2612 hanc
814 2571 1103 2625 expeditionem
1128 2569 1312 2615 decrevit,
1332 2569 1396 2619 qui
1425 2567 1564 2605 milites
1587 2581 1674 2619 pro-

206 2637 318 2685 didit,
331 2638 477 2678 honore
495 2651 564 2677 vos
582 2636 784 2677 ornabitis.
815 2636 922 2688 Ergo
939 2633 1179 2673 contumelia
1198 2631 1417 2671 afficiuntur
1434 2629 1586 2674 mortui,
1600 2629 1673 2666 vivi

207 2700 257 2738 ad
277 2700 587 2752 desperationem
617 2700 840 2751 adiguntur,
868 2711 959 2736 cum
986 2696 1148 2735 videant
1174 2693 1306 2733 virtuti
1335 2692 1490 2744 quidem
1511 2698 1673 2728 mortem

205 2775 290 2801 esse
309 2764 510 2814 praemium
529 2762 782 2815 propositum,
802 2760 1025 2798 memoriam
1048 2765 1176 2796 autem
1197 2769 1305 2794 suam
1325 2754 1491 2792 interire.

258 2826 323 2864 91.
353 2825 445 2864 Jam
463 2826 568 2877 quod
587 2832 648 2865 est
666 2824 839 2864 omnium
868 2823 1094 2869 maximum,
1115 2821 1148 2859 si
1168 2833 1190 2858 a
1205 2820 1311 2858 vobis
1333 2823 1508 2868 quaerant
1538 2815 1669 2854 adole-

205 2893 373 2933 scentes,
394 2886 593 2938 quodnam
623 2888 672 2927 ad
693 2886 915 2936 exemplum
944 2884 1063 2922 vitam
1089 2895 1198 2921 suam
1218 2881 1459 2920 conformare
1482 2878 1667 2923 debeant,

203 2948 297 3001 quid
317 2948 396 2988 sitis
417 2948 732 3001 pronuntiaturi?
764 2948 890 2986 Pr0be
914 2945 1015 2985 enim
1046 2945 1185 2991 nostis,
1206 2957 1283 2982 non
1303 2943 1498 2993 palaestra,
1517 2953 1595 2978 non
1627 2940 1669 2977 li-
