1948 3306
389 148 466 187 74⁶2
797 149 1085 188 ADVERSUS
1116 149 1449 188 EUBULIDEM.

394 251 527 296 oratis,
548 252 646 290 clam
682 259 721 290 et
750 253 798 299 vi,
821 255 938 293 sacris
972 261 1012 292 et
1044 253 1242 304 republica
1267 260 1395 292 vestra
1426 260 1516 292 sunt
1544 255 1617 300 usi,
1644 255 1714 293 sed
1744 255 1847 295 cala-

394 313 540 350 mitosis
560 313 920 366 hominihus,seque
940 315 1042 354 cives
1062 328 1147 353 esse
1166 315 1462 354 ostendentibus
1480 328 1590 366 opem
1607 316 1847 368 salutemque

392 374 618 422 ferendam3
646 384 684 415 et
707 377 970 428 cogitandum,
990 390 1076 416 cum
1110 377 1324 416 insontibus
1352 377 1461 415 nobis
1491 378 1698 416 miserrime
1716 387 1843 417 actum

393 436 451 483 iri,
473 438 518 483 si,
538 452 624 477 cum
644 447 773 477 vestra
789 439 1020 489 quibusdam
1049 438 1278 476 auctoritate
1305 452 1429 490 poenae
1458 438 1593 476 merito
1613 439 1844 489 infligantur,

391 511 461 538 nos
484 513 559 538 una
578 500 674 538 inter
690 514 755 539 eos
773 513 1011 546 censeamur,
1026 507 1064 538 et
1083 507 1236 552 propter
1249 500 1428 538 invidiam
1452 499 1571 551 ipsius
1592 499 1844 551 rei,injuriam

392 561 594 612 patiamur.

447 624 482 660 3.
506 623 696 674 Equidem
717 625 914 674 putabam,
936 623 1112 670 Judices,
1132 624 1267 662 decere
1288 623 1535 671 Eubulidem,
1555 631 1594 662 et
1611 635 1743 663 omnes
1763 636 1844 671 eos,

390 685 454 736 qui
475 699 576 723 nunc
596 686 634 723 in
655 686 880 737 abrogando
895 686 981 737 jure
1004 685 1169 724 civitatis
1190 686 1455 724 accusationes
1480 685 1669 730 factitant,
1693 698 1739 723 ea
1758 697 1845 736 quae

390 755 587 799 comperta
606 747 793 786 haberent
817 748 957 793 dicere,
980 761 1109 798 neque
1137 747 1258 785 ullum
1284 760 1473 785 rumorem
1494 747 1531 784 in
1561 747 1637 785 tale
1655 746 1845 798 judicium

388 808 535 847 afferre.
575 809 623 846 Id
644 809 744 852 enim
762 823 884 860 usque
904 809 1002 848 adeo
1022 809 1208 861 injustum
1229 822 1314 847 esse
1330 809 1418 846 olim
1439 809 1551 846 etiam
1571 809 1680 859 leges
1699 814 1846 846 statue-

389 877 490 914 runt,
517 878 559 908 ut
580 871 711 909 audita
731 870 923 909 testificari
944 871 1048 921 leges
1070 870 1202 909 sinant
1220 884 1268 908 ne
1290 871 1327 907 in
1352 870 1500 908 levibus
1519 870 1672 920 quidem
1701 869 1842 907 causis.

390 931 544 970 Merito,
615 932 714 969 Cum
748 933 848 970 enim
880 932 995 984 aliqui
1021 932 1114 984 jam,
1134 933 1198 982 qui
1229 945 1271 970 se
1301 945 1377 970 rem
1416 932 1560 970 vidisse
1597 932 1843 977 affirmarent,

388 993 593 1032 mendaces
626 995 704 1032 sint
722 995 968 1046 deprehensi,
989 1008 1079 1032 num
1108 994 1159 1031 illi
1189 993 1365 1032 habenda
1392 993 1485 1031 fides
1511 999 1584 1038 est,
1604 993 1669 1044 qui
1689 1006 1735 1030 ea
1754 992 1848 1030 dicit

388 1069 475 1107 quae
490 1069 561 1094 nec
576 1056 655 1107 ipse
678 1055 806 1094 novit?
834 1056 1051 1101 Enimvero,
1069 1069 1155 1093 cum
1172 1054 1313 1093 nemini
1328 1054 1454 1100 liceat,
1470 1054 1618 1092 etiamsi
1634 1053 1843 1092 obnoxium

386 1130 468 1155 sese
489 1117 743 1163 constituerit,
762 1131 830 1169 per
850 1131 895 1156 ea
915 1131 1053 1156 nocere
1072 1118 1264 1169 cuiquam,
1284 1131 1372 1169 quae
1401 1131 1440 1156 se
1468 1117 1621 1155 audisse
1651 1116 1756 1161 dicit,
1780 1116 1844 1168 qui

386 1179 580 1225 convenit,
598 1179 631 1217 ei
653 1193 717 1218 vos
737 1180 878 1218 habere
892 1179 1021 1226 fidem,
1033 1180 1097 1230 qui
1111 1179 1218 1217 nullo
1235 1193 1305 1218 suo
1320 1179 1492 1230 periculo
1510 1192 1581 1217 nos
1595 1177 1845 1217 criminatur?

441 1244 479 1278 4.
502 1241 713 1293 Postquam
734 1242 849 1293 igitur
866 1241 935 1279 iste
956 1242 1084 1292 legum
1107 1255 1264 1292 gnarus,
1286 1241 1401 1292 idque
1421 1240 1545 1291 magis
1566 1253 1681 1292 quam
1698 1253 1840 1278 conve-

386 1302 529 1348 niebat,
548 1304 702 1355 injuste,
724 1304 932 1354 multisque
950 1305 1064 1342 rebus
1085 1304 1256 1356 superior
1275 1303 1484 1344 accusavit,
1498 1315 1657 1341 necesse
1678 1303 1769 1340 mihi
1784 1310 1843 1341 est

388 1364 436 1403 de
456 1364 501 1403 iis
521 1366 682 1416 primum
704 1365 830 1404 dicere
850 1366 996 1418 injuriis
1017 1373 1058 1405 et
1076 1367 1329 1411 contumeliis,
1349 1366 1488 1416 quibus
1508 1365 1612 1416 apud
1633 1365 1843 1416 municipes

387 1426 472 1465 sum
504 1427 680 1466 affectus.
738 1428 835 1466 Peto
863 1436 990 1466 autem
1019 1443 1043 1467 a
1060 1429 1183 1473 vobis,
1207 1429 1478 1472 Athenienses,
1499 1441 1549 1466 ne
1574 1423 1725 1466 illor‘um
1755 1442 1842 1467 sen-

385 1488 545 1527 tentiam
577 1503 647 1541 pro
669 1497 896 1541 argumento
914 1491 1072 1541 putetis,
1093 1503 1153 1528 me
1174 1491 1221 1528 ab
1242 1490 1315 1528 hac
1336 1490 1535 1542 republica
1555 1503 1641 1528 esse
1661 1490 1841 1528 alienum.

386 1550 489 1589 Nam
510 1551 541 1589 si
569 1553 783 1604 municipes
808 1565 961 1590 omnem
986 1553 1208 1602 aequitatem
1234 1552 1447 1605 perspicere
1475 1565 1589 1604 posse
1617 1553 1843 1604 putassetis,

384 1612 682 1664 appellationem
701 1614 816 1652 vestri
836 1627 913 1652 non
933 1613 1137 1652 dedissetis
1153 1628 1162 1653 2
1192 1627 1296 1652 nunc
1314 1628 1360 1653 ex
1373 1614 1632 1661 aemulatione,
1649 1629 1698 1653 ex
1718 1615 1842 1654 inimi-

385 1675 496 1720 citiis,
516 1676 600 1714 aliis
618 1676 707 1715 item
725 1677 773 1715 de
790 1677 930 1723 causis,
950 1677 1026 1715 tale
1046 1677 1137 1728 quid
1158 1684 1385 1715 eventurum
1407 1672 1668 1716 existimantes
1694 1677 1841 1716 affectis

384 1736 522 1789 injuria
548 1745 716 1776 vestrum
743 1739 850 1776 velut
875 1739 1022 1791 asylum
1053 1738 1267 1790 aperuistis.
1325 1739 1413 1783 Quo
1441 1739 1624 1777 laudabili
1653 1739 1839 1794 instituto,

386 1798 655 1846 Athenienses,
675 1799 850 1838 homines
870 1800 1094 1839 innocentes
1119 1814 1251 1838 omnes
1272 1800 1545 1839 conservastis.
1777 1814 1780 1816 ’

441 1863 478 1899 5.
502 1860 671 1898 Primum
694 1861 810 1912 igitur
830 1862 937 1899 vobis
959 1875 1162 1913 exponam,
1181 1875 1259 1912 quo
1279 1869 1394 1913 pacto
1411 1862 1514 1914 apud
1530 1862 1736 1915 populares
1753 1876 1840 1901 sen-

385 1922 506 1961 tentia
523 1921 602 1960 lata
622 1922 684 1960 sit.
744 1923 845 1961 Nam
867 1937 953 1975 quae
974 1924 1022 1962 ad
1039 1937 1116 1962 rem
1133 1924 1277 1962 faciant
1296 1923 1425 1962 onmia
1444 1924 1587 1971 dicere,
1607 1924 1644 1962 id
1665 1937 1738 1975 ego
1757 1936 1839 1962 esse

385 1991 492 2035 puto,
514 1984 545 2022 si
563 1984 648 2035 quis
669 1984 862 2031 ostendat,
889 1999 976 2037 quae
997 1986 1229 2024 factionibus
1250 1999 1470 2038 oppressus,
1490 1993 1626 2024 contra
1643 1985 1840 2024 decretum

384 2044 434 2082 sit
453 2057 673 2096 perpessus.
731 2045 958 2092 Eubulides,
981 2054 1022 2084 ut
1040 2054 1208 2085 vestrum
1235 2047 1344 2085 multi
1372 2054 1526 2092 norunt,
1548 2046 1756 2098 impietatis
1775 2061 1839 2086 ac-

381 2113 516 2144 cusata
534 2118 664 2144 sorore
686 2106 981 2153 Lacedaemonii,
1003 2107 1177 2159 quintam
1199 2107 1461 2159 suffragiorum
1480 2115 1626 2160 partem
1648 2121 1722 2146 non
1739 2108 1838 2146 tulit.

385 2167 501 2210 Quod
532 2167 648 2219 igitur
670 2168 707 2204 in
739 2181 785 2206 ea
812 2181 931 2206 causa
951 2177 990 2207 et
1009 2183 1155 2216 verum,
1174 2177 1213 2208 et
1231 2169 1294 2208 isti
1323 2170 1526 2208 adversum
1556 2169 1632 2208 dixi
1664 2169 1838 2208 testimo-

384 2230 503 2273 nium,
525 2242 570 2267 eo
596 2242 746 2267 mecum
780 2238 932 2268 exercet
962 2230 1193 2278 inimicitias,
1214 2245 1350 2283 meque
1384 2238 1597 2283 oppugnat.
1656 2231 1732 2276 Qui
1753 2245 1840 2270 cum

383 2299 423 2329 et
455 2299 608 2330 senator
637 2300 753 2338 esset,
775 2300 813 2330 et
837 2292 1124 2344 jusjurandum,
1153 2300 1268 2345 atque
1289 2294 1434 2340 album,
1454 2308 1502 2332 ex
1527 2306 1614 2345 quo-
1633 2293 1839 2349 populares

381 2354 483 2391 intro
510 2355 687 2399 vocabat,
713 2354 750 2392 in
773 2368 843 2393 sua
861 2362 1058 2406 potestate
1078 2356 1250 2403 haberet,
1279 2355 1372 2409 quid
1395 2355 1516 2395 facit?
1562 2355 1730 2394 Primum
1750 2369 1838 2394 cum

382 2415 598 2467 municipes
630 2416 911 2464 convenissent,
932 2417 1180 2456 concionibus
1199 2418 1403 2464 habendis,
1425 2425 1465 2456 et
1484 2418 1648 2457 decretis
1668 2418 1837 2457 scriben-

384 2477 444 2516 dis
466 2478 568 2516 dicm
588 2479 779 2516 contrivit.
840 2480 883 2517 Id
907 2493 997 2518 vero
1024 2494 1102 2518 non
1129 2481 1227 2519 forte
1247 2482 1402 2520 fortuna
1422 2481 1565 2520 factum
1586 2488 1658 2527 est,
1679 2480 1746 2519 sed
1766 2480 1838 2519 cir-

383 2542 667 2593 cumscribendi
686 2543 760 2580 mei
780 2556 911 2590 causa,
926 2552 970 2582 ut
991 2558 1106 2595 quam
1123 2545 1341 2583 tardissime
1361 2545 1411 2583 de
1431 2557 1492 2582 me
1512 2544 1837 2596 pronunciaretur.

382 2604 507 2656 quue
531 2605 702 2657 perfecit.
751 2605 800 2643 Et
815 2606 1040 2658 municipes,
1060 2606 1124 2658 qui
1138 2609 1418 2654 juraveramus,
1438 2612 1515 2644 tres
1535 2612 1574 2643 et
1593 2606 1839 2657 septuaginta

382 2666 537 2705 fuimus.
595 2666 793 2718 Coepimus
824 2675 949 2706 autem
979 2668 1076 2706 ferre
1103 2667 1286 2719 suffragia
1307 2667 1513 2706 admodum
1535 2679 1646 2710 sero3
1676 2666 1838 2718 proinde

382 2729 536 2774 accidit,
559 2742 644 2767 cum
666 2742 807 2767 nomen
827 2742 954 2767 meum
975 2730 1122 2775 citaret,
1145 2736 1187 2767 ut
1208 2730 1290 2781 jam
1318 2729 1488 2767 tenebrae
1507 2736 1665 2766 essent:
1695 2729 1834 2768 etenim

380 2797 604 2841 perventum
620 2791 702 2842 jam
732 2797 815 2829 erat
843 2791 994 2829 circiter
1022 2791 1072 2829 ad
1099 2791 1393 2842 sexagesimum,
1412 2798 1451 2828 et
1471 2796 1632 2828 vocatus
1657 2803 1741 2827 sum
1767 2803 1835 2841 po—

382 2859 547 2891 stremus
567 2853 734 2891 omnium
757 2851 855 2891 inter
874 2867 953 2900 θος,
974 2853 1038 2904 qui
1060 2852 1124 2892 illo
1153 2853 1216 2891 die
1237 2860 1328 2891 sunt
1345 2852 1486 2900 vocati,
1506 2858 1600 2890 natu
1621 2851 1834 2903 grandiori-

381 2914 455 2951 bus
475 2914 571 2953 inter
592 2914 806 2967 municipes
820 2915 899 2966 jam
922 2915 957 2952 in
978 2926 1090 2965 agros
1112 2914 1310 2965 digressis.
1355 2913 1454 2952 Cum
1469 2913 1570 2951 enim
1587 2911 1841 2963 municipium
1896 2930 1900 2935 ·
1941 2927 1948 2939 ⁴
