1948 3306
327 170 378 205 60
638 169 713 205 DE
742 169 896 207 MALE
928 169 1108 208 GESTA
1143 169 1478 210 LEGATIONE.

949 363 1175 403 LITERAE.

328 465 496 510 Auditis,
519 466 793 513 Athenienses,
809 481 887 505 una
905 467 1021 506 etiam
1041 475 1215 520 tempora
1236 469 1386 507 recitari
1407 482 1454 508 ex
1473 468 1639 521 publicis
1659 481 1797 507 monu-

328 528 483 575 mentis,
504 534 620 566 testes
640 542 795 579 quoque
815 529 974 575 dixisse,
993 531 1219 581 priusquam
1240 545 1313 583 ego
1332 532 1486 582 legatus
1507 545 1672 576 crearer,
1688 530 1801 570 ›Pha-

327 590 482 635 laecum,
511 590 768 629 Phocensium
798 598 1022 642 tyrannum,
1057 594 1168 630 nobis
1199 601 1239 631 et
1278 593 1584 631 Lacedaemoniis
1617 592 1800 639 diffisum,

329 651 510 703 Philippo
531 653 757 690 credidisse.
788 653 976 702 Nunquid
996 667 1086 691 vero
1101 654 1173 692 iste
1191 655 1311 701 solus,
1327 655 1420 706 quid
1436 662 1664 693 eventurum
1683 660 1804 700 esset,
1833 678 1839 692 x

328 713 563 764 ignorabat?
594 714 677 751 Iino
698 727 766 751 vos
791 713 865 765 ipsi
898 715 1053 764 publice
1082 716 1278 765 quomodo
1310 716 1439 754 affecti
1471 716 1625 754 fuistis?
1657 716 1802 754 Nonne

330 789 463 814 omncs
496 775 802 826 exspectabatis,
842 776 936 822 fore,
974 783 1018 814 ut
1055 777 1260 828 Philippus
1299 776 1505 815 Thebanos
1556 778 1804 829 opprimeret,

329 838 472 888 quippe
489 850 650 887 quorum
668 843 707 874 et
728 837 929 875 audaciam
948 838 1106 884 videret,
1129 845 1168 876 et
1187 838 1423 889 perfidorum
1443 838 1642 876 hominum
1662 847 1803 891 poten-

292 912 298 921 *
328 899 421 936 tiam
451 899 585 949 augeri
605 899 756 937 nollet?
789 900 929 937 Nonne
952 900 1241 938 Lacedaemonii
1266 900 1385 951 legati
1416 913 1496 938 una
1526 913 1615 938 cum
1649 901 1803 948 vestris,

330 961 530 998 Thebanis
550 961 859 1012 refragabantur,
889 975 933 1000 ac
954 962 1114 1000 tandem
1136 969 1268 1013 aperto
1291 962 1381 1000 odio
1408 975 1474 1001 eos
1499 962 1538 999 in
1567 962 1805 1001 Macedonia

327 1023 587 1071 lacessebant,
607 1031 647 1062 et
660 1025 799 1076 legatis
815 1025 970 1063 illorum
991 1024 1291 1063 minitabantur?
1320 1025 1464 1063 Nonne
1479 1038 1570 1063 vero
1589 1024 1663 1076 ipsi
1681 1031 1802 1063 aestu-

328 1089 461 1132 abant,
477 1094 516 1124 et
533 1086 580 1124 de
598 1099 685 1124 sese
701 1087 980 1137 pertimuerant
993 1086 1113 1137 legati
1133 1086 1429 1125 Thebanorum?
1459 1086 1603 1125 Nonne
1623 1085 1804 1125 Thessali

328 1156 482 1189 ceteros
510 1149 752 1195 deridebant,
774 1156 829 1187 et
861 1163 932 1187 sua
964 1162 1084 1187 causa
1116 1149 1222 1187 illam
1261 1148 1547 1201 expeditionem
1581 1155 1802 1199 susceptam

327 1225 416 1250 esse
438 1205 673 1263 jactabant?
702 1211 847 1249 Nonne
867 1225 958 1250 vero
984 1211 1141 1262 quidam
1163 1212 1375 1250 amicorum
1403 1211 1573 1263 Philippi
1597 1217 1729 1263 aperte
1752 1211 1803 1250 ad

326 1280 498 1312 vestrum
514 1273 703 1324 quoe-dam
725 1274 922 1319 dicebant,
938 1273 1161 1325 Philippum
1178 1273 1350 1311 Boeotias
1367 1274 1480 1311 urbes
1498 1273 1804 1311 instauraturum

329 1336 443 1374 esse?
473 1336 615 1373 Nonne
638 1335 820 1374 Thebani
848 1348 981 1373 ornnes
1011 1348 1102 1373 suas
1132 1334 1265 1386 copias
1294 1334 1526 1380 eduxerunt,
1548 1334 1663 1373 diffisi
1688 1336 1805 1373 rebus

327 1397 436 1436 suis?
467 1397 610 1435 Nonne
643 1394 847 1448 Philippus
872 1410 919 1435 ea
948 1411 1036 1435 cum
1062 1397 1226 1442 videret,
1255 1410 1323 1434 vos
1348 1410 1417 1447 per
1445 1397 1578 1435 literas
1604 1410 1693 1435 cum
1720 1410 1803 1434 om-

326 1460 441 1497 nibus
462 1460 585 1510 copiis
605 1458 706 1497 exire
729 1459 906 1509 jubebat,
937 1472 1006 1509 pro
1027 1458 1223 1509 aequitatis
1252 1457 1509 1496 defensione?
1550 1458 1694 1496 Nonne
1713 1471 1806 1497 vero

326 1522 505 1560 bellicosi
525 1520 602 1566 isti,
623 1521 688 1571 qui
709 1532 845 1571 pacem
866 1520 1060 1570 ignaviam
1079 1527 1236 1566 vocant,
1255 1532 1324 1557 vos
1341 1518 1634 1570 prohibuerunt,
1655 1532 1703 1557 ne
1723 1520 1805 1558 exi-

326 1584 433 1629 retis,
455 1583 560 1634 quod
591 1595 633 1620 se
653 1581 776 1620 vereri
797 1581 985 1627 dicerent,
1007 1595 1055 1620 ne
1074 1594 1173 1633 pace
1193 1587 1232 1619 et
1257 1580 1444 1619 societate
1464 1581 1581 1628 facta,
1602 1580 1806 1632 Philippus

328 1645 471 1683 milites
491 1652 639 1682 vestros
656 1643 812 1682 obsides
834 1643 1020 1695 caperet?

382 1709 449 1744 42.
482 1707 622 1744 Utrum
651 1705 769 1757 igitur
795 1719 867 1756 ego
887 1704 1069 1757 prohibui
1099 1705 1266 1757 majores
1292 1706 1448 1752 imitari,
1476 1717 1526 1743 an
1545 1711 1602 1751 tu,
1621 1711 1661 1743 et
1683 1705 1710 1744 ii
1739 1707 1807 1758 qui

325 1775 457 1807 tecum
488 1775 625 1806 contra
666 1767 945 1818 rempublicam
983 1766 1287 1817 conspirarunt?
1331 1767 1433 1806 Utra
1461 1779 1577 1818 porro
1605 1767 1806 1819 expeditio

326 1831 445 1869 tutior
473 1830 558 1876 fuit,
591 1836 631 1868 et
662 1829 862 1867 honestior
900 1829 1236 1868 Atheniensibus?
1267 1830 1389 1876 Eane,
1418 1842 1506 1867 cum
1538 1828 1804 1868 Phocensium

326 1894 433 1931 furor
457 1892 601 1930 viribus
630 1892 760 1929 adhuc
780 1897 1090 1929 sustentaretur:
1121 1904 1211 1929 cum
1237 1891 1420 1942 Philippo
1446 1891 1687 1937 resisterent,
1715 1904 1804 1929 cum

326 1955 526 2006 Alponum
547 1960 585 1991 et
602 1953 776 1990 Nicaeam
791 1959 983 1998 tenerent,
1005 1966 1078 1991 nec
1099 1953 1192 1990 dum
1214 1966 1261 1991 ea
1279 1952 1370 1991 loca
1389 1952 1590 2004 Philippus
1612 1952 1804 1991 Macedo-

327 2016 441 2054 nibus
461 2015 710 2053 tradidisset:
741 2027 828 2052 cum
854 2014 998 2061 foedus,
1019 2027 1067 2051 ex
1096 2027 1172 2065 quo
1198 2015 1256 2052 eis
1288 2013 1488 2065 suppetias
1521 2013 1609 2051 ituri
1637 2027 1807 2062 eramus,

326 2084 444 2127 atque
463 2089 607 2115 arcana
634 2088 745 2113 sacra
763 2075 1060 2126 repudiassent:
1091 2088 1179 2113 cum
1202 2074 1414 2113 Thebanos
1436 2087 1460 2112 a
1485 2082 1598 2126 tergo
1627 2075 1806 2126 reliquis-

326 2138 481 2177 semus:
512 2151 601 2177 cum
621 2151 644 2176 a
664 2137 845 2189 Philippo
862 2136 1426 2189 accerseremur,jurejurando
1448 2144 1487 2174 et
1507 2137 1696 2175 societate
1715 2150 1804 2175 cum

325 2214 371 2239 eo
390 2201 503 2239 nobis
524 2199 818 2237 intercedente:
849 2212 937 2237 cum
957 2199 1135 2237 Thessali
1163 2205 1202 2237 et
1227 2199 1344 2236 ceteri
1370 2198 1679 2250 Amphictyones
1705 2199 1806 2236 mili-

325 2262 480 2301 tarent?
511 2263 654 2299 Nonne
675 2262 762 2299 haec
780 2262 936 2300 occasio
952 2262 1071 2312 longe
1091 2260 1165 2298 fuit
1184 2260 1384 2298 honestior
1398 2260 1477 2303 illa,
1494 2273 1573 2311 qua
1591 2267 1748 2311 propter
1767 2266 1808 2298 et

324 2325 520 2375 ignaviam
550 2331 590 2362 et
608 2323 860 2362 invidentiam
881 2331 990 2362 tuam
1016 2322 1278 2361 Athenienses
1311 2321 1597 2373 suppellectilia
1627 2335 1674 2359 ex
1702 2322 1806 2373 agris

325 2386 365 2424 in
394 2387 527 2424 urbem
564 2392 843 2431 convexerunt,
874 2399 961 2423 cum
996 2399 1070 2437 ego
1093 2385 1176 2436 jam
1205 2384 1358 2422 tertiam
1392 2384 1630 2435 legationem
1659 2384 1805 2422 obirem

325 2447 431 2500 apud
447 2447 653 2486 concilium
671 2447 1018 2499 Amphictyonum,
1034 2460 1151 2497 quam
1166 2453 1208 2485 tu
1230 2460 1293 2484 me
1310 2446 1479 2484 obivisse
1497 2459 1575 2484 non
1592 2446 1804 2492 delectum,

327 2509 456 2548 dicere
476 2522 554 2547 non
575 2509 731 2547 dubitas
748 2521 756 2546 :
787 2515 826 2545 et
840 2515 970 2546 tamen
985 2521 1072 2546 cum
1093 2507 1272 2545 inimicus
1293 2507 1386 2544 mihi
1406 2507 1473 2553 sis,
1491 2507 1683 2545 hactenus
1703 2520 1804 2545 nun-

328 2585 447 2624 quam
477 2583 597 2609 ausus
617 2584 659 2609 es
687 2583 748 2608 me
768 2570 877 2607 falsae
905 2569 1111 2620 legationis
1134 2582 1333 2607 accusare.
1366 2569 1508 2619 Neque
1535 2568 1638 2606 enim
1657 2569 1807 2608 scilicet

325 2649 391 2675 eas
410 2635 502 2674 mihi
520 2635 687 2673 mulctas
708 2634 869 2680 invides,
889 2647 977 2684 quae
992 2645 1156 2684 corpore
1177 2639 1270 2670 sunt
1283 2632 1451 2670 luendae.

380 2699 447 2735 43.
478 2697 617 2748 Itaque
638 2709 726 2734 cum
749 2695 925 2733 Thebani
951 2694 1186 2742 assiderent,
1216 2701 1332 2744 atque
1363 2698 1531 2740 orarent,
1552 2706 1641 2730 cum
1672 2699 1806 2731 nostra

325 2761 419 2798 urbs
430 2765 589 2811 propter
608 2765 645 2797 te
665 2758 894 2809 perturbata
914 2763 1032 2804 esset,
1054 2770 1143 2795 cum
1164 2756 1423 2794 Athenienses
1443 2755 1618 2806 legiones
1638 2768 1717 2794 non
1735 2756 1805 2794 ad-

326 2828 473 2869 essent,
499 2834 590 2859 cum
614 2820 794 2858 Thessali
824 2833 864 2858 se
892 2833 981 2865 cum
1001 2818 1197 2857 Thebanis
1226 2818 1538 2869 conjunxissent,
1565 2823 1722 2868 propter
1739 2831 1805 2855 ve-

326 2890 446 2922 stram
461 2883 736 2929 temeritatem,
754 2889 872 2934 atque
888 2882 1020 2921 odium
1036 2881 1314 2926 Phocensium,
1330 2880 1438 2931 quod
1453 2881 1502 2918 ab
1517 2880 1686 2931 antiquis
1704 2886 1802 2918 tem-

326 2945 485 2998 poribus
507 2945 545 2982 in
566 2958 634 2984 eos
655 2945 854 2995 gerebant,
887 2944 990 2994 quod
1013 2943 1241 2982 Phocenses
1269 2955 1401 2981 eorum
1431 2941 1588 2980 obsides
1615 2947 1798 2992 acceptos
