1915 3356
554 181 799 220 EXORDIA
831 181 1190 220 CONCIONUM.
1526 185 1601 221 827

146 286 282 324 Martis
303 285 427 323 aleam
454 286 617 337 experiri
638 286 877 337 neglexistis.
934 286 1019 323 Nec
1053 286 1153 323 enim
1188 286 1226 323 in
1259 286 1479 324 universum
1515 298 1607 324 con-

142 347 304 393 tradico,
323 347 392 386 sed
414 348 462 386 de
479 347 596 387 modo
615 347 876 399 aggressionis
897 346 1092 385 adversor.

798 450 942 487 XLIV.

194 532 352 573 Quanto
383 531 501 582 legati
538 530 664 568 studio
692 529 888 568 civitatem
923 535 1095 567 nostram
1122 527 1356 574 accusarint,
1381 540 1514 566 omnes
1550 530 1605 567 vi-

139 593 263 641 distis,
299 593 569 632 Athenienses.
646 591 736 630 Una
766 592 869 630 enim
903 604 944 630 re
973 596 1138 642 excepta
1166 590 1299 628 nescio
1337 602 1427 640 qua,
1461 596 1603 628 caetera

138 655 265 693 omnia
281 655 319 692 in
337 668 406 694 vos
426 666 638 705 congerere
669 660 762 692 sunt
786 653 928 693 conati.
988 654 1053 691 Ac
1087 653 1121 691 si
1152 651 1440 691 criminationes
1467 664 1604 689 eorum

136 729 238 754 verae
257 722 404 765 essent,
423 716 585 767 gratiam
598 714 671 754 illis
680 716 767 767 jure
786 715 996 762 haberetis,
1009 714 1113 766 quod
1129 727 1199 752 vos
1221 713 1326 765 apud
1340 712 1600 764 vosmetipsos

135 779 265 830 potius
286 791 403 830 quam
423 777 528 830 apud
544 778 641 817 alios
669 778 724 817 ita
743 784 1023 818 accusassent:
1052 777 1120 815 sed
1143 790 1233 816 cum
1255 776 1310 814 sic
1330 775 1503 814 oratione
1533 776 1610 813 sint

135 842 194 880 usi
209 848 254 880 ut
270 843 469 881 veritatem
488 842 757 894 perverterint,
776 854 821 880 ac
854 847 937 880 tum
971 854 1018 880 ea
1045 847 1203 892 propter
1227 853 1315 891 quae
1339 839 1476 878 laudes
1497 839 1606 877 vobis

133 903 313 942 maximae
336 904 524 943 debentur
541 904 806 956 praeterierint,
825 902 1003 941 tum‘alia
1030 902 1189 941 crimina
1208 901 1309 940 falsa
1333 913 1500 954 quaeque
1526 913 1606 938 non

134 965 282 1004 cadunt
308 966 348 1004 in
379 980 447 1005 vos
477 966 703 1018 objecerint,
736 965 900 1018 improbi
933 965 1081 1013 merito,
1114 970 1319 1017 postquam
1351 963 1438 1001 haec
1463 962 1605 1000 fecisse

133 1029 426 1076 convincentur,
465 1035 579 1067 erunt
617 1028 836 1081 judicandi.
902 1027 1006 1066 Nam
1039 1027 1070 1065 si
1111 1026 1330 1078 opinionem
1369 1024 1605 1076 eloquentiae

133 1090 241 1128 laudi
272 1091 442 1130 veritatis
480 1097 520 1130 et
557 1090 810 1130 humanitatis
844 1090 1113 1142 praetulerunt,
1157 1102 1206 1128 ne
1239 1088 1313 1140 ipsi
1346 1087 1519 1140 quidem,
1562 1093 1606 1124 ut

133 1159 305 1203 apparet,
332 1153 382 1191 de
405 1166 451 1192 eo
469 1153 649 1191 laborant
676 1159 721 1191 ut
750 1151 842 1190 boni
862 1151 931 1189 viri
961 1151 1193 1190 habeantur.
1252 1149 1424 1188 Difficile
1444 1154 1505 1187 est
1537 1160 1607 1198 pro

131 1213 240 1252 vobis
265 1214 372 1265 apud
403 1228 474 1253 vos
506 1214 700 1253 dicturum
739 1226 914 1265 surgere,
952 1211 1283 1264 quemadmodum
1320 1210 1435 1249 facile
1466 1214 1606 1247 contra

129 1287 212 1313 vos.
270 1275 356 1326 Ego
385 1275 501 1321 enim,
522 1275 758 1321 mehercule,
785 1275 913 1312 nullos
943 1274 1119 1312 homines
1147 1273 1256 1319 alios,
1289 1285 1380 1310 vera
1411 1283 1481 1309 sua
1512 1270 1606 1308 dum

130 1336 389 1376 admonentur
416 1338 570 1389 probra,
602 1344 681 1374 tam
712 1336 834 1387 aequis
882 1335 1019 1373 animis
1056 1335 1191 1373 audire
1236 1340 1344 1383 puto,
1379 1345 1495 1384 quam
1534 1345 1602 1370 vos

131 1398 274 1438 auditis
301 1393 349 1438 ea
368 1398 555 1445 convicia,
574 1410 661 1449 quae
679 1397 781 1435 falso
801 1398 842 1434 in
861 1409 931 1435 vos
952 1396 1165 1448 jaciuntur.
1225 1395 1328 1440 Quin
1361 1395 1458 1433 istos
1486 1394 1604 1433 etiam

129 1474 209 1499 non
229 1461 406 1500 existimo
426 1468 506 1500 tam
527 1459 767 1499 confidenter
785 1458 886 1496 falsa
904 1458 1025 1495 fuisse
1045 1458 1234 1502 dicturos,
1262 1455 1334 1494 nisi
1362 1462 1603 1507 compertum

129 1523 203 1561 hoc
231 1523 432 1567 haberent,
450 1536 496 1559 ac
514 1520 895 1572 perspicuumressen
914 1530 983 1556 vos
1015 1518 1188 1556 omnium
1216 1530 1303 1556 esse
1333 1517 1603 1569 paratissimos

129 1585 180 1624 ad
207 1584 249 1623 id
280 1583 533 1629 audiendum,
554 1582 660 1635 quod
692 1581 816 1633 quivis
849 1581 887 1618 in
907 1592 972 1618 vos
999 1579 1153 1619 dixerit.
1210 1579 1327 1622 Quod
1349 1579 1380 1616 si
1399 1578 1598 1617 facilitatis

130 1646 246 1698 hujus
264 1659 392 1699 poenae
421 1645 563 1684 dandae
596 1650 703 1692 sunt,
731 1657 811 1682 non
841 1642 926 1681 aliae
959 1642 1101 1680 fuerint
1120 1655 1236 1693 quam
1259 1648 1305 1679 ut
1333 1640 1494 1678 erimina
1513 1653 1602 1691 quae

127 1723 208 1749 non
238 1709 386 1749 cadunt
413 1708 452 1746 in
479 1714 653 1747 nostram
685 1706 882 1745 civitatem
914 1705 1094 1744 audiatis.
1153 1704 1220 1742 Sin
1252 1703 1438 1750 veritatis,
1468 1709 1511 1741 ut
1541 1711 1602 1741 est

128 1786 297 1824 aequum,
317 1771 566 1824 suscipienda
596 1777 659 1809 est
685 1769 874 1816 defensio,
895 1781 980 1807 eam
1006 1769 1055 1806 ob
1077 1779 1234 1806 causam
1253 1766 1332 1804 huc
1361 1779 1436 1817 ego
1463 1765 1602 1817 prodii,

127 1849 206 1873 non
226 1835 331 1886 quod
356 1848 418 1872 me
450 1847 522 1886 pro
555 1832 742 1885 dignitate
770 1844 896 1870 rerum
917 1844 940 1869 a
967 1831 1078 1869 vobis
1102 1837 1301 1881 gestarum
1322 1839 1439 1880 posse
1459 1827 1601 1875 dicere,

127 1897 195 1936 sed
221 1897 326 1948 quod
360 1897 546 1942 actiones,
565 1894 860 1947 quibuscunque
879 1892 1006 1931 verbis
1035 1892 1292 1944 explicentur,
1317 1890 1446 1942 justas
1475 1889 1598 1927 visum

126 1960 170 1998 iri
209 1959 376 1999 confido.
432 1958 585 1996 Vellem
617 1963 749 1995 tamen
780 1968 866 2003 vos,
899 1954 1174 2000 Athenienses,
1207 1964 1342 2003 aequos
1377 1964 1462 1990 esse
1493 1951 1532 1989 in
1558 1965 1601 1990 re

126 2030 256 2061 vestra
280 2021 489 2067 auditores,
518 2033 605 2067 nec,
625 2019 718 2071 quia
747 2027 918 2058 vestram
947 2017 1268 2070 approbationem
1299 2015 1494 2054 orationes
1525 2016 1598 2053 im-

125 2091 338 2137 petrarunt,
371 2083 418 2121 de
446 2082 501 2121 eis
520 2096 590 2122 vos
617 2082 745 2120 rixari.
802 2080 893 2119 Non
924 2080 1027 2119 enim
1046 2080 1251 2131 quisquam
1285 2076 1324 2115 id
1355 2077 1448 2116 vitio
1467 2084 1598 2116 vestro

126 2147 283 2193 tribuet,
302 2145 334 2183 si
354 2145 403 2183 ab
417 2144 572 2182 homine
592 2143 674 2183 sitis
693 2143 898 2194 eloquente
917 2140 1168 2179 circumventi
1186 2153 1196 2178 ε
1226 2138 1297 2177 sed
1318 2150 1451 2177 eorum
1471 2139 1537 2190 qui
1558 2139 1596 2176 in

128 2209 166 2247 id
186 2220 339 2260 operam
359 2206 564 2253 dederunt,
584 2212 629 2244 ut
646 2218 716 2244 vos
734 2205 773 2243 in
792 2203 967 2243 fraudem
987 2202 1188 2241 illicerent.

793 2308 920 2348 XLV.

179 2390 328 2444 Opinor
352 2403 488 2429 omnes
514 2402 599 2437 vos,
619 2388 897 2434 Athenienses,
929 2387 1175 2426 confessuros
1205 2397 1253 2424 ea
1271 2385 1370 2424 velle
1395 2384 1478 2423 fieri
1510 2397 1593 2431 vos,

124 2468 211 2507 quae
246 2452 409 2505 quisque
440 2452 608 2504 Reipub.
636 2451 780 2504 putetis
811 2449 978 2489 maxime
1010 2449 1224 2501 profutura.
1281 2447 1343 2486 Fit
1375 2454 1504 2486 autem
1537 2454 1593 2493 ut,

125 2516 231 2569 quod
250 2516 357 2554 factu
378 2515 428 2553 sit
453 2514 653 2567 optimum,
684 2527 763 2553 non
787 2513 923 2552 eodem
951 2512 1069 2551 modo
1096 2512 1145 2550 ab
1169 2509 1351 2549 omnibus
1386 2514 1593 2547 statuatur.

125 2579 210 2617 Nec
229 2578 331 2616 enim
356 2583 530 2616 vestrum
558 2576 622 2615 alii
642 2576 853 2615 sententias
873 2589 959 2615 esse
980 2573 1187 2620 dicendas,
1204 2573 1369 2611 aliinon
1390 2570 1591 2616 dicendas,

123 2639 417 2678 contenderent.
484 2637 603 2691 Apud
628 2651 695 2677 eos
728 2637 845 2689 igitur
874 2637 1024 2677 dicturo
1052 2635 1118 2687 qui
1149 2634 1189 2673 id
1227 2633 1411 2686 prodesse
1452 2639 1591 2684 putant

124 2700 217 2738 nihil
238 2713 336 2751 opus
356 2707 417 2739 est
434 2700 707 2739 verbis—cum
729 2702 812 2748 jam
840 2700 895 2737 eis
925 2709 1155 2750 persuasum
1186 2696 1312 2735 sit———z
1344 2694 1393 2733 ad
1421 2707 1488 2733 eos
1521 2706 1590 2732 au-

125 2771 203 2802 tem
221 2763 285 2815 qui
305 2764 538 2802 contrarium
564 2762 749 2815 expedire
778 2770 941 2801 censent
972 2773 1098 2814 pauca
1118 2760 1259 2799 dicam.
1318 2758 1358 2796 Si
1377 2758 1444 2809 qui
1473 2757 1590 2809 igitur

125 2825 257 2863 audire
275 2823 428 2870 nolunt,
447 2824 486 2862 hi
510 2832 555 2863 ut
571 2837 652 2863 rem
670 2830 912 2876 cognoscant
929 2823 1050 2861 nihilo
1067 2821 1189 2873 magis
1209 2821 1287 2859 fieri
1306 2826 1450 2872 potest,
1472 2831 1587 2870 quarn

123 2887 153 2925 si
173 2887 244 2938 ipsi
264 2892 303 2925 et
325 2893 498 2925 tacerent
515 2893 555 2925 et
572 2899 687 2925 nemo
711 2885 923 2924 orationem
946 2885 1132 2924 haberet:
1164 2883 1223 2921 sin
1246 2881 1457 2929 audieritis,
1473 2880 1589 2920 alter-

124 2956 210 2988 utro
229 2950 331 2988 bono
361 2949 537 2988 frustrari
573 2962 649 2988 non
670 2949 847 3001 potestis,
863 2948 955 3000 quin
979 2955 1045 2987 aut
1065 2945 1241 2998 persuasi
1267 2944 1479 2996 eademque
1499 2956 1588 2984 sen-
