1981 3356
531 212 821 251 ADVERSUS
856 212 1270 252 PANTAENETUM.
1554 217 1629 254 567

159 330 273 368 quem
306 317 441 355 harum
468 330 595 355 rerum
625 316 824 355 conscium
858 315 1017 364 diceret,
1045 317 1083 354 in
1113 317 1366 368 quaestionem
1400 319 1630 370 postulans:

160 379 266 429 quod
295 379 325 417 si
352 392 401 417 ea
432 392 522 417 vera
543 385 687 424 essent,
708 385 752 416 ut
779 378 850 416 sibi
871 379 1056 418 mulctam
1086 393 1202 430 quarn
1232 380 1406 431 petiisset
1434 381 1631 427 solverem,

160 440 219 478 sin
251 440 360 487 falsa,
394 448 438 478 ut
468 441 650 491 quaesitor
680 439 892 478 Mnesicles
923 440 1132 478 aestimaret
1171 441 1305 490 quanti
1342 448 1445 479 esset
1486 455 1631 480 servus.

160 503 289 553 Atque
310 502 480 554 acceptis
501 515 525 540 a
542 515 604 540 me
624 501 800 548 vadibus,
821 508 861 539 et
880 492 1156 553 provocatione
1171 502 1510 552 obsignata—non
1526 503 1631 554 quod

151 566 302 612 justum
324 570 452 603 esset:
476 564 540 601 ubi
561 563 662 602 enim
676 563 826 615 justum
847 569 907 602 est
925 563 963 601 in
986 564 1082 602 servi
1102 576 1264 615 corpore
1283 570 1323 602 et
1337 563 1428 610 vita,
1450 572 1517 602 aut
1534 565 1631 603 duo-

157 625 232 664 bus
253 625 431 664 mulctari
450 624 622 670 talentis,
645 631 713 663 aut
732 625 880 663 nullam
901 624 1019 664 statui
1046 638 1202 677 poenam
1234 625 1531 664 calumniatori?
1561 626 1632 664 sed

158 687 264 738 quod
284 700 357 738 ego
378 699 522 738 magna
550 699 637 725 eum
669 687 854 738 aequitate
889 700 1072 739 superare
1093 688 1285 733 volebam,
1309 701 1355 726 eo
1384 688 1631 734 concessi—,

157 758 250 800 post
268 749 354 787 haec
373 749 490 787 etiam
509 762 569 787 me
596 749 726 787 denuo
750 749 901 800 judicio
921 756 1122 799 provocat,
1139 763 1231 788 cum
1252 750 1419 801 primum
1450 762 1633 801 sponsam

155 811 364 862 pecuniam
385 811 632 850 sustulisset:
665 811 764 850 adeo
785 811 916 850 statim
947 812 1174 863 apparebat,
1200 825 1289 849 eum
1310 824 1383 850 nec
1418 811 1457 849 in
1485 824 1530 850 eo
1545 812 1631 863 jure

158 873 264 924 quod
281 873 363 924 ipse
385 872 586 912 definierat
605 874 866 925 acquiescere.
925 873 1142 925 Postquam
1162 880 1290 912 autem
1313 875 1364 913 ad
1384 875 1633 925 quaesitorem

157 934 346 982 venimus,
359 948 447 972 cum
465 935 688 986 provocatio
706 936 918 988 aperienda
930 942 1035 974 esset
1054 943 1093 974 et
1112 936 1411 974 monstrandum
1429 936 1523 987 quid
1539 949 1632 974 con-

157 996 309 1043 tineret,
332 1003 452 1047 atque
483 1010 532 1034 ex
558 1011 604 1035 ea
633 998 788 1048 agenda
806 1012 894 1049 quae
914 998 1328 1048 convenerant—quia
1355 998 1456 1035 enirn
1486 997 1631 1035 tumul-

157 1067 221 1096 tus
247 1065 329 1096 tum
349 1064 434 1095 erat
451 1065 491 1095 et
505 1058 695 1108 judicium
717 1059 959 1104 vocandum,
974 1059 1029 1096 ita
1048 1058 1179 1105 fiebat,
1199 1059 1236 1096 H
1254 1072 1313 1097 an
1326 1072 1347 1097 c
1375 1066 1391 1096 t
1405 1059 1478 1097 ibi
1520 1073 1540 1098 c
1557 1073 1634 1097 on-

158 1119 422 1158 ditionem
451 1118 579 1163 fero,
598 1118 851 1169 Accipio:
875 1119 1019 1158 Cedo
1042 1120 1303 1166 annulum,
1324 1120 1480 1171 Cape:
1502 1120 1634 1165 Quis

155 1194 179 1217 v
193 1193 213 1218 e
229 1194 246 1218 r
260 1193 283 1218 o
321 1194 338 1218 s
350 1194 376 1231 p
390 1193 412 1218 0
429 1194 453 1217 n
468 1193 485 1217 s
499 1193 522 1217 o
538 1179 579 1216 r?
615 1179 652 1216 H
670 1180 727 1225 ic,
762 1179 911 1217 nullum
943 1193 1071 1230 neque
1102 1181 1338 1232 exemplum,
1371 1195 1498 1232 neque
1524 1182 1634 1233 quic-

156 1255 273 1294 quam
292 1242 370 1281 tale
391 1242 613 1280 feci—curn
633 1241 764 1292 igitur,
780 1241 952 1293 inquam,
970 1242 1054 1280 haec
1074 1242 1128 1280 ita
1148 1249 1192 1280 ut
1212 1243 1299 1280 dico
1315 1244 1469 1294 agenda
1489 1251 1633 1289 essent,

155 1304 261 1343 venit
280 1310 320 1343 et
339 1303 453 1342 aliam
489 1303 806 1355 provocationem
836 1303 959 1349 affert,
981 1317 1004 1342 a
1032 1317 1075 1342 se
1103 1304 1363 1355 torquendum
1392 1318 1480 1343 esse
1506 1305 1634 1342 homi·

154 1380 244 1405 nem
273 1378 451 1405 asserens
468 1379 478 1410 ;
511 1378 678 1417 eumque
710 1365 949 1417 prehensum
980 1366 1109 1413 trahit,
1142 1379 1216 1404 nec
1249 1366 1374 1404 ullum
1405 1366 1633 1418 petulantiae

156 1441 281 1480 genus
320 1427 593 1481 praetermittit.
663 1428 748 1479 Ego
781 1428 897 1478 igitur
926 1428 1111 1479 cogitavi,
1141 1427 1320 1476 Judices,
1350 1436 1499 1479 quanta
1529 1437 1635 1467 esset

154 1491 415 1543 praerogativa
444 1503 523 1528 non
542 1489 657 1530 nimis
676 1502 717 1528 se
739 1489 906 1540 abjicere
926 1490 965 1527 in
997 1490 1088 1528 vita.
1147 1490 1233 1541 Ego
1259 1489 1361 1528 enirn
1387 1503 1433 1528 ea
1462 1503 1522 1528 me
1551 1491 1632 1542 pati

156 1551 355 1603 putabam,
377 1558 418 1590 et
437 1550 637 1590 contemni
665 1564 710 1589 eo
740 1551 847 1601 quod
878 1551 1101 1602 simpliciter
1131 1558 1171 1589 et
1200 1557 1245 1589 ut
1276 1558 1418 1590 natura
1442 1565 1530 1590 mea
1559 1553 1635 1591 fert

154 1613 337 1660 viverem,
353 1620 393 1652 et
410 1626 573 1664 magnas
592 1626 732 1664 poenas
754 1612 848 1651 dare
869 1613 900 1651 si
920 1626 966 1651 ea
987 1613 1204 1652 tolerarem.
1263 1613 1321 1652 Ut
1341 1613 1458 1665 igitur
1474 1627 1521 1652 ea
1544 1628 1632 1666 quae

147 1675 258 1726 justa
276 1676 474 1726 putabam,
499 1688 558 1713 me
585 1682 767 1713 coactum
790 1687 874 1712 esse
895 1674 1063 1712 vicissim
1092 1675 1291 1726 postulare
1312 1682 1351 1713 et
1370 1689 1532 1726 puerum
1553 1684 1630 1715 tra-

156 1736 317 1784 didisse,
337 1744 377 1774 et
395 1750 485 1775 vera
511 1736 598 1775 haec
617 1736 745 1775 dicere
764 1743 930 1783 constet,
951 1735 1071 1775 recita
1090 1736 1418 1788 provocationem.

706 1881 1078 1920 PROVOCATIO.

157 1977 397 2017 Detrectatis
416 1980 532 2031 igitur
550 1978 624 2024 his,
646 1978 874 2018 detrectatis
899 1980 992 2018 item
1013 1980 1059 2018 iis
1080 1993 1178 2031 quas
1198 1982 1281 2032 ipse
1302 1981 1468 2032 primum
1491 1981 1635 2020 tulerat

154 2041 456 2088 conditionibus,
485 2041 664 2093 equidem
696 2040 882 2092 quidnam
918 2042 1023 2093 apud
1052 2056 1123 2081 vos
1154 2043 1328 2081 dicturus
1357 2042 1419 2089 sit,
1450 2043 1632 2083 demiror.

157 2102 211 2141 Ut
226 2109 355 2142 autem
376 2103 474 2142 illud
494 2104 609 2142 etiam
626 2103 756 2141 sciatis
773 2117 795 2141 a
810 2117 888 2154 quo
911 2104 980 2142 sibi
998 2104 1144 2143 factam
1165 2104 1342 2155 injuriam
1358 2113 1632 2155 conqueratur,

156 2170 346 2216 spectate.
402 2166 479 2204 Hic
513 2171 574 2204 est
607 2165 674 2216 qui
708 2166 980 2204 Pantaenetum
1012 2166 1139 2218 ejecit,
1160 2165 1222 2204 hic
1258 2172 1317 2204 est
1348 2166 1413 2204 ille
1442 2168 1635 2218 potentior

156 2226 291 2265 amicis
311 2227 528 2266 Pantaeneti
548 2234 588 2266 et
606 2227 784 2278 legibus:
815 2240 943 2279 neque
965 2227 1065 2266 enim
1087 2241 1161 2280 ego
1183 2228 1288 2266 domi
1309 2228 1376 2274 fui,
1396 2241 1467 2267 nec
1484 2229 1568 2280 ipse
1592 2229 1632 2267 id

155 2288 301 2340 objicit.

209 2353 248 2390 9.
279 2350 379 2389 Volo
412 2356 543 2389 autem
578 2350 699 2397 vobis,
721 2357 759 2388 et
793 2363 860 2401 per
890 2365 979 2403 quae
1010 2351 1205 2403 prioribus
1231 2351 1429 2402 judicibus
1457 2352 1632 2404 deceptis

157 2411 352 2463 Evergum
371 2411 518 2458 vicerit,
539 2411 682 2457 dicere,
703 2418 746 2449 ut
766 2411 911 2458 sciatis,
931 2426 1020 2450 eum
1041 2412 1158 2451 etiam
1183 2426 1288 2451 nunc
1309 2413 1404 2451 nihil
1426 2413 1632 2465 impuden-

156 2474 222 2513 tiae
241 2473 337 2512 nihil
356 2473 552 2513 mendacii
571 2473 922 2525 praetermissurum
939 2488 949 2519 3
981 2482 1020 2514 et
1034 2482 1185 2527 ,praeter
1205 2475 1305 2522 haec,
1325 2475 1441 2513 etiam
1463 2476 1631 2514 eandem

155 2549 241 2574 esse
261 2548 395 2574 eorum
422 2535 708 2582 defensionem,
728 2548 893 2586 quorum
925 2549 987 2575 me
1009 2550 1114 2575 nunc
1147 2544 1320 2582 accusat,
1355 2538 1569 2589 reperiatis,
1592 2538 1631 2576 id

156 2598 263 2649 quod
294 2603 570 2649 argumentum
597 2597 929 2636 evidentissimum
950 2605 1009 2636 est
1041 2598 1149 2636 illum
1173 2605 1264 2637 tunc
1296 2598 1414 2637 fuisse
1435 2599 1633 2637 calumnia

156 2672 398 2711 oppressum.
458 2659 696 2698 Criminatus
716 2659 789 2697 fuit
805 2666 945 2711 praeter
965 2666 1109 2699 caetera
1130 2661 1272 2707 omnia,
1295 2674 1381 2698 eum
1402 2661 1441 2698 in
1464 2673 1558 2711 agro
1580 2661 1630 2699 ad

156 2721 306 2772 puellas
335 2722 450 2760 orbas
471 2728 511 2759 et
530 2728 691 2759 matrem
724 2720 847 2772 ipsius
877 2734 965 2760 esse
999 2721 1232 2774 ingressum,
1254 2730 1292 2760 et
1322 2723 1429 2773 leges
1451 2723 1499 2760 de
1527 2723 1632 2762 orbis

159 2782 290 2822 attulit
307 2783 347 2822 in
362 2784 570 2836 judicium.
628 2786 756 2835 Atque
786 2783 835 2821 ad
857 2790 1078 2835 praetorern,
1100 2785 1162 2823 cui
1193 2785 1329 2822 talium
1350 2797 1475 2822 rerum
1496 2797 1630 2823 curam

156 2843 264 2895 leges
283 2845 485 2893 mandant,
505 2853 545 2884 et
575 2845 680 2897 apud
704 2858 820 2896 quem
850 2852 980 2884 sontes
1001 2845 1269 2897 periclitantur
1302 2845 1395 2896 quid
1428 2852 1496 2884 aut
1520 2846 1631 2885 luen·

160 2905 254 2943 dum
292 2913 358 2945 aut
390 2907 619 2946 solvendum
655 2907 717 2953 sit,
750 2906 945 2946 actionem
982 2915 1112 2946 autem
1159 2915 1366 2960 persecuto
1398 2921 1486 2946 cum
1524 2909 1632 2946 nulla

160 2967 306 3007 mulcta
337 2970 520 3008 auxilium
554 2969 687 3015 fertur,
710 2969 883 3007 nondum
910 2969 969 3009 vel
998 2969 1112 3007 hodic
1141 2970 1320 3015 accessit,
1340 2978 1379 3008 et
1410 2983 1534 3021 neque
1570 2983 1629 3008 ine
