1915 3356
464 190 539 229 DE
567 190 719 228 MALE
745 188 923 228 GESTA
954 190 1284 228 LEGATIONE.
1560 193 1610 229 39

140 293 294 331 afficere
314 293 476 340 destitit,
498 300 538 332 et
557 294 657 333 falsa
675 294 882 332 maledicta
902 292 1047 344 jacere,
1068 306 1146 330 non
1166 294 1202 330 in
1230 307 1292 331 me
1313 293 1515 338 duntaxat,
1538 293 1608 331 sed

139 354 253 392 etiam
272 354 311 392 in
330 362 494 394 ceteros.
527 356 654 400 Quem
677 369 768 394 vero
784 355 838 393 sic
863 354 1055 404 deprimit,
1076 367 1207 392 rursus
1228 361 1378 392 mutata
1399 354 1609 399 sententia,

138 415 249 465 quasi
267 416 511 455 Alcibiadem
532 424 600 455 aut
619 416 918 454 Themistoclem
940 422 1159 460 accusaret,
1181 429 1342 465 quorum
1366 429 1516 454 summa
1537 416 1612 453 fuit

137 476 238 514 inter
257 477 419 516 Graecos
441 479 663 524 auctoritas,
690 477 929 521 criminatur,
960 483 1005 514 ut
1031 477 1095 527 qui
1116 483 1155 514 et
1182 476 1410 515 Phocenses
1434 478 1610 515 civitates

131 540 358 585 everterim,
391 547 430 578 et
458 540 634 578 Thraciae
659 539 788 576 locum
817 552 841 576 a
871 538 981 576 vobis
1011 538 1227 583 alienarim,
1255 545 1294 575 et
1326 539 1610 590 Cersoblepten

138 600 253 637 etiam
274 615 394 652 regno
414 602 607 653 ejecerim,
628 602 753 638 virum
783 601 951 639 amicum
978 607 1016 638 et
1047 600 1277 638 foederatum
1299 601 1485 639 civitatis:
1517 602 1611 652 quin

138 667 178 699 et
204 662 394 714 Dionysio
414 663 555 701 Siciliae
575 669 743 714 tyranno
767 676 828 700 me
858 675 1083 714 comparare
1109 662 1290 707 instituit,
1320 671 1360 700 et
1384 662 1516 700 bellua
1540 677 1609 702 vos

138 724 505 775 magnalseveritate
534 731 573 762 et
592 724 760 762 clamore
781 724 902 762 multo
931 731 992 762 est
1011 723 1180 771 hortata,
1200 731 1245 762 ut
1268 725 1378 762 vobis
1408 726 1610 771 caveretis,

137 791 177 821 et
197 785 340 822 Siculae
355 786 583 824 sacrificulae
600 786 791 824 somnium
812 785 1000 824 recitavit.
1034 785 1136 823 Cum
1155 793 1283 823 autem
1305 800 1386 824 rem
1406 794 1611 837 tantopere

138 853 433 897 exaggerasset,
462 847 600 885 invidit
628 847 724 885 meis
756 846 1106 892 criminationibus,
1128 855 1167 885 et
1196 861 1357 886 causam
1387 862 1512 886 rerum
1543 861 1610 899 ge-

139 913 285 945 starum
307 908 514 960 adscripsit
533 922 611 947 non
631 909 726 947 meis
746 909 889 953 verbis,
911 909 981 946 sed
1003 908 1173 960 Philippi
1194 910 1322 947 armis.

191 970 229 1007 6.
261 969 410 1008 Contra
428 970 546 1021 igitur
564 977 714 1009 tantam
735 970 940 1009 audaciam
961 977 1000 1008 et
1015 971 1230 1022 praestigias
1250 971 1432 1017 hominis,
1453 972 1610 1010 difficile

137 1037 201 1070 est
218 1032 279 1070 vel
299 1033 521 1071 meminisse
543 1034 710 1085 singula,
740 1042 779 1071 et
805 1047 895 1071 cum
915 1033 1090 1084 periculo
1117 1033 1245 1072 dicere
1266 1041 1404 1072 contra
1430 1035 1608 1086 inexspe-

137 1100 262 1132 ctatas
281 1093 509 1133 calumnias.
529 1095 546 1104 '
562 1095 640 1134 Sed
661 1103 792 1134 tamen
812 1108 890 1146 qua
906 1095 1055 1133 ratione
1077 1108 1203 1133 meam
1235 1096 1451 1134 orationem
1473 1097 1611 1134 diluci-

138 1155 352 1203 dissimam,
367 1158 556 1208 vobisque
577 1164 710 1196 notam
731 1165 770 1195 et
789 1170 942 1208 aequam
961 1157 1040 1195 fore
1054 1157 1336 1204 arbitror,inde
1353 1158 1608 1209 auspicabor:

137 1218 319 1256 videlicet
344 1219 392 1256 ab
414 1220 589 1256 oratione
612 1220 660 1257 de
682 1232 780 1270 pace
808 1226 847 1257 et
866 1220 1023 1257 delectu
1048 1219 1268 1270 legationis.
1315 1221 1378 1258 Sic
1404 1221 1505 1258 enim
1535 1235 1609 1273 ego

137 1280 303 1318 maxime
323 1286 362 1318 et
377 1281 602 1327 meminero,
623 1288 663 1319 et
684 1281 812 1319 dicere
832 1288 980 1332 potero,
1001 1289 1040 1319 et
1059 1295 1128 1319 vos
1150 1295 1229 1319 rem
1251 1284 1508 1333 cognoscetis.

191 1344 230 1381 7.
259 1342 341 1381 Vos
359 1355 494 1381 omnes
513 1343 610 1380 illud
629 1343 756 1394 ipsum
777 1343 1000 1381 meminisse
1022 1344 1200 1388 arbitror,
1230 1344 1380 1394 legatos
1412 1345 1608 1384 Euboeen-

137 1403 251 1450 sium,
271 1413 359 1442 curn
391 1405 441 1442 de
461 1418 558 1455 pace
588 1417 612 1442 a
642 1418 728 1443 sese
749 1410 837 1443 cum
865 1405 1011 1456 populo
1039 1405 1219 1443 facienda
1238 1406 1425 1456 egissent,
1453 1408 1610 1455 dixisse,

138 1468 256 1505 etiam
275 1467 497 1518 Philippum
526 1467 701 1505 nunciati
725 1467 893 1518 jussisse
912 1468 1036 1513 vobis,
1057 1481 1098 1505 se
1119 1467 1218 1505 velle
1245 1469 1460 1520 transigere
1481 1472 1610 1509 vobis-

139 1543 244 1574 cum,
280 1537 319 1567 et
346 1543 483 1581 pacem
516 1542 644 1580 agere.
696 1529 790 1567 Non
809 1529 932 1566 multo
953 1536 1083 1567 autem
1104 1538 1204 1580 post,
1230 1530 1478 1582 Phrynonem
1508 1533 1612 1572 Rha-

137 1592 331 1629 mnusium
362 1605 384 1630 a
402 1592 652 1643 praedonibus
672 1605 760 1629 esse
782 1600 939 1642 captum
961 1591 999 1629 in
1020 1592 1235 1643 Olympicis
1264 1593 1442 1640 induciis,
1464 1602 1507 1632 ut
1526 1595 1610 1646 ipse

136 1655 395 1705 querebatur:
423 1667 589 1704 eumque
619 1667 705 1691 cum
726 1654 803 1691 huc
832 1654 1010 1692 rediisset
1030 1654 1272 1705 redemptus,
1294 1668 1427 1693 orasse
1456 1670 1538 1702 vos,
1566 1666 1610 1696 ut

137 1729 179 1754 se
198 1716 370 1766 legatum
392 1716 441 1753 ad
462 1715 684 1766 Philippum
705 1715 978 1762 decerneretis,
997 1729 1046 1753 an
1074 1716 1171 1754 forte
1193 1717 1398 1767 pecuniam
1421 1731 1529 1756 suam
1551 1733 1609 1757 re-

137 1791 322 1829 cuperare
352 1785 494 1829 posset.
529 1778 610 1816 Vos
641 1778 831 1824 obsecuti,
858 1778 1030 1828 legatum
1052 1778 1087 1816 ei
1116 1779 1350 1829 adjunxistis
1373 1780 1608 1832 Ctesiphon-

136 1846 227 1878 tem.
261 1840 302 1878 Is
322 1839 399 1879 huc
421 1853 444 1878 a
462 1840 657 1892 legatione
677 1853 868 1883 reversus,
889 1854 936 1878 ea
955 1840 1064 1878 vobis
1085 1842 1340 1888 renunciavit,
1367 1843 1418 1881 ob
1440 1857 1528 1894 quae
1548 1845 1610 1882 fu-

135 1908 217 1941 erat
230 1903 388 1949 missus,
400 1909 666 1954 praetereaque
684 1902 829 1940 dixisse
844 1902 1083 1954 Philippum,
1098 1916 1140 1941 se
1160 1910 1200 1942 et
1222 1904 1386 1943 invitum
1402 1907 1607 1945 vobiscum

135 1964 304 2015 gessisse
323 1964 485 2011 bellum,
516 1971 556 2003 et
574 1978 680 2002 nunc
700 1977 747 2003 eo
767 1964 868 2004 velle
889 1965 1057 2004 liberari.
1102 1967 1203 2009 Quae
1223 1979 1312 2004 curn
1334 1967 1499 2006 dixisset
1519 1969 1610 2007 Cte-

133 2025 259 2077 sipho,
280 2032 320 2064 et
337 2039 577 2078 magnopere
595 2026 878 2064 humanitatem
905 2027 1008 2078 regis
1029 2028 1296 2078 praedicasset,
1322 2029 1490 2080 populus
1517 2030 1609 2069 item

133 2100 222 2126 eam
254 2100 335 2125 rem
368 2087 484 2126 valde
524 2089 738 2139 probasset,
769 2102 814 2126 ac
849 2088 1146 2140 Ctesiphontem
1179 2090 1460 2137 collaudasset,
1494 2107 1610 2131 nemo

135 2155 265 2187 autem
304 2150 535 2188 adversatus
565 2156 670 2188 esset
687 2162 696 2187 :
735 2149 787 2188 ibi
820 2149 977 2188 demum
1018 2150 1218 2189 decretum
1248 2151 1342 2190 facit
1367 2152 1610 2193 Philocrates

135 2210 378 2261 Hagnnsius,
400 2217 440 2250 et
468 2211 636 2264 populus
656 2225 735 2250 uno
754 2212 883 2250 animo
913 2212 1102 2258 decernit,
1131 2213 1248 2252 licere
1276 2214 1457 2268 Philippo
1486 2218 1608 2257 cadu-

135 2280 313 2311 ceatores
332 2273 412 2311 huc
431 2274 597 2322 mittere,
614 2281 652 2312 et
672 2273 824 2325 legatos
841 2274 889 2312 de
909 2287 1020 2326 pace.
1046 2274 1159 2313 Prius
1181 2275 1282 2313 enim
1302 2276 1472 2329 idipsum
1493 2281 1609 2320 etiam

134 2348 158 2374 a
176 2336 374 2374 nonnullis
395 2335 672 2388 prohibebatur
687 2336 828 2389 quibus
846 2350 893 2375 ea
907 2350 968 2376 res
986 2337 1115 2376 studio
1129 2345 1224 2384 erat,
1238 2346 1282 2377 ut
1297 2352 1358 2378 res
1379 2341 1463 2393 ipsa
1478 2342 1609 2382 decla-

132 2397 243 2436 ravit.
272 2397 341 2436 Isti
361 2398 547 2436 autemid
567 2399 767 2437 decretum
789 2406 833 2437 ut
853 2407 989 2438 contra
1010 2399 1119 2451 leges
1141 2400 1289 2438 factum
1311 2410 1511 2450 accusant,
1534 2405 1609 2456 Ly-

132 2459 222 2509 cino
247 2469 475 2500 accusatore
500 2461 702 2513 inscripto,
725 2468 764 2500 et
784 2462 932 2500 mulcta
954 2475 989 2501 c.
1020 2462 1177 2500 talentis
1198 2463 1406 2502 aestimata.
1454 2466 1608 2505 Deinde

135 2535 256 2561 causa
272 2523 312 2561 in
333 2523 420 2562 soro
441 2525 641 2575 agebatur.
681 2524 942 2571 Philocrates,
964 2538 1052 2564 cum
1073 2526 1238 2564 adversa
1258 2527 1479 2575 valetudine
1500 2529 1609 2568 labo-

135 2591 250 2631 raret,
271 2585 580 2624 Demosthenem
600 2586 672 2624 sibi
691 2593 901 2638 patronum
922 2587 1139 2634 advocavit,
1161 2601 1238 2627 non
1259 2602 1335 2627 me.
1370 2589 1607 2641 Progressus

135 2644 305 2698 Philippi
320 2661 410 2686 osor
425 2648 730 2695 Demosthenes,
746 2649 783 2687 in
801 2649 1029 2688 defensione
1049 2656 1171 2688 totum
1194 2651 1296 2688 diem
1309 2652 1499 2691 contrivit.
1529 2653 1606 2693 De-

134 2707 250 2758 nique
263 2708 503 2749 Philocrates
519 2711 747 2758 absolvitur,
763 2719 971 2750 accusator
986 2720 1116 2750 autem
1138 2714 1313 2763 quintam
1336 2714 1608 2766 suffragiorum

135 2777 283 2822 partem
304 2784 383 2825 non
412 2773 576 2825 accepit.
630 2773 758 2812 Etiam
785 2774 872 2812 haec
893 2787 962 2812 vos
983 2787 1121 2813 omnes
1143 2776 1262 2814 scitis.

189 2833 225 2870 8.
258 2833 340 2871 Sub
359 2833 497 2872 eadem
515 2841 691 2886 tempora
711 2835 913 2887 Olynthus
945 2844 1061 2887 capta
1080 2844 1154 2882 est,
1189 2838 1226 2874 in
1246 2851 1367 2888 eaque
1397 2839 1506 2877 multi
1537 2853 1607 2879 no-

134 2899 302 2932 strorum
321 2894 462 2933 civium
493 2903 585 2935 sunt
603 2897 888 2948 comprehensi.
931 2897 1105 2941 Quorum
1136 2898 1209 2936 fnit
1240 2898 1452 2938 Stratocles
1484 2901 1606 2954 Ergo-

134 2955 261 2995 charis
276 2957 407 3004 frater,
426 2963 466 2996 et
480 2957 672 2998 Eucratus
695 2959 946 2998 Strommichi
966 2959 1080 2997 filius
1117 2960 1266 2999 Horum
1285 2963 1442 3014 cognati
1464 2977 1531 3003 vos
1547 2979 1606 3003 ro-
