1948 3306
357 159 432 195 682
744 154 1034 193 ADVERSUS
1065 154 1427 194 TIMOTHEUM.

356 274 430 300 nec
451 257 709 298 testimonium
731 259 828 298 dixit
847 273 973 310 neque
994 259 1209 298 secundum
1224 258 1351 309 legem
1368 258 1542 310 ejuravit.
1600 257 1650 297 Et
1669 258 1822 310 postulo

358 330 401 361 ut
421 322 638 361 adscendat
660 329 699 360 et
716 323 868 374 juratus
888 335 1016 360 coram
1037 321 1144 359 vobis
1165 320 1280 366 dicat,
1301 320 1480 371 primum,
1506 334 1555 358 an
1582 319 1620 358 in
1643 321 1824 359 Calauria

356 383 559 422 Timotheo
586 383 689 421 mille
709 383 915 421 drachmas
936 383 1142 420 mutuarit:
1183 381 1336 427 deinde,
1366 394 1416 419 an
1442 380 1643 433 Philippus
1663 381 1822 420 easdem

354 445 418 484 hic
439 459 462 483 a
481 454 589 496 patre
608 458 694 483 meo
714 445 915 496 receperit.
955 445 1082 495 Atque
1104 443 1202 481 adeo
1228 456 1364 494 parum
1384 443 1520 489 abfuit,
1541 442 1633 494 quin
1646 443 1719 486 iste
1739 443 1822 493 ipse

356 507 460 558 apud
480 507 663 545 arbitrum
689 506 936 545 confiteretur
955 504 1173 543 reddidisse
1194 512 1344 556 patrem
1369 518 1498 542 meum
1520 504 1700 555 Philippo
1718 503 1823 541 mille

353 568 571 607 drachmas.
630 569 708 606 Sed
729 581 794 606 eas
815 575 943 605 tamen
964 580 1042 605 non
1063 567 1133 605 sibi
1154 573 1288 604 mutuo
1310 566 1432 604 fuisse
1453 566 1567 605 datas
1589 565 1728 610 aiebat,
1750 564 1819 602 sed

357 630 506 669 Boeotio
526 630 735 676 navarcho,
766 629 831 680 qui
855 641 925 680 pro
946 629 990 666 iis
1017 642 1070 665 aes
1092 628 1396 679 oppignerasset.
1456 628 1504 664 In
1537 640 1614 679 quo
1636 639 1724 664 eum
1745 627 1829 664 non*

354 692 498 731 dixisse
514 707 659 738 verum,
681 693 750 731 sed
770 705 858 729 curn
879 692 960 742 ipse
978 697 1177 727 mutuatus
1198 690 1247 728 sit
1262 690 1453 736 fraudare,
1474 703 1548 740 ego
1568 703 1636 727 vos
1658 689 1823 733 docebo,

354 754 419 792 ubi
435 762 474 792 et
490 755 678 805 reliquum
696 767 748 791 aes
765 753 932 791 alienum
951 751 1173 803 singulatim
1196 752 1304 789 vobis
1322 765 1553 803 exposuero.

409 818 446 852 5.
479 816 581 855 Nam
603 829 688 854 cum
718 816 877 853 Alcetas
898 822 936 852 et
958 815 1073 852 Iason
1097 814 1144 851 ad
1167 814 1281 851 istum
1303 813 1521 863 Septembri
1541 825 1687 856 mense,
1710 811 1823 849 Astio

353 886 531 928 praetore,
549 876 596 914 ad
609 876 802 927 judicium
821 876 916 914 illud
939 876 972 913 ei
990 874 1266 926 patrocinaturi
1287 875 1482 911 venissent
1502 881 1540 911 et
1559 875 1598 911 in
1618 874 1699 925 ejus
1716 873 1821 910 aedes

352 937 390 975 in
413 938 561 976 Piraeeo
582 952 669 988 quae
690 945 781 975 sunt
802 938 839 974 in
866 937 1174 988 Equidomitorio
1204 938 1274 974 sub
1294 936 1566 988 crepusculum
1591 936 1669 973 fere
1699 936 1824 973 diver-

353 999 506 1052 tissent,
526 1011 651 1049 neque
676 997 758 1049 ipse
785 1011 849 1035 eos
870 999 1048 1049 excipere
1070 1011 1137 1048 pro
1158 997 1345 1048 dignitate
1375 1005 1522 1048 posset,
1545 997 1658 1035 misso
1677 997 1726 1035 ad
1754 1010 1822 1048 pa-

353 1066 448 1098 trem
478 1073 604 1098 meum
634 1059 866 1098 AEschrione
888 1060 1120 1111 pedissequo
1154 1073 1239 1105 suo,
1260 1060 1390 1110 petere
1413 1059 1529 1108 jussit
1558 1059 1744 1110 stragula,
1759 1072 1823 1097 ve-

354 1130 468 1167 stem,
484 1122 632 1173 phialas
648 1128 851 1173 argenteas
879 1122 990 1167 duas,
1009 1128 1048 1159 et
1063 1122 1206 1159 minam
1222 1122 1371 1172 argenti
1385 1128 1570 1159 mutuam.
1601 1121 1718 1159 Pater
1731 1134 1822 1159 vero

353 1196 460 1221 meus
491 1196 580 1221 cum
610 1197 657 1220 ex
685 1183 932 1229 AEschrione,
953 1183 1036 1234 ejus
1064 1183 1224 1229 famulo,
1246 1183 1432 1228 audisset,
1454 1189 1493 1220 et
1527 1182 1592 1234 qui
1612 1183 1824 1229 venissent,

352 1251 392 1282 et
408 1258 523 1296 quem
545 1245 592 1283 ad
616 1258 728 1282 usum
748 1251 984 1296 peterentur,
1005 1252 1044 1282 et
1058 1258 1136 1294 qua
1155 1244 1203 1282 de
1219 1257 1339 1282 causa
1359 1244 1413 1282 illi
1433 1244 1645 1289 venissent,
1667 1256 1822 1282 accom-

351 1307 496 1353 modat,
517 1313 557 1344 et
576 1307 717 1347 minam
740 1306 888 1357 argenti
908 1320 1024 1357 quam
1041 1307 1196 1357 petebat
1209 1312 1373 1344 mutuat.
1432 1305 1531 1343 Post
1549 1306 1707 1344 crimine
1725 1305 1821 1343 libe-

352 1375 460 1406 ratus
490 1381 634 1420 magna
671 1368 754 1419 jam
784 1369 957 1419 pecuniae
987 1368 1119 1420 inopia
1145 1368 1359 1415 laborabat,
1389 1382 1477 1406 cum
1501 1369 1551 1406 ad
1585 1369 1821 1422 domesticos

351 1427 443 1468 usus
461 1437 542 1467 tum
565 1430 616 1477 ad
634 1429 791 1480 publica
811 1430 967 1467 tributa.
1027 1429 1142 1473 Quod
1175 1431 1267 1480 quia
1292 1436 1403 1480 pater
1429 1442 1534 1467 meus
1556 1429 1724 1476 videbat,
1743 1443 1822 1468 non

352 1492 480 1529 statim
502 1492 549 1530 ab
583 1492 666 1542 ipso
686 1498 860 1542 repetere
887 1498 1092 1542 argentum
1113 1491 1306 1529 audebat:
1338 1504 1463 1542 neque
1483 1492 1585 1530 enim
1614 1492 1676 1530 vel
1704 1491 1820 1530 istum

353 1553 385 1591 si
405 1567 484 1591 rem
512 1553 674 1592 haberet
693 1553 975 1598 fraudaturum,
997 1553 1059 1590 vel
1091 1553 1122 1590 si
1149 1567 1227 1591 non
1252 1552 1424 1600 haberet,
1445 1567 1487 1592 se
1506 1555 1554 1592 ab
1574 1567 1619 1592 eo
1641 1554 1822 1592 redactu-

352 1629 450 1661 rum,
473 1618 651 1667 putabat.
711 1616 973 1666 Posteaquam
1004 1622 1134 1654 autem
1164 1616 1323 1654 Alcetas
1353 1623 1392 1654 et
1423 1616 1539 1654 Iason
1564 1623 1822 1662 recesserant,

353 1679 529 1729 stragula
559 1678 715 1729 quidem
747 1684 786 1715 et
817 1685 944 1716 vestes
975 1677 1104 1715 retulit
1135 1677 1355 1724 AEschrion,
1393 1678 1504 1716 istius
1537 1678 1819 1730 pedissequus:

350 1740 501 1790 phialas
535 1739 634 1777 duas
670 1753 746 1777 non
778 1739 918 1783 retulit,
940 1752 1038 1789 quas
1073 1746 1156 1776 tum
1187 1739 1362 1790 petierat,
1383 1753 1473 1778 cum
1502 1746 1542 1778 et
1572 1740 1760 1790 stragula,
1781 1747 1822 1778 et

346 1801 488 1839 minam
520 1801 671 1852 argenti
705 1807 901 1838 mutuatus
935 1808 1049 1847 esset,
1078 1800 1217 1838 Alceta
1238 1809 1354 1852 atque
1384 1801 1522 1839 Iasone
1555 1801 1659 1852 apud
1689 1801 1814 1852 ipsum
1870 1794 1875 1797 ¹

351 1863 647 1901 diversantibus.

401 1926 439 1963 6.
470 1925 719 1963 Profecturus
755 1939 867 1976 porro
901 1925 949 1963 ad
981 1938 1111 1976 regem
1142 1926 1363 1972 Persarum,
1392 1939 1480 1964 cum
1520 1925 1747 1977 perfecisset
1776 1934 1821 1964 ut

351 1988 455 2025 abire
476 1987 549 2024 sibi
569 1987 715 2033 liceret,
737 1988 849 2038 eique
877 1987 1086 2025 exercitum
1117 1988 1306 2026 ducturus
1327 1988 1365 2026 in
1387 1988 1489 2026 bello
1511 1987 1757 2039 AEgyptiaco,
1779 1996 1823 2026 ut

351 2062 399 2086 ne
419 2049 587 2087 rationes
610 2049 772 2087 reddere
792 2057 997 2100 cogeretur
1026 2049 1088 2087 hic
1109 2063 1205 2088 neve
1225 2050 1273 2087 de
1295 2056 1404 2100 gesto
1423 2049 1486 2087 hic
1515 2049 1675 2100 imperio
1705 2063 1820 2089 accu-

348 2117 507 2154 saretur,
530 2118 676 2161 patrem
705 2124 832 2147 meum
866 2110 914 2148 ad
944 2111 1129 2160 paralium
1150 2112 1394 2158 accersitum,
1416 2125 1504 2149 cum
1524 2111 1573 2148 ob
1594 2111 1698 2162 prius
1718 2112 1755 2149 in
1775 2126 1816 2150 se

349 2173 492 2211 collata
505 2173 693 2210 beneficia
714 2173 963 2211 collaudabat
979 2181 1017 2210 et
1032 2174 1205 2224 rogabat,
1223 2173 1497 2211 commendato
1518 2172 1725 2220 Philonda‚
1739 2174 1821 2212 viro

351 2248 491 2285 genere
513 2234 751 2285 Megarensi‚
774 2234 962 2285 inquilino
983 2234 1225 2281 Atheniensi,
1242 2234 1303 2272 isti
1325 2242 1455 2273 autem
1476 2234 1581 2272 fideli
1597 2242 1635 2272 et
1654 2248 1700 2273 eo
1720 2243 1819 2274 tem-

349 2310 440 2349 pore
474 2297 710 2342 inservienti,
746 2296 775 2334 si
807 2296 978 2334 venisset
1004 2310 1024 2334 e
1056 2297 1294 2335 Macedonia
1326 2297 1714 2349 Philondas—quem
1746 2298 1819 2337 iste

350 2358 447 2409 patri
469 2371 554 2395 meo
575 2357 1100 2396 commendabat—advectis
1121 2358 1236 2409 lignis
1263 2371 1350 2409 quae
1378 2359 1472 2398 data
1490 2360 1561 2398 sibi
1583 2362 1630 2398 ab
1650 2362 1821 2413 Amynta

349 2429 494 2466 essent,
516 2427 559 2458 ut
578 2421 736 2457 naulum
757 2420 948 2470 lignorum
971 2420 1254 2471 suppeditaret,
1282 2427 1322 2458 et
1342 2433 1388 2458 ea
1407 2421 1514 2472 ligna
1534 2422 1583 2461 ad
1603 2422 1707 2461 aedes
1727 2437 1819 2462 suas

347 2484 383 2520 in
411 2482 560 2520 Piraeeo
581 2481 668 2519 vehi
686 2488 908 2532 pateretur:
940 2495 1011 2519 sua
1031 2482 1131 2519 enirn
1158 2495 1244 2520 esse
1278 2482 1397 2533 ligna.
1457 2484 1620 2535 Unaque
1641 2498 1817 2536 cumpe-

347 2545 482 2582 titione
501 2542 715 2582 orationem
733 2542 916 2588 habebat,
944 2556 1032 2580 cum
1064 2556 1141 2593 qua
1166 2543 1270 2581 facta
1300 2542 1380 2594 ejus
1401 2558 1504 2583 nunc
1523 2546 1629 2584 haud
1650 2559 1817 2585 consen-

348 2607 460 2644 tiunt.
521 2605 665 2643 Aiebat
694 2603 810 2648 enim,
833 2604 988 2642 tametsi
1016 2617 1096 2643 non
1126 2605 1330 2655 impetrata
1355 2604 1468 2644 ferret
1484 2620 1572 2657 quae
1592 2613 1752 2658 peteret,
1775 2621 1817 2645 se

347 2681 426 2706 non
445 2680 549 2718 aegre
576 2666 758 2711 laturum,
787 2672 831 2703 ut
860 2665 957 2703 alius
984 2666 1129 2704 faceret
1148 2666 1271 2716 impos
1300 2666 1380 2704 voti
1405 2667 1558 2706 factus:
1589 2669 1658 2706 sed
1679 2682 1747 2719 pro
1770 2669 1817 2707 iis

347 2743 436 2780 quae
457 2727 528 2766 sibi
547 2727 693 2779 petenti
712 2726 987 2775 concessisset,
1010 2727 1040 2764 si
1062 2727 1220 2777 quando
1239 2735 1388 2778 posset,
1409 2729 1571 2780 gratiam
1593 2729 1816 2769 relaturum.

350 2791 408 2829 Ea
426 2791 597 2828 oratione
618 2796 725 2841 pater
754 2788 987 2834 delectatus,
1009 2796 1047 2827 et
1075 2789 1190 2825 istum
1226 2788 1411 2837 laudavit,
1439 2791 1546 2841 quod
1571 2799 1816 2843 acceptorum

346 2854 621 2892 beneficiorum
644 2851 897 2898 meminisset,
912 2859 950 2889 et
963 2851 1148 2902 quicquid
1165 2851 1339 2902 petiisset
1359 2852 1550 2892 facturum
1566 2867 1607 2892 se
1627 2855 1814 2906 promisit.

349 2915 444 2953 Post
459 2914 543 2952 haec
564 2914 678 2951 solvit
697 2913 768 2951 iste
788 2913 838 2951 ad
860 2913 980 2951 duces
1003 2914 1103 2965 regis
1124 2913 1366 2963 profecturus
1384 2927 1393 2952 ε
1436 2914 1653 2954 Philondas
1669 2924 1813 2962 autem,
