1915 3356
574 190 797 230 CONTRA
833 187 1194 228 TIMARCHUM.
1563 186 1612 221 27

149 289 243 330 dum
261 292 501 338 recordatur,
524 306 565 332 se
583 295 743 332 invitum
759 293 939 331 fefellisse
953 291 1071 328 fidem
1093 292 1132 327 M
1140 290 1294 340 enoetio,
1315 288 1485 327 Patrocli
1500 288 1612 339 patri,

151 352 309 390 datam:
341 353 402 390 cui
431 354 681 404 promisisset,
712 367 754 390 se
774 352 1012 396 Patroclum,
1040 351 1235 400 Opuntem
1260 350 1408 387 salvum
1428 348 1613 386 reductu-

149 415 362 452 rum—fuit
380 415 481 452 enim
501 415 762 465 Opuntius-,
784 414 815 451 si
846 426 932 450 eum
958 425 1090 450 secum
1116 412 1166 449 ad
1197 412 1348 462 Trojam
1378 411 1613 461 ablegasset,

149 481 190 512 et
213 475 302 513 fidei
334 489 416 514 suae
447 476 728 514 commisisset:
759 474 862 511 unde
891 480 1167 526 appareteum
1195 473 1336 510 amoris
1364 485 1483 510 causa
1511 472 1613 510 illius

146 549 281 575 curam
302 538 519 589 suscepisse
538 550 546 574 :
578 550 644 574 eos
666 549 794 573 versus
813 536 957 586 posuit,
977 547 1075 585 quos
1091 547 1163 585 ego
1182 547 1287 572 nunc
1308 535 1503 572 recitabo:

448 631 522 661 Heu
540 641 628 669 quam
642 630 737 660 stulta
753 640 828 659 meae
840 629 925 659 venit
939 629 1089 659 sententia
1101 628 1209 665 menti,

449 685 519 720 Quo
538 683 690 722 spondere
707 682 757 711 die
769 682 856 721 potui
873 681 941 717 tibi,
957 682 1037 711 clare
1052 681 1190 715 Menoeti,

449 732 652 768 1ncolumem,
667 733 880 772 illustremque
897 733 934 761 ad
953 732 1088 772 Opuntia
1103 732 1214 761 moenia
1230 735 1332 761 natum

449 784 569 813 Eversa
583 784 685 822 Troja,
704 783 814 822 spoliis
827 783 1001 821 insignibus
1019 787 1153 818 auctum,

450 833 630 863 Victorem?
658 835 719 864 Sed
737 844 796 863 non
812 834 890 863 deus
903 834 1044 863 omnibus
1058 833 1158 863 omnia
1176 837 1248 863 vota

447 886 616 925 Indulget:
640 885 794 925 siqnidem
812 885 856 914 sic
873 885 968 924 impia
984 885 1045 914 fata
1058 885 1202 919 tulerunt,

445 937 514 966 Nos
532 938 639 966 eadem
655 942 688 966 ut
704 940 824 975 tegeret
838 936 943 972 tellus,
956 936 1116 974 utriusque
1133 945 1241 964 eruore

449 988 566 1027 Sparsa
581 988 706 1018 ruberet
718 988 838 1017 humus.

149 1072 288 1123 Neque
320 1085 411 1110 vero
438 1072 503 1117 hic
536 1073 732 1110 duntaxat
749 1071 997 1118 lamentatur,
1027 1071 1098 1109 sed
1126 1084 1214 1109 eum
1239 1069 1339 1108 adeo
1369 1069 1615 1109 vehementer

145 1132 272 1184 luget,
291 1140 334 1172 ut
353 1148 442 1172 cum
463 1148 485 1172 a
504 1135 671 1172 Thetide
691 1141 812 1172 matre
828 1133 1015 1180 audisset,
1032 1146 1087 1180 se,
1109 1132 1285 1170 sihostes
1306 1145 1385 1170 non
1404 1146 1614 1183 perseque-

146 1201 267 1241 retur,
301 1195 370 1233 sed
400 1196 565 1233 inultam
592 1196 764 1234 Patrocli
802 1208 937 1233 necem
969 1202 1179 1246 pateretur,
1213 1195 1372 1233 domum
1405 1207 1614 1241 reversum,

143 1268 278 1293 senem
297 1255 336 1293 in
362 1269 431 1294 sua
457 1258 582 1307 patria
601 1258 819 1295 obiturum:
850 1257 909 1294 sin
931 1257 1037 1294 ultus
1059 1263 1174 1302 esset,
1195 1256 1369 1294 celeriter
1388 1256 1506 1293 vitam
1526 1269 1614 1294 cum

144 1324 267 1355 morte
290 1325 632 1361 commutaturum,
652 1318 767 1355 fidem
797 1330 891 1368 erga
909 1324 1104 1355 mortuum
1125 1331 1205 1355 suae
1233 1317 1447 1367 praetulerit
1466 1318 1614 1355 incolu-

145 1377 281 1417 mitati.
310 1378 516 1429 Tantaque
537 1379 654 1417 animi
678 1378 949 1429 magnitudine
970 1378 1018 1416 ad
1047 1378 1317 1416 ulciscendum
1336 1378 1438 1416 illius
1459 1378 1616 1416 interfe-

146 1445 292 1477 ctorem
329 1441 558 1491 properarit,
598 1447 642 1477 ut
669 1440 845 1477 omnibus
881 1453 970 1477 eum
1009 1439 1315 1485 consolantibus,
1344 1447 1382 1477 et
1409 1441 1540 1478 lavare
1570 1454 1615 1478 ac

145 1500 276 1538 cibum
296 1514 434 1552 capere
451 1501 693 1551 jubentibus,
719 1502 906 1550 abjurarit
930 1514 970 1538 se
994 1501 1201 1552 quicquam
1233 1501 1386 1538 illorum
1408 1502 1615 1549 facturum,

146 1561 373 1613 priusquam
405 1569 525 1613 caput
556 1562 737 1600 Hectoi·is
771 1554 821 1600 ad
851 1562 1024 1600 Patrocli
1053 1562 1275 1613 sepulcrum
1310 1562 1519 1601 attulisset.
1572 1563 1618 1601 Ei

145 1637 260 1675 porro
292 1624 332 1661 in
359 1637 454 1675 rogo
489 1624 708 1671 dormienti,
727 1630 772 1661 ut
791 1624 843 1661 ait
862 1630 992 1675 poeta,
1017 1624 1265 1662 simulacrum
1283 1624 1450 1662 Patrocli
1477 1626 1616 1662 obver-

145 1693 286 1732 satum,
308 1686 531 1738 hujusmodi
551 1699 677 1724 rerum
697 1686 921 1724 memoriam
947 1686 1115 1732 refricat,
1143 1694 1182 1724 et
1207 1699 1254 1724 ea
1276 1686 1437 1724 mandat
1457 1687 1613 1733 Achilli,

147 1761 237 1798 quae
256 1747 368 1785 nobis
388 1748 581 1799 lacrymas
598 1754 778 1785 excutere
798 1748 961 1798 possint,
979 1755 1018 1785 et
1037 1748 1203 1792 efficere,
1221 1754 1266 1785 ut
1283 1748 1463 1785 virtutem
1483 1761 1617 1786 eorum

148 1815 265 1859 atque
294 1808 501 1847 amicitiam
528 1809 774 1847 admiremur.
820 1809 924 1846 Nam
954 1823 1042 1846 eum
1069 1810 1195 1857 jubet,
1215 1809 1400 1859 praefatus
1423 1808 1461 1846 in
1483 1810 1613 1860 primis

146 1870 256 1907 illum
276 1870 392 1908 etiam
413 1883 493 1907 non
511 1870 629 1921 longe
643 1884 666 1908 a
681 1877 803 1908 morte
820 1872 967 1916 abesse,
986 1871 1018 1908 si
1038 1883 1116 1921 quo
1134 1870 1250 1908 modo
1267 1870 1348 1907 fieri
1368 1871 1502 1921 possit,
1524 1871 1617 1908 dare

148 1944 320 1982 operam,
341 1944 388 1969 ac
407 1931 622 1983 providere,
638 1939 677 1969 et
694 1932 1022 1982 quemadmodum
1041 1945 1118 1969 una
1137 1931 1216 1969 sint
1230 1932 1385 1969 educati
1402 1940 1442 1970 et
1462 1932 1617 1978 versati,

148 1992 204 2030 sic
230 2005 363 2030 eorum
395 1992 510 2030 etiam
546 1992 822 2031 defunctorum
856 2007 948 2031 ossa
974 1993 1111 2031 eodem
1141 1993 1179 2029 in
1210 1992 1339 2030 loculo
1367 2000 1618 2043 reponantur.

149 2054 346 2091 Praeterea
363 2053 597 2099 lamentans,
615 2060 652 2091 et
673 2061 800 2092 actam
822 2068 900 2092 una
918 2054 1036 2091 vitam
1055 2066 1276 2099 recensens,
1297 2053 1362 2100 ait,
1389 2067 1431 2091 se
1451 2054 1617 2104 posthac

148 2116 324 2154 maximis
339 2115 388 2153 de
403 2117 533 2162 rebus,
550 2122 593 2152 ut
613 2115 715 2153 soliti
729 2117 834 2167 prius
849 2116 1004 2162 fuerint,
1026 2115 1064 2152 in
1083 2115 1222 2153 eodem
1238 2128 1438 2161 consessu,
1456 2117 1616 2153 seorsim

148 2191 173 2216 a
191 2178 330 2216 ceteris
349 2191 427 2216 non
448 2190 530 2215 esse
555 2176 860 2214 deliberaturos:
891 2177 1023 2223 fidem,
1049 2177 1200 2226 opinor,
1229 2183 1268 2213 et
1293 2177 1617 2223 benevolentiam,

146 2254 228 2279 rem
256 2240 396 2278 summi
424 2253 507 2278 esse
528 2239 707 2277 desiderii
728 2239 964 2277 existimans.
1010 2239 1067 2277 Ut
1097 2245 1226 2276 autem
1255 2246 1382 2289 poetae
1403 2239 1618 2277 sententias

134 2302 321 2354 ‘versibus
342 2301 513 2339 inclusas
535 2300 715 2347 audiatis,
736 2301 916 2339 recitabit
936 2300 1045 2339 vobis
1066 2300 1193 2338 scriba
1212 2313 1348 2338 versus
1369 2313 1467 2350 quos
1486 2300 1544 2338 his
1567 2300 1616 2338 de

148 2364 263 2402 rebus
284 2363 376 2402 fecit
397 2363 608 2401 Homerus.
638 2362 716 2401 Eos
730 2363 894 2413 primum
911 2375 1036 2409 narra,
1052 2375 1148 2413 quos
1164 2362 1213 2400 de
1230 2361 1412 2400 Hectoris
1428 2362 1618 2414 supplicio

149 2425 255 2465 fecit.

453 2513 545 2543 Nunc
561 2516 734 2552 postquam,
747 2513 905 2549 Patrocle,
923 2517 984 2542 tuae
998 2522 1064 2542 sum
1077 2516 1204 2552 postera
1219 2511 1292 2542 vitae

450 2564 604 2602 Tempora
620 2563 758 2600 sortitus,
774 2574 834 2593 non
849 2568 918 2594 ante
935 2574 993 2603 ego
1009 2563 1114 2593 debita
1131 2563 1249 2593 solvam

453 2614 577 2643 Funere
589 2616 675 2653 justa
688 2619 755 2651 tuo,
773 2625 862 2654 quam
879 2614 939 2643 huc
956 2613 1105 2644 Hectoris
1121 2623 1205 2643 arma
1221 2612 1347 2657 superbi

451 2666 493 2694 Et
509 2670 603 2705 caput
618 2665 765 2696 attulero.

153 2737 292 2776 Recita
306 2750 398 2789 ergo
414 2751 461 2776 ea
479 2753 568 2790 quae
582 2740 788 2779 Patroclus
803 2741 841 2778 in
861 2741 1004 2778 somnis
1024 2741 1078 2778 illi
1097 2741 1192 2779 dicit
1209 2741 1258 2779 de
1278 2740 1473 2779 communi
1493 2740 1619 2791 sepul-

149 2806 251 2847 tura,
269 2805 309 2838 et
323 2799 372 2838 de
391 2800 482 2838 vitae
501 2808 599 2840 actae
619 2815 698 2840 una
717 2802 1002 2840 consuetudine
1018 2815 1027 2839 :

451 2895 523 2925 Non
534 2896 659 2926 dabitur
675 2901 777 2927 tecum
794 2898 925 2936 posthae
941 2898 981 2927 de
997 2899 1090 2927 rebus
1103 2897 1230 2936 agendis

457 2946 641 2982 Consulem,
658 2951 691 2977 ut
706 2957 804 2986 nuper
821 2948 964 2978 viventes
978 2949 1109 2978 fecimus
1126 2949 1233 2977 ambo:
