<?xml version="1.0" encoding="UTF-8"?>
<!DOCTYPE html PUBLIC "-//W3C//DTD XHTML 1.0 Transitional//EN"
    "http://www.w3.org/TR/xhtml1/DTD/xhtml1-transitional.dtd">
<html xmlns="http://www.w3.org/1999/xhtml" xml:lang="en" lang="en">
 <head>
  <title>
</title>
<meta http-equiv="Content-Type" content="text/html;charset=utf-8" />
  <meta name='ocr-system' content='tesseract 3.04.00' />
  <meta name='ocr-capabilities' content='ocr_page ocr_carea ocr_par ocr_line ocrx_word'/>
</head>
<body>
  <div class='ocr_page' id='page_1' title='image "./oratoresatticie16dobs_0319.png"; bbox 0 0 1915 3356; ppageno 0'>
   <div class='ocr_carea' id='block_1_1' title="bbox 548 193 1582 233">
    <p class='ocr_par' dir='ltr' id='par_1_1' title="bbox 548 193 1582 233">
     <span class='ocr_line' id='line_1_1' title="bbox 548 193 1582 233; baseline -0.002 0"><span class='ocrx_word' id='word_1_1' title='bbox 548 195 797 233; x_wconf 85' lang='lat' dir='ltr'><strong>EXORDIA</strong></span> <span class='ocrx_word' id='word_1_2' title='bbox 827 193 1179 233; x_wconf 87' lang='lat' dir='ltr'><strong>CONCIONUM.</strong></span> <span class='ocrx_word' id='word_1_3' title='bbox 1501 193 1582 231; x_wconf 77' lang='lat'><strong>819</strong></span> 
     </span>
    </p>
   </div>
   <div class='ocr_carea' id='block_1_2' title="bbox 129 295 1591 1336">
    <p class='ocr_par' dir='ltr' id='par_1_2' title="bbox 129 295 1591 1336">
     <span class='ocr_line' id='line_1_2' title="bbox 136 295 1583 350; baseline -0.003 -11"><span class='ocrx_word' id='word_1_4' title='bbox 136 313 194 340; x_wconf 88' lang='lat' dir='ltr'><strong>res</strong></span> <span class='ocrx_word' id='word_1_5' title='bbox 226 299 407 350; x_wconf 85' lang='lat' dir='ltr'><strong>gerendae</strong></span> <span class='ocrx_word' id='word_1_6' title='bbox 440 306 545 346; x_wconf 87' lang='lat' dir='ltr'><strong>sunt,</strong></span> <span class='ocrx_word' id='word_1_7' title='bbox 575 300 712 339; x_wconf 88' lang='lat' dir='ltr'><strong>vestris</strong></span> <span class='ocrx_word' id='word_1_8' title='bbox 745 297 911 336; x_wconf 84' lang='lat' dir='ltr'><strong>decretis</strong></span> <span class='ocrx_word' id='word_1_9' title='bbox 944 295 1205 334; x_wconf 83' lang='lat' dir='ltr'>adversentur.</span> <span class='ocrx_word' id='word_1_10' title='bbox 1263 296 1414 340; x_wconf 84' lang='lat' dir='ltr'>Quibus</span> <span class='ocrx_word' id='word_1_11' title='bbox 1449 295 1480 333; x_wconf 89' lang='lat' dir='ltr'><strong>si</strong></span> <span class='ocrx_word' id='word_1_12' title='bbox 1501 307 1583 342; x_wconf 84' lang='lat' dir='ltr'><strong>vos,</strong></span> 
     </span>
     <span class='ocr_line' id='line_1_3' title="bbox 134 357 1586 412; baseline -0.003 -12"><span class='ocrx_word' id='word_1_13' title='bbox 134 374 222 400; x_wconf 87' lang='lat' dir='ltr'><strong>cum</strong></span> <span class='ocrx_word' id='word_1_14' title='bbox 242 361 526 409; x_wconf 84' lang='lat' dir='ltr'><strong>consultaretis,</strong></span> <span class='ocrx_word' id='word_1_15' title='bbox 546 361 699 400; x_wconf 91' lang='lat' dir='ltr'><strong>dicendi</strong></span> <span class='ocrx_word' id='word_1_16' title='bbox 719 361 868 412; x_wconf 88' lang='lat' dir='ltr'><strong>copiam</strong></span> <span class='ocrx_word' id='word_1_17' title='bbox 898 358 1103 405; x_wconf 84' lang='lat' dir='ltr'><strong>fecissetis,</strong></span> <span class='ocrx_word' id='word_1_18' title='bbox 1124 364 1237 408; x_wconf 85' lang='lat' dir='ltr'><strong>atque</strong></span> <span class='ocrx_word' id='word_1_19' title='bbox 1268 359 1339 409; x_wconf 90' lang='lat' dir='ltr'><strong>ipsi</strong></span> <span class='ocrx_word' id='word_1_20' title='bbox 1361 357 1462 396; x_wconf 90' lang='lat' dir='ltr'><strong>idem</strong></span> <span class='ocrx_word' id='word_1_21' title='bbox 1482 358 1586 396; x_wconf 83' lang='lat' dir='ltr'><strong>face-</strong></span> 
     </span>
     <span class='ocr_line' id='line_1_4' title="bbox 131 419 1585 474; baseline -0.002 -14"><span class='ocrx_word' id='word_1_22' title='bbox 131 428 229 469; x_wconf 88' lang='lat' dir='ltr'><strong>rent,</strong></span> <span class='ocrx_word' id='word_1_23' title='bbox 249 423 497 462; x_wconf 84' lang='lat' dir='ltr'><strong>accusatione</strong></span> <span class='ocrx_word' id='word_1_24' title='bbox 516 423 623 474; x_wconf 81' lang='lat' dir='ltr'><strong>digni</strong></span> <span class='ocrx_word' id='word_1_25' title='bbox 641 429 783 469; x_wconf 87' lang='lat' dir='ltr'><strong>essent,</strong></span> <span class='ocrx_word' id='word_1_26' title='bbox 801 420 919 472; x_wconf 91' lang='lat' dir='ltr'><strong>quod,</strong></span> <span class='ocrx_word' id='word_1_27' title='bbox 948 419 1088 471; x_wconf 91' lang='lat' dir='ltr'><strong>quibus</strong></span> <span class='ocrx_word' id='word_1_28' title='bbox 1116 419 1155 457; x_wconf 91' lang='lat' dir='ltr'><strong>in</strong></span> <span class='ocrx_word' id='word_1_29' title='bbox 1182 420 1297 457; x_wconf 91' lang='lat' dir='ltr'><strong>rebus</strong></span> <span class='ocrx_word' id='word_1_30' title='bbox 1318 420 1408 458; x_wconf 87' lang='lat' dir='ltr'><strong>victi</strong></span> <span class='ocrx_word' id='word_1_31' title='bbox 1437 426 1585 467; x_wconf 89' lang='lat' dir='ltr'><strong>essent,</strong></span> 
     </span>
     <span class='ocr_line' id='line_1_5' title="bbox 131 480 1588 523; baseline -0.001 -2"><span class='ocrx_word' id='word_1_32' title='bbox 131 482 182 522; x_wconf 90' lang='lat' dir='ltr'><strong>de</strong></span> <span class='ocrx_word' id='word_1_33' title='bbox 209 484 345 522; x_wconf 89' lang='lat' dir='ltr'><strong>iisdem</strong></span> <span class='ocrx_word' id='word_1_34' title='bbox 363 486 477 523; x_wconf 90' lang='lat' dir='ltr'><strong>rebus</strong></span> <span class='ocrx_word' id='word_1_35' title='bbox 497 497 648 523; x_wconf 88' lang='lat' dir='ltr'><strong>rursum</strong></span> <span class='ocrx_word' id='word_1_36' title='bbox 669 484 797 522; x_wconf 83' lang='lat' dir='ltr'><strong>dicere</strong></span> <span class='ocrx_word' id='word_1_37' title='bbox 823 482 859 520; x_wconf 91' lang='lat' dir='ltr'><strong>vi</strong></span> <span class='ocrx_word' id='word_1_38' title='bbox 892 487 1136 521; x_wconf 87' lang='lat' dir='ltr'><strong>conarentur.</strong></span> <span class='ocrx_word' id='word_1_39' title='bbox 1193 480 1309 518; x_wconf 86' lang='lat' dir='ltr'><strong>Nunc</strong></span> <span class='ocrx_word' id='word_1_40' title='bbox 1336 487 1376 518; x_wconf 91' lang='lat' dir='ltr'><strong>et</strong></span> <span class='ocrx_word' id='word_1_41' title='bbox 1400 480 1454 518; x_wconf 88' lang='lat' dir='ltr'><strong>illi</strong></span> <span class='ocrx_word' id='word_1_42' title='bbox 1473 481 1588 520; x_wconf 87' lang='lat' dir='ltr'><strong>venia</strong></span> 
     </span>
     <span class='ocr_line' id='line_1_6' title="bbox 131 541 1587 597; baseline -0.002 -14"><span class='ocrx_word' id='word_1_43' title='bbox 131 543 240 597; x_wconf 84' lang='lat' dir='ltr'><strong>digni</strong></span> <span class='ocrx_word' id='word_1_44' title='bbox 260 553 362 592; x_wconf 89' lang='lat' dir='ltr'><strong>sunt,</strong></span> <span class='ocrx_word' id='word_1_45' title='bbox 381 545 412 583; x_wconf 94' lang='lat' dir='ltr'><strong>si</strong></span> <span class='ocrx_word' id='word_1_46' title='bbox 432 559 479 585; x_wconf 90' lang='lat' dir='ltr'><strong>ea</strong></span> <span class='ocrx_word' id='word_1_47' title='bbox 505 558 593 596; x_wconf 83' lang='lat' dir='ltr'><strong>quae</strong></span> <span class='ocrx_word' id='word_1_48' title='bbox 629 552 711 583; x_wconf 90' lang='lat' dir='ltr'><strong>tum</strong></span> <span class='ocrx_word' id='word_1_49' title='bbox 741 543 872 582; x_wconf 89' lang='lat' dir='ltr'><strong>audire</strong></span> <span class='ocrx_word' id='word_1_50' title='bbox 899 542 1073 581; x_wconf 82' lang='lat' dir='ltr'><strong>noluistis</strong></span> <span class='ocrx_word' id='word_1_51' title='bbox 1107 554 1302 593; x_wconf 86' lang='lat' dir='ltr'><strong>exponere</strong></span> <span class='ocrx_word' id='word_1_52' title='bbox 1337 541 1518 581; x_wconf 86' lang='lat' dir='ltr'><strong>student:</strong></span> <span class='ocrx_word' id='word_1_53' title='bbox 1548 549 1587 580; x_wconf 87' lang='lat' dir='ltr'><strong>et</strong></span> 
     </span>
     <span class='ocr_line' id='line_1_7' title="bbox 130 601 1585 657; baseline -0.001 -14"><span class='ocrx_word' id='word_1_54' title='bbox 130 618 214 652; x_wconf 87' lang='lat' dir='ltr'><strong>vos,</strong></span> <span class='ocrx_word' id='word_1_55' title='bbox 230 606 501 652; x_wconf 87' lang='lat' dir='ltr'><strong>Athenienses,</strong></span> <span class='ocrx_word' id='word_1_56' title='bbox 521 605 826 657; x_wconf 89' lang='lat' dir='ltr'><strong>reprehendendi</strong></span> <span class='ocrx_word' id='word_1_57' title='bbox 846 605 950 651; x_wconf 83' lang='lat' dir='ltr'><strong>estis,</strong></span> <span class='ocrx_word' id='word_1_58' title='bbox 970 604 1035 656; x_wconf 90' lang='lat' dir='ltr'><strong>qui</strong></span> <span class='ocrx_word' id='word_1_59' title='bbox 1055 603 1092 641; x_wconf 93' lang='lat' dir='ltr'><strong>in</strong></span> <span class='ocrx_word' id='word_1_60' title='bbox 1115 601 1458 642; x_wconf 82' lang='lat' dir='ltr'><strong>deliberationibus</strong></span> <span class='ocrx_word' id='word_1_61' title='bbox 1477 617 1585 642; x_wconf 90' lang='lat' dir='ltr'><strong>suam</strong></span> 
     </span>
     <span class='ocr_line' id='line_1_8' title="bbox 129 664 1589 719; baseline -0.001 -14"><span class='ocrx_word' id='word_1_62' title='bbox 129 679 319 719; x_wconf 88' lang='lat' dir='ltr'><strong>quemque</strong></span> <span class='ocrx_word' id='word_1_63' title='bbox 351 668 478 706; x_wconf 89' lang='lat' dir='ltr'><strong>dicere</strong></span> <span class='ocrx_word' id='word_1_64' title='bbox 512 668 739 706; x_wconf 86' lang='lat' dir='ltr'><strong>sententiam</strong></span> <span class='ocrx_word' id='word_1_65' title='bbox 770 680 847 706; x_wconf 92' lang='lat' dir='ltr'><strong>non</strong></span> <span class='ocrx_word' id='word_1_66' title='bbox 876 665 1085 719; x_wconf 86' lang='lat' dir='ltr'><strong>patiamini,</strong></span> <span class='ocrx_word' id='word_1_67' title='bbox 1106 665 1189 712; x_wconf 87' lang='lat' dir='ltr'><strong>sed,</strong></span> <span class='ocrx_word' id='word_1_68' title='bbox 1219 664 1284 703; x_wconf 92' lang='lat' dir='ltr'><strong>ubi</strong></span> <span class='ocrx_word' id='word_1_69' title='bbox 1315 677 1384 702; x_wconf 90' lang='lat' dir='ltr'><strong>vos</strong></span> <span class='ocrx_word' id='word_1_70' title='bbox 1417 664 1479 702; x_wconf 88' lang='lat' dir='ltr'><strong>alii</strong></span> <span class='ocrx_word' id='word_1_71' title='bbox 1517 678 1589 703; x_wconf 86' lang='lat' dir='ltr'><strong>sua</strong></span> 
     </span>
     <span class='ocr_line' id='line_1_9' title="bbox 129 726 1588 780; baseline -0.001 -14"><span class='ocrx_word' id='word_1_72' title='bbox 129 728 301 767; x_wconf 90' lang='lat' dir='ltr'><strong>oratione</strong></span> <span class='ocrx_word' id='word_1_73' title='bbox 320 729 561 780; x_wconf 82' lang='lat' dir='ltr'><strong>occuparint,</strong></span> <span class='ocrx_word' id='word_1_74' title='bbox 585 729 682 768; x_wconf 92' lang='lat' dir='ltr'><strong>alios</strong></span> <span class='ocrx_word' id='word_1_75' title='bbox 701 728 856 767; x_wconf 90' lang='lat' dir='ltr'><strong>minime</strong></span> <span class='ocrx_word' id='word_1_76' title='bbox 876 728 1053 767; x_wconf 87' lang='lat' dir='ltr'><strong>audiatis.</strong></span> <span class='ocrx_word' id='word_1_77' title='bbox 1108 727 1190 765; x_wconf 58' lang='lat' dir='ltr'><strong>,Ista</strong></span> <span class='ocrx_word' id='word_1_78' title='bbox 1207 726 1324 778; x_wconf 88' lang='lat' dir='ltr'><strong>igitur</strong></span> <span class='ocrx_word' id='word_1_79' title='bbox 1344 727 1588 765; x_wconf 86' lang='lat' dir='ltr'><strong>consuetudo</strong></span> 
     </span>
     <span class='ocr_line' id='line_1_10' title="bbox 129 787 1589 841; baseline -0.001 -14"><span class='ocrx_word' id='word_1_80' title='bbox 129 790 325 828; x_wconf 87' lang='lat' dir='ltr'><strong>molestias</strong></span> <span class='ocrx_word' id='word_1_81' title='bbox 344 790 452 828; x_wconf 89' lang='lat' dir='ltr'><strong>vobis</strong></span> <span class='ocrx_word' id='word_1_82' title='bbox 471 790 581 841; x_wconf 87' lang='lat' dir='ltr'><strong>parit.</strong></span> <span class='ocrx_word' id='word_1_83' title='bbox 637 791 811 835; x_wconf 86' lang='lat' dir='ltr'><strong>Quorum</strong></span> <span class='ocrx_word' id='word_1_84' title='bbox 843 791 945 828; x_wconf 90' lang='lat' dir='ltr'><strong>enim</strong></span> <span class='ocrx_word' id='word_1_85' title='bbox 972 795 1060 827; x_wconf 89' lang='lat' dir='ltr'><strong>ante</strong></span> <span class='ocrx_word' id='word_1_86' title='bbox 1088 787 1240 827; x_wconf 78' lang='lat' dir='ltr'><strong>cladem</strong></span> <span class='ocrx_word' id='word_1_87' title='bbox 1268 794 1468 838; x_wconf 83' lang='lat' dir='ltr'><strong>acceptam</strong></span> <span class='ocrx_word' id='word_1_88' title='bbox 1494 801 1589 826; x_wconf 87' lang='lat' dir='ltr'><strong>con-</strong></span> 
     </span>
     <span class='ocr_line' id='line_1_11' title="bbox 130 849 1589 903; baseline -0.001 -14"><span class='ocrx_word' id='word_1_89' title='bbox 130 850 224 890; x_wconf 91' lang='lat' dir='ltr'><strong>siliis</strong></span> <span class='ocrx_word' id='word_1_90' title='bbox 248 864 381 903; x_wconf 88' lang='lat' dir='ltr'><strong>parere</strong></span> <span class='ocrx_word' id='word_1_91' title='bbox 399 852 583 898; x_wconf 87' lang='lat' dir='ltr'><strong>licuisset,</strong></span> <span class='ocrx_word' id='word_1_92' title='bbox 608 865 673 890; x_wconf 91' lang='lat' dir='ltr'><strong>eos</strong></span> <span class='ocrx_word' id='word_1_93' title='bbox 691 859 830 903; x_wconf 87' lang='lat' dir='ltr'><strong>postea</strong></span> <span class='ocrx_word' id='word_1_94' title='bbox 846 858 1076 890; x_wconf 83' lang='lat' dir='ltr'><strong>accusantes</strong></span> <span class='ocrx_word' id='word_1_95' title='bbox 1095 849 1277 888; x_wconf 86' lang='lat' dir='ltr'><strong>laudatis.</strong></span> <span class='ocrx_word' id='word_1_96' title='bbox 1336 849 1459 900; x_wconf 90' lang='lat' dir='ltr'><strong>quue</strong></span> <span class='ocrx_word' id='word_1_97' title='bbox 1478 851 1589 888; x_wconf 89' lang='lat' dir='ltr'><strong>vobis</strong></span> 
     </span>
     <span class='ocr_line' id='line_1_12' title="bbox 130 911 1589 965; baseline -0.002 -14"><span class='ocrx_word' id='word_1_98' title='bbox 130 925 262 952; x_wconf 81' lang='lat' dir='ltr'><strong>rursus</strong></span> <span class='ocrx_word' id='word_1_99' title='bbox 289 914 427 965; x_wconf 89' lang='lat' dir='ltr'><strong>opinor</strong></span> <span class='ocrx_word' id='word_1_100' title='bbox 461 913 625 959; x_wconf 88' lang='lat' dir='ltr'><strong>accidet,</strong></span> <span class='ocrx_word' id='word_1_101' title='bbox 645 913 716 951; x_wconf 90' lang='lat' dir='ltr'><strong>nisi</strong></span> <span class='ocrx_word' id='word_1_102' title='bbox 737 913 858 964; x_wconf 80' lang='lat' dir='ltr'><strong>aequis</strong></span> <span class='ocrx_word' id='word_1_103' title='bbox 890 912 1027 950; x_wconf 85' lang='lat' dir='ltr'><strong>animis</strong></span> <span class='ocrx_word' id='word_1_104' title='bbox 1053 924 1186 950; x_wconf 91' lang='lat' dir='ltr'><strong>omnes</strong></span> <span class='ocrx_word' id='word_1_105' title='bbox 1215 911 1412 949; x_wconf 87' lang='lat' dir='ltr'><strong>audieritis</strong></span> <span class='ocrx_word' id='word_1_106' title='bbox 1432 911 1470 949; x_wconf 91' lang='lat' dir='ltr'><strong>in</strong></span> <span class='ocrx_word' id='word_1_107' title='bbox 1490 924 1589 962; x_wconf 87' lang='lat' dir='ltr'><strong>prae-</strong></span> 
     </span>
     <span class='ocr_line' id='line_1_13' title="bbox 131 973 1591 1026; baseline -0.001 -14"><span class='ocrx_word' id='word_1_108' title='bbox 131 975 284 1013; x_wconf 83' lang='lat' dir='ltr'><strong>sentia:</strong></span> <span class='ocrx_word' id='word_1_109' title='bbox 311 987 435 1025; x_wconf 87' lang='lat' dir='ltr'><strong>eoque</strong></span> <span class='ocrx_word' id='word_1_110' title='bbox 455 975 588 1013; x_wconf 87' lang='lat' dir='ltr'><strong>labore</strong></span> <span class='ocrx_word' id='word_1_111' title='bbox 608 981 800 1026; x_wconf 88' lang='lat' dir='ltr'><strong>suscepto,</strong></span> <span class='ocrx_word' id='word_1_112' title='bbox 821 974 991 1026; x_wconf 89' lang='lat' dir='ltr'><strong>probatis</strong></span> <span class='ocrx_word' id='word_1_113' title='bbox 1019 974 1185 1026; x_wconf 88' lang='lat' dir='ltr'><strong>optimis,</strong></span> <span class='ocrx_word' id='word_1_114' title='bbox 1205 986 1273 1012; x_wconf 93' lang='lat' dir='ltr'><strong>eos</strong></span> <span class='ocrx_word' id='word_1_115' title='bbox 1306 974 1372 1025; x_wconf 87' lang='lat' dir='ltr'><strong>qui</strong></span> <span class='ocrx_word' id='word_1_116' title='bbox 1404 973 1591 1024; x_wconf 88' lang='lat' dir='ltr'><strong>quicquid</strong></span> 
     </span>
     <span class='ocr_line' id='line_1_14' title="bbox 133 1035 1591 1088; baseline -0.001 -14"><span class='ocrx_word' id='word_1_117' title='bbox 133 1036 291 1075; x_wconf 90' lang='lat' dir='ltr'><strong>tandem</strong></span> <span class='ocrx_word' id='word_1_118' title='bbox 320 1036 607 1076; x_wconf 87' lang='lat' dir='ltr'><strong>cavillabuntur</strong></span> <span class='ocrx_word' id='word_1_119' title='bbox 635 1037 828 1088; x_wconf 87' lang='lat' dir='ltr'><strong>improbos</strong></span> <span class='ocrx_word' id='word_1_120' title='bbox 858 1035 1140 1075; x_wconf 85' lang='lat' dir='ltr'><strong>existimabitis.</strong></span> <span class='ocrx_word' id='word_1_121' title='bbox 1198 1035 1283 1086; x_wconf 86' lang='lat' dir='ltr'><strong>Ego</strong></span> <span class='ocrx_word' id='word_1_122' title='bbox 1315 1047 1470 1086; x_wconf 80' lang='lat' dir='ltr'><strong>aequum</strong></span> <span class='ocrx_word' id='word_1_123' title='bbox 1503 1048 1591 1073; x_wconf 89' lang='lat' dir='ltr'><strong>esse</strong></span> 
     </span>
     <span class='ocr_line' id='line_1_15' title="bbox 132 1090 1590 1150; baseline -0.001 -14"><span class='ocrx_word' id='word_1_124' title='bbox 132 1111 287 1145; x_wconf 90' lang='lat' dir='ltr'><strong>censeo,</strong></span> <span class='ocrx_word' id='word_1_125' title='bbox 306 1105 349 1136; x_wconf 90' lang='lat' dir='ltr'><strong>ut</strong></span> <span class='ocrx_word' id='word_1_126' title='bbox 369 1098 532 1150; x_wconf 90' lang='lat' dir='ltr'><strong>primum</strong></span> <span class='ocrx_word' id='word_1_127' title='bbox 551 1099 721 1137; x_wconf 88' lang='lat' dir='ltr'><strong>omnium</strong></span> <span class='ocrx_word' id='word_1_128' title='bbox 742 1100 825 1150; x_wconf 89' lang='lat' dir='ltr'><strong>ipse</strong></span> <span class='ocrx_word' id='word_1_129' title='bbox 845 1090 985 1144; x_wconf 81' lang='lat' dir='ltr'><strong>dicam,</strong></span> <span class='ocrx_word' id='word_1_130' title='bbox 1004 1097 1096 1149; x_wconf 91' lang='lat' dir='ltr'><strong>quid</strong></span> <span class='ocrx_word' id='word_1_131' title='bbox 1112 1097 1202 1135; x_wconf 89' lang='lat' dir='ltr'><strong>mihi</strong></span> <span class='ocrx_word' id='word_1_132' title='bbox 1217 1097 1255 1134; x_wconf 89' lang='lat' dir='ltr'><strong>in</strong></span> <span class='ocrx_word' id='word_1_133' title='bbox 1272 1096 1427 1148; x_wconf 84' lang='lat' dir='ltr'><strong>negotio</strong></span> <span class='ocrx_word' id='word_1_134' title='bbox 1448 1096 1497 1134; x_wconf 89' lang='lat' dir='ltr'><strong>de</strong></span> <span class='ocrx_word' id='word_1_135' title='bbox 1513 1109 1590 1147; x_wconf 87' lang='lat' dir='ltr'><strong>quo</strong></span> 
     </span>
     <span class='ocr_line' id='line_1_16' title="bbox 132 1159 1589 1208; baseline -0.001 -10"><span class='ocrx_word' id='word_1_136' title='bbox 132 1159 360 1198; x_wconf 87' lang='lat' dir='ltr'><strong>consultatis</strong></span> <span class='ocrx_word' id='word_1_137' title='bbox 387 1160 574 1208; x_wconf 86' lang='lat' dir='ltr'><strong>videatur,</strong></span> <span class='ocrx_word' id='word_1_138' title='bbox 595 1168 639 1200; x_wconf 90' lang='lat' dir='ltr'><strong>ut</strong></span> <span class='ocrx_word' id='word_1_139' title='bbox 658 1160 689 1198; x_wconf 90' lang='lat' dir='ltr'><strong>si</strong></span> <span class='ocrx_word' id='word_1_140' title='bbox 707 1161 816 1199; x_wconf 88' lang='lat' dir='ltr'><strong>vobis</strong></span> <span class='ocrx_word' id='word_1_141' title='bbox 841 1160 894 1199; x_wconf 89' lang='lat' dir='ltr'><strong>ita</strong></span> <span class='ocrx_word' id='word_1_142' title='bbox 916 1160 1042 1199; x_wconf 89' lang='lat' dir='ltr'><strong>visum</strong></span> <span class='ocrx_word' id='word_1_143' title='bbox 1071 1160 1199 1205; x_wconf 80' lang='lat' dir='ltr'><strong>fuerit,</strong></span> <span class='ocrx_word' id='word_1_144' title='bbox 1222 1159 1336 1197; x_wconf 85' lang='lat' dir='ltr'><strong>etiarn</strong></span> <span class='ocrx_word' id='word_1_145' title='bbox 1363 1165 1502 1197; x_wconf 87' lang='lat' dir='ltr'><strong>caetera</strong></span> <span class='ocrx_word' id='word_1_146' title='bbox 1522 1171 1589 1196; x_wconf 80' lang='lat' dir='ltr'><strong>ex·</strong></span> 
     </span>
     <span class='ocr_line' id='line_1_17' title="bbox 130 1220 1591 1275; baseline -0.001 -16"><span class='ocrx_word' id='word_1_147' title='bbox 130 1221 292 1273; x_wconf 89' lang='lat' dir='ltr'><strong>plicem:</strong></span> <span class='ocrx_word' id='word_1_148' title='bbox 339 1222 400 1261; x_wconf 92' lang='lat' dir='ltr'><strong>sin</strong></span> <span class='ocrx_word' id='word_1_149' title='bbox 440 1223 580 1270; x_wconf 84' lang='lat' dir='ltr'><strong>minus,</strong></span> <span class='ocrx_word' id='word_1_150' title='bbox 613 1236 740 1275; x_wconf 90' lang='lat' dir='ltr'><strong>neque</strong></span> <span class='ocrx_word' id='word_1_151' title='bbox 766 1222 873 1262; x_wconf 92' lang='lat' dir='ltr'><strong>vobis</strong></span> <span class='ocrx_word' id='word_1_152' title='bbox 899 1222 1085 1261; x_wconf 89' lang='lat' dir='ltr'><strong>molestus</strong></span> <span class='ocrx_word' id='word_1_153' title='bbox 1117 1221 1203 1268; x_wconf 89' lang='lat' dir='ltr'><strong>sim,</strong></span> <span class='ocrx_word' id='word_1_154' title='bbox 1240 1234 1367 1272; x_wconf 88' lang='lat' dir='ltr'><strong>neque</strong></span> <span class='ocrx_word' id='word_1_155' title='bbox 1399 1220 1591 1271; x_wconf 86' lang='lat' dir='ltr'><strong>meipsum</strong></span> 
     </span>
     <span class='ocr_line' id='line_1_18' title="bbox 131 1282 304 1336; baseline 0.012 -15"><span class='ocrx_word' id='word_1_156' title='bbox 131 1282 304 1336; x_wconf 81' lang='lat' dir='ltr'><strong>fatigem.</strong></span> 
     </span>
    </p>
   </div>
   <div class='ocr_carea' id='block_1_3' title="bbox 786 1386 938 1427">
    <p class='ocr_par' dir='ltr' id='par_1_3' title="bbox 786 1386 938 1427">
     <span class='ocr_line' id='line_1_19' title="bbox 786 1386 938 1427; baseline 0.02 -3"><span class='ocrx_word' id='word_1_157' title='bbox 786 1386 938 1427; x_wconf 90' lang='lat' dir='ltr'><strong>XXIX.</strong></span> 
     </span>
    </p>
   </div>
   <div class='ocr_carea' id='block_1_4' title="bbox 131 1461 1597 2571">
    <p class='ocr_par' dir='ltr' id='par_1_4' title="bbox 131 1461 1597 2571">
     <span class='ocr_line' id='line_1_20' title="bbox 186 1461 1593 1517; baseline -0.001 -14"><span class='ocrx_word' id='word_1_158' title='bbox 186 1463 345 1512; x_wconf 87' lang='lat' dir='ltr'><strong>Debuit,</strong></span> <span class='ocrx_word' id='word_1_159' title='bbox 363 1464 633 1512; x_wconf 89' lang='lat' dir='ltr'><strong>Athenienses,</strong></span> <span class='ocrx_word' id='word_1_160' title='bbox 664 1472 752 1503; x_wconf 87' lang='lat' dir='ltr'><strong>ante</strong></span> <span class='ocrx_word' id='word_1_161' title='bbox 784 1471 1006 1517; x_wconf 87' lang='lat' dir='ltr'><strong>susceptum</strong></span> <span class='ocrx_word' id='word_1_162' title='bbox 1037 1463 1184 1503; x_wconf 88' lang='lat' dir='ltr'><strong>bellum</strong></span> <span class='ocrx_word' id='word_1_163' title='bbox 1217 1461 1424 1514; x_wconf 88' lang='lat' dir='ltr'><strong>provideri,</strong></span> <span class='ocrx_word' id='word_1_164' title='bbox 1452 1462 1593 1513; x_wconf 90' lang='lat' dir='ltr'><strong>quibus</strong></span> 
     </span>
     <span class='ocr_line' id='line_1_21' title="bbox 133 1524 1593 1579; baseline -0.003 -13"><span class='ocrx_word' id='word_1_165' title='bbox 133 1526 254 1579; x_wconf 91' lang='lat' dir='ltr'><strong>copiis</strong></span> <span class='ocrx_word' id='word_1_166' title='bbox 274 1526 325 1565; x_wconf 88' lang='lat' dir='ltr'><strong>ad</strong></span> <span class='ocrx_word' id='word_1_167' title='bbox 342 1526 383 1565; x_wconf 92' lang='lat' dir='ltr'><strong>id</strong></span> <span class='ocrx_word' id='word_1_168' title='bbox 402 1527 614 1577; x_wconf 88' lang='lat' dir='ltr'><strong>gerendum</strong></span> <span class='ocrx_word' id='word_1_169' title='bbox 633 1526 810 1565; x_wconf 77' lang='lat' dir='ltr'><strong>instructi</strong></span> <span class='ocrx_word' id='word_1_170' title='bbox 838 1540 924 1566; x_wconf 84' lang='lat' dir='ltr'><strong>esse</strong></span> <span class='ocrx_word' id='word_1_171' title='bbox 943 1539 1166 1579; x_wconf 88' lang='lat' dir='ltr'><strong>possemus:</strong></span> <span class='ocrx_word' id='word_1_172' title='bbox 1200 1524 1306 1577; x_wconf 92' lang='lat' dir='ltr'><strong>quod</strong></span> <span class='ocrx_word' id='word_1_173' title='bbox 1333 1525 1364 1562; x_wconf 89' lang='lat' dir='ltr'><strong>si</strong></span> <span class='ocrx_word' id='word_1_174' title='bbox 1398 1537 1486 1562; x_wconf 89' lang='lat' dir='ltr'><strong>curn</strong></span> <span class='ocrx_word' id='word_1_175' title='bbox 1515 1525 1593 1576; x_wconf 90' lang='lat' dir='ltr'><strong>pri-</strong></span> 
     </span>
     <span class='ocr_line' id='line_1_22' title="bbox 131 1586 1595 1636; baseline -0.002 -8"><span class='ocrx_word' id='word_1_176' title='bbox 131 1601 236 1628; x_wconf 88' lang='lat' dir='ltr'><strong>mum</strong></span> <span class='ocrx_word' id='word_1_177' title='bbox 258 1588 519 1628; x_wconf 88' lang='lat' dir='ltr'><strong>deliberaretis</strong></span> <span class='ocrx_word' id='word_1_178' title='bbox 538 1589 784 1628; x_wconf 85' lang='lat' dir='ltr'><strong>manifestum</strong></span> <span class='ocrx_word' id='word_1_179' title='bbox 803 1602 879 1627; x_wconf 91' lang='lat' dir='ltr'><strong>non</strong></span> <span class='ocrx_word' id='word_1_180' title='bbox 900 1597 995 1635; x_wconf 86' lang='lat' dir='ltr'><strong>erat,</strong></span> <span class='ocrx_word' id='word_1_181' title='bbox 1014 1595 1095 1627; x_wconf 89' lang='lat' dir='ltr'><strong>tum</strong></span> <span class='ocrx_word' id='word_1_182' title='bbox 1115 1593 1220 1627; x_wconf 89' lang='lat' dir='ltr'><strong>certe</strong></span> <span class='ocrx_word' id='word_1_183' title='bbox 1241 1600 1329 1625; x_wconf 91' lang='lat' dir='ltr'><strong>cum</strong></span> <span class='ocrx_word' id='word_1_184' title='bbox 1350 1586 1388 1624; x_wconf 90' lang='lat' dir='ltr'><strong>id</strong></span> <span class='ocrx_word' id='word_1_185' title='bbox 1404 1586 1595 1636; x_wconf 86' lang='lat' dir='ltr'><strong>erupisset</strong></span> 
     </span>
     <span class='ocr_line' id='line_1_23' title="bbox 132 1649 1594 1703; baseline -0.003 -13"><span class='ocrx_word' id='word_1_186' title='bbox 132 1651 183 1690; x_wconf 89' lang='lat' dir='ltr'><strong>de</strong></span> <span class='ocrx_word' id='word_1_187' title='bbox 201 1658 390 1703; x_wconf 87' lang='lat' dir='ltr'><strong>apparatu</strong></span> <span class='ocrx_word' id='word_1_188' title='bbox 422 1652 536 1690; x_wconf 87' lang='lat' dir='ltr'><strong>etiam</strong></span> <span class='ocrx_word' id='word_1_189' title='bbox 570 1651 862 1690; x_wconf 87' lang='lat' dir='ltr'><strong>deliberandum</strong></span> <span class='ocrx_word' id='word_1_190' title='bbox 890 1652 975 1690; x_wconf 83' lang='lat' dir='ltr'><strong>fuit.</strong></span> <span class='ocrx_word' id='word_1_191' title='bbox 1034 1652 1102 1689; x_wconf 88' lang='lat' dir='ltr'><strong>Sin</strong></span> <span class='ocrx_word' id='word_1_192' title='bbox 1135 1663 1203 1689; x_wconf 93' lang='lat' dir='ltr'><strong>vos</strong></span> <span class='ocrx_word' id='word_1_193' title='bbox 1234 1661 1397 1701; x_wconf 80' lang='lat' dir='ltr'><strong>magnas</strong></span> <span class='ocrx_word' id='word_1_194' title='bbox 1429 1649 1594 1687; x_wconf 90' lang='lat' dir='ltr'><strong>ducibus</strong></span> 
     </span>
     <span class='ocr_line' id='line_1_24' title="bbox 133 1711 1594 1766; baseline -0.002 -15"><span class='ocrx_word' id='word_1_195' title='bbox 133 1713 264 1765; x_wconf 88' lang='lat' dir='ltr'><strong>copias</strong></span> <span class='ocrx_word' id='word_1_196' title='bbox 282 1713 490 1752; x_wconf 83' lang='lat' dir='ltr'><strong>tradidisse</strong></span> <span class='ocrx_word' id='word_1_197' title='bbox 509 1713 660 1759; x_wconf 83' lang='lat' dir='ltr'><strong>dicetis,</strong></span> <span class='ocrx_word' id='word_1_198' title='bbox 681 1726 777 1765; x_wconf 88' lang='lat' dir='ltr'><strong>quas</strong></span> <span class='ocrx_word' id='word_1_199' title='bbox 796 1714 867 1765; x_wconf 87' lang='lat' dir='ltr'><strong>ipsi</strong></span> <span class='ocrx_word' id='word_1_200' title='bbox 888 1713 1138 1766; x_wconf 83' lang='lat' dir='ltr'><strong>perdiderint,</strong></span> <span class='ocrx_word' id='word_1_201' title='bbox 1160 1725 1275 1751; x_wconf 89' lang='lat' dir='ltr'><strong>nemo</strong></span> <span class='ocrx_word' id='word_1_202' title='bbox 1295 1711 1406 1749; x_wconf 85' lang='lat' dir='ltr'><strong>istam</strong></span> <span class='ocrx_word' id='word_1_203' title='bbox 1428 1718 1594 1750; x_wconf 88' lang='lat' dir='ltr'><strong>vestram</strong></span> 
     </span>
     <span class='ocr_line' id='line_1_25' title="bbox 133 1773 1595 1827; baseline 0.001 -16"><span class='ocrx_word' id='word_1_204' title='bbox 133 1774 424 1813; x_wconf 87' lang='lat' dir='ltr'><strong>excusationem</strong></span> <span class='ocrx_word' id='word_1_205' title='bbox 457 1774 637 1827; x_wconf 86' lang='lat' dir='ltr'><strong>accipiet.</strong></span> <span class='ocrx_word' id='word_1_206' title='bbox 693 1775 779 1814; x_wconf 91' lang='lat' dir='ltr'><strong>Nec</strong></span> <span class='ocrx_word' id='word_1_207' title='bbox 811 1776 910 1813; x_wconf 88' lang='lat' dir='ltr'><strong>enim</strong></span> <span class='ocrx_word' id='word_1_208' title='bbox 944 1775 1154 1814; x_wconf 88' lang='lat' dir='ltr'><strong>eorundem</strong></span> <span class='ocrx_word' id='word_1_209' title='bbox 1179 1782 1250 1821; x_wconf 91' lang='lat' dir='ltr'><strong>est,</strong></span> <span class='ocrx_word' id='word_1_210' title='bbox 1271 1787 1337 1812; x_wconf 84' lang='lat' dir='ltr'><strong>eos</strong></span> <span class='ocrx_word' id='word_1_211' title='bbox 1371 1773 1515 1824; x_wconf 90' lang='lat' dir='ltr'><strong>quibus</strong></span> <span class='ocrx_word' id='word_1_212' title='bbox 1535 1786 1595 1812; x_wconf 90' lang='lat' dir='ltr'><strong>res</strong></span> 
     </span>
     <span class='ocr_line' id='line_1_26' title="bbox 133 1835 1597 1887; baseline -0.001 -13"><span class='ocrx_word' id='word_1_213' title='bbox 133 1836 365 1875; x_wconf 86' lang='lat' dir='ltr'><strong>mandarant</strong></span> <span class='ocrx_word' id='word_1_214' title='bbox 385 1842 424 1875; x_wconf 87' lang='lat' dir='ltr'><strong>et</strong></span> <span class='ocrx_word' id='word_1_215' title='bbox 442 1837 654 1884; x_wconf 84' lang='lat' dir='ltr'><strong>absolvere,</strong></span> <span class='ocrx_word' id='word_1_216' title='bbox 676 1844 715 1876; x_wconf 89' lang='lat' dir='ltr'><strong>et</strong></span> <span class='ocrx_word' id='word_1_217' title='bbox 736 1850 874 1876; x_wconf 88' lang='lat' dir='ltr'><strong>causas</strong></span> <span class='ocrx_word' id='word_1_218' title='bbox 894 1838 1079 1876; x_wconf 90' lang='lat' dir='ltr'><strong>malorum</strong></span> <span class='ocrx_word' id='word_1_219' title='bbox 1100 1836 1247 1875; x_wconf 86' lang='lat' dir='ltr'><strong>eisdem</strong></span> <span class='ocrx_word' id='word_1_220' title='bbox 1266 1837 1471 1887; x_wconf 88' lang='lat' dir='ltr'><strong>imputare.</strong></span> <span class='ocrx_word' id='word_1_221' title='bbox 1493 1835 1597 1880; x_wconf 86' lang='lat' dir='ltr'><strong>Quia</strong></span> 
     </span>
     <span class='ocr_line' id='line_1_27' title="bbox 133 1898 1596 1952; baseline -0.001 -16"><span class='ocrx_word' id='word_1_222' title='bbox 133 1910 225 1937; x_wconf 88' lang='lat' dir='ltr'><strong>vero</strong></span> <span class='ocrx_word' id='word_1_223' title='bbox 245 1911 332 1950; x_wconf 89' lang='lat' dir='ltr'><strong>quae</strong></span> <span class='ocrx_word' id='word_1_224' title='bbox 349 1898 569 1950; x_wconf 82' lang='lat' dir='ltr'><strong>praeteriere</strong></span> <span class='ocrx_word' id='word_1_225' title='bbox 595 1900 735 1938; x_wconf 88' lang='lat' dir='ltr'><strong>mutari</strong></span> <span class='ocrx_word' id='word_1_226' title='bbox 759 1913 838 1938; x_wconf 86' lang='lat' dir='ltr'><strong>non</strong></span> <span class='ocrx_word' id='word_1_227' title='bbox 860 1906 1038 1952; x_wconf 89' lang='lat' dir='ltr'><strong>possunt,</strong></span> <span class='ocrx_word' id='word_1_228' title='bbox 1058 1906 1097 1939; x_wconf 86' lang='lat' dir='ltr'><strong>et</strong></span> <span class='ocrx_word' id='word_1_229' title='bbox 1125 1906 1168 1937; x_wconf 92' lang='lat' dir='ltr'><strong>ut</strong></span> <span class='ocrx_word' id='word_1_230' title='bbox 1195 1905 1370 1950; x_wconf 89' lang='lat' dir='ltr'><strong>tempora</strong></span> <span class='ocrx_word' id='word_1_231' title='bbox 1394 1898 1596 1950; x_wconf 88' lang='lat' dir='ltr'><strong>patiuntur</strong></span> 
     </span>
     <span class='ocr_line' id='line_1_28' title="bbox 134 1959 1595 2014; baseline 0 -16"><span class='ocrx_word' id='word_1_232' title='bbox 134 1960 250 1999; x_wconf 85' lang='lat' dir='ltr'><strong>rebus</strong></span> <span class='ocrx_word' id='word_1_233' title='bbox 284 1961 591 2000; x_wconf 89' lang='lat' dir='ltr'><strong>succurrendum</strong></span> <span class='ocrx_word' id='word_1_234' title='bbox 621 1968 693 2009; x_wconf 89' lang='lat' dir='ltr'><strong>est,</strong></span> <span class='ocrx_word' id='word_1_235' title='bbox 731 1962 1023 2014; x_wconf 87' lang='lat' dir='ltr'><strong>intempestivas</strong></span> <span class='ocrx_word' id='word_1_236' title='bbox 1058 1974 1144 1999; x_wconf 90' lang='lat' dir='ltr'><strong>esse</strong></span> <span class='ocrx_word' id='word_1_237' title='bbox 1176 1959 1286 1998; x_wconf 88' lang='lat' dir='ltr'><strong>video</strong></span> <span class='ocrx_word' id='word_1_238' title='bbox 1322 1959 1595 2010; x_wconf 83' lang='lat' dir='ltr'><strong>querimonias,</strong></span> 
     </span>
     <span class='ocr_line' id='line_1_29' title="bbox 135 2020 1594 2075; baseline -0.001 -15"><span class='ocrx_word' id='word_1_239' title='bbox 135 2021 313 2073; x_wconf 87' lang='lat' dir='ltr'><strong>daboque</strong></span> <span class='ocrx_word' id='word_1_240' title='bbox 330 2036 501 2074; x_wconf 85' lang='lat' dir='ltr'><strong>operam,</strong></span> <span class='ocrx_word' id='word_1_241' title='bbox 516 2030 560 2062; x_wconf 91' lang='lat' dir='ltr'><strong>ut</strong></span> <span class='ocrx_word' id='word_1_242' title='bbox 584 2037 672 2075; x_wconf 86' lang='lat' dir='ltr'><strong>quae</strong></span> <span class='ocrx_word' id='word_1_243' title='bbox 692 2024 839 2075; x_wconf 89' lang='lat' dir='ltr'><strong>optima</strong></span> <span class='ocrx_word' id='word_1_244' title='bbox 863 2037 1003 2063; x_wconf 88' lang='lat' dir='ltr'><strong>censeo</strong></span> <span class='ocrx_word' id='word_1_245' title='bbox 1036 2022 1236 2062; x_wconf 87' lang='lat' dir='ltr'><strong>suadeam.</strong></span> <span class='ocrx_word' id='word_1_246' title='bbox 1296 2021 1400 2059; x_wconf 93' lang='lat' dir='ltr'><strong>lllud</strong></span> <span class='ocrx_word' id='word_1_247' title='bbox 1420 2021 1536 2072; x_wconf 88' lang='lat' dir='ltr'><strong>igitur</strong></span> <span class='ocrx_word' id='word_1_248' title='bbox 1554 2020 1594 2059; x_wconf 91' lang='lat' dir='ltr'><strong>in</strong></span> 
     </span>
     <span class='ocr_line' id='line_1_30' title="bbox 135 2083 1595 2138; baseline -0.001 -17"><span class='ocrx_word' id='word_1_249' title='bbox 135 2083 264 2134; x_wconf 88' lang='lat' dir='ltr'><strong>primis</strong></span> <span class='ocrx_word' id='word_1_250' title='bbox 287 2085 532 2123; x_wconf 84' lang='lat' dir='ltr'><strong>statuendum</strong></span> <span class='ocrx_word' id='word_1_251' title='bbox 565 2092 637 2131; x_wconf 87' lang='lat' dir='ltr'><strong>est,</strong></span> <span class='ocrx_word' id='word_1_252' title='bbox 657 2093 735 2124; x_wconf 89' lang='lat' dir='ltr'><strong>tam</strong></span> <span class='ocrx_word' id='word_1_253' title='bbox 766 2098 1079 2138; x_wconf 89' lang='lat' dir='ltr'><strong>unumquemque</strong></span> <span class='ocrx_word' id='word_1_254' title='bbox 1099 2085 1221 2123; x_wconf 89' lang='lat' dir='ltr'><strong>virum</strong></span> <span class='ocrx_word' id='word_1_255' title='bbox 1251 2084 1403 2134; x_wconf 88' lang='lat' dir='ltr'><strong>insigne</strong></span> <span class='ocrx_word' id='word_1_256' title='bbox 1423 2083 1595 2121; x_wconf 88' lang='lat' dir='ltr'><strong>studium</strong></span> 
     </span>
     <span class='ocr_line' id='line_1_31' title="bbox 136 2144 1591 2200; baseline 0 -17"><span class='ocrx_word' id='word_1_257' title='bbox 136 2151 175 2183; x_wconf 88' lang='lat' dir='ltr'><strong>et</strong></span> <span class='ocrx_word' id='word_1_258' title='bbox 193 2147 478 2186; x_wconf 88' lang='lat' dir='ltr'><strong>contentionem</strong></span> <span class='ocrx_word' id='word_1_259' title='bbox 498 2147 682 2186; x_wconf 87' lang='lat' dir='ltr'><strong>adhibere</strong></span> <span class='ocrx_word' id='word_1_260' title='bbox 701 2154 891 2200; x_wconf 90' lang='lat' dir='ltr'><strong>oportere,</strong></span> <span class='ocrx_word' id='word_1_261' title='bbox 911 2154 1058 2199; x_wconf 89' lang='lat' dir='ltr'><strong>quanta</strong></span> <span class='ocrx_word' id='word_1_262' title='bbox 1071 2146 1144 2184; x_wconf 87' lang='lat' dir='ltr'><strong>fuit</strong></span> <span class='ocrx_word' id='word_1_263' title='bbox 1165 2144 1424 2197; x_wconf 90' lang='lat' dir='ltr'><strong>superioribus</strong></span> <span class='ocrx_word' id='word_1_264' title='bbox 1444 2151 1591 2196; x_wconf 89' lang='lat' dir='ltr'><strong>tempo-</strong></span> 
     </span>
     <span class='ocr_line' id='line_1_32' title="bbox 136 2207 1594 2262; baseline -0.001 -16"><span class='ocrx_word' id='word_1_265' title='bbox 136 2207 241 2246; x_wconf 88' lang='lat' dir='ltr'><strong>ribus</strong></span> <span class='ocrx_word' id='word_1_266' title='bbox 264 2209 513 2261; x_wconf 79' lang='lat' dir='ltr'><strong>negligentia.</strong></span> <span class='ocrx_word' id='word_1_267' title='bbox 569 2210 674 2249; x_wconf 89' lang='lat' dir='ltr'><strong>Nam</strong></span> <span class='ocrx_word' id='word_1_268' title='bbox 692 2210 808 2249; x_wconf 90' lang='lat' dir='ltr'><strong>etiam</strong></span> <span class='ocrx_word' id='word_1_269' title='bbox 830 2210 886 2249; x_wconf 91' lang='lat' dir='ltr'><strong>sic</strong></span> <span class='ocrx_word' id='word_1_270' title='bbox 914 2211 978 2248; x_wconf 82' lang='lat' dir='ltr'><strong>vix</strong></span> <span class='ocrx_word' id='word_1_271' title='bbox 997 2208 1232 2262; x_wconf 86' lang='lat' dir='ltr'><strong>sperandum</strong></span> <span class='ocrx_word' id='word_1_272' title='bbox 1253 2214 1314 2247; x_wconf 89' lang='lat' dir='ltr'><strong>est</strong></span> <span class='ocrx_word' id='word_1_273' title='bbox 1333 2221 1380 2246; x_wconf 86' lang='lat' dir='ltr'><strong>ea</strong></span> <span class='ocrx_word' id='word_1_274' title='bbox 1409 2221 1481 2246; x_wconf 90' lang='lat' dir='ltr'><strong>nos</strong></span> <span class='ocrx_word' id='word_1_275' title='bbox 1508 2221 1594 2258; x_wconf 77' lang='lat' dir='ltr'><strong>quae</strong></span> 
     </span>
     <span class='ocr_line' id='line_1_33' title="bbox 136 2270 1596 2323; baseline 0 -15"><span class='ocrx_word' id='word_1_276' title='bbox 136 2282 206 2321; x_wconf 89' lang='lat' dir='ltr'><strong>per</strong></span> <span class='ocrx_word' id='word_1_277' title='bbox 237 2271 428 2322; x_wconf 87' lang='lat' dir='ltr'><strong>ignaviam</strong></span> <span class='ocrx_word' id='word_1_278' title='bbox 462 2278 571 2312; x_wconf 87' lang='lat' dir='ltr'><strong>tanto</strong></span> <span class='ocrx_word' id='word_1_279' title='bbox 605 2279 694 2312; x_wconf 88' lang='lat' dir='ltr'><strong>ante</strong></span> <span class='ocrx_word' id='word_1_280' title='bbox 722 2273 917 2311; x_wconf 89' lang='lat' dir='ltr'><strong>amisimus</strong></span> <span class='ocrx_word' id='word_1_281' title='bbox 947 2286 1034 2311; x_wconf 88' lang='lat' dir='ltr'><strong>esse</strong></span> <span class='ocrx_word' id='word_1_282' title='bbox 1071 2278 1383 2323; x_wconf 60' lang='lat' dir='ltr'><strong>recuperaturos</strong></span> <span class='ocrx_word' id='word_1_283' title='bbox 1441 2270 1596 2308; x_wconf 88' lang='lat' dir='ltr'><strong>Deinde</strong></span> 
     </span>
     <span class='ocr_line' id='line_1_34' title="bbox 139 2331 1597 2386; baseline 0 -17"><span class='ocrx_word' id='word_1_284' title='bbox 139 2331 254 2370; x_wconf 88' lang='lat' dir='ltr'><strong>animi</strong></span> <span class='ocrx_word' id='word_1_285' title='bbox 272 2340 429 2386; x_wconf 86' lang='lat' dir='ltr'><strong>propter</strong></span> <span class='ocrx_word' id='word_1_286' title='bbox 447 2334 552 2373; x_wconf 91' lang='lat' dir='ltr'><strong>hunc</strong></span> <span class='ocrx_word' id='word_1_287' title='bbox 567 2347 695 2374; x_wconf 90' lang='lat' dir='ltr'><strong>rerum</strong></span> <span class='ocrx_word' id='word_1_288' title='bbox 714 2342 856 2373; x_wconf 88' lang='lat' dir='ltr'><strong>statum</strong></span> <span class='ocrx_word' id='word_1_289' title='bbox 876 2347 954 2373; x_wconf 90' lang='lat' dir='ltr'><strong>non</strong></span> <span class='ocrx_word' id='word_1_290' title='bbox 982 2341 1073 2373; x_wconf 89' lang='lat' dir='ltr'><strong>sunt</strong></span> <span class='ocrx_word' id='word_1_291' title='bbox 1097 2332 1311 2385; x_wconf 88' lang='lat' dir='ltr'><strong>abjiciendi.</strong></span> <span class='ocrx_word' id='word_1_292' title='bbox 1368 2332 1471 2370; x_wconf 89' lang='lat' dir='ltr'><strong>Nam</strong></span> <span class='ocrx_word' id='word_1_293' title='bbox 1491 2332 1597 2383; x_wconf 88' lang='lat' dir='ltr'><strong>quod</strong></span> 
     </span>
     <span class='ocr_line' id='line_1_35' title="bbox 139 2393 1594 2448; baseline -0.001 -16"><span class='ocrx_word' id='word_1_294' title='bbox 139 2394 335 2446; x_wconf 87' lang='lat' dir='ltr'><strong>superiore</strong></span> <span class='ocrx_word' id='word_1_295' title='bbox 355 2402 528 2448; x_wconf 88' lang='lat' dir='ltr'><strong>tempore</strong></span> <span class='ocrx_word' id='word_1_296' title='bbox 546 2396 793 2435; x_wconf 86' lang='lat' dir='ltr'><strong>deterrimum</strong></span> <span class='ocrx_word' id='word_1_297' title='bbox 813 2396 898 2444; x_wconf 87' lang='lat' dir='ltr'><strong>fuit,</strong></span> <span class='ocrx_word' id='word_1_298' title='bbox 918 2396 959 2434; x_wconf 90' lang='lat' dir='ltr'><strong>id</strong></span> <span class='ocrx_word' id='word_1_299' title='bbox 978 2397 1016 2434; x_wconf 91' lang='lat' dir='ltr'><strong>in</strong></span> <span class='ocrx_word' id='word_1_300' title='bbox 1034 2403 1230 2448; x_wconf 88' lang='lat' dir='ltr'><strong>posterum</strong></span> <span class='ocrx_word' id='word_1_301' title='bbox 1246 2394 1317 2433; x_wconf 89' lang='lat' dir='ltr'><strong>erit</strong></span> <span class='ocrx_word' id='word_1_302' title='bbox 1336 2393 1594 2432; x_wconf 86' lang='lat' dir='ltr'><strong>utilissimum.</strong></span> 
     </span>
     <span class='ocr_line' id='line_1_36' title="bbox 140 2455 1595 2510; baseline -0.002 -16"><span class='ocrx_word' id='word_1_303' title='bbox 140 2455 247 2500; x_wconf 83' lang='lat' dir='ltr'><strong>Quid</strong></span> <span class='ocrx_word' id='word_1_304' title='bbox 265 2455 381 2509; x_wconf 89' lang='lat' dir='ltr'><strong>igitur</strong></span> <span class='ocrx_word' id='word_1_305' title='bbox 400 2457 495 2496; x_wconf 87' lang='lat' dir='ltr'><strong>illud</strong></span> <span class='ocrx_word' id='word_1_306' title='bbox 514 2465 586 2506; x_wconf 90' lang='lat' dir='ltr'><strong>est,</strong></span> <span class='ocrx_word' id='word_1_307' title='bbox 601 2458 880 2497; x_wconf 76' lang='lat' dir='ltr'><strong>Athenienses?</strong></span> <span class='ocrx_word' id='word_1_308' title='bbox 911 2459 1028 2503; x_wconf 87' lang='lat' dir='ltr'><strong>Quod</strong></span> <span class='ocrx_word' id='word_1_309' title='bbox 1042 2464 1198 2510; x_wconf 87' lang='lat' dir='ltr'><strong>propter</strong></span> <span class='ocrx_word' id='word_1_310' title='bbox 1217 2456 1410 2509; x_wconf 87' lang='lat' dir='ltr'><strong>ignaviam</strong></span> <span class='ocrx_word' id='word_1_311' title='bbox 1430 2462 1595 2494; x_wconf 88' lang='lat' dir='ltr'><strong>vestram</strong></span> 
     </span>
     <span class='ocr_line' id='line_1_37' title="bbox 140 2518 1596 2571; baseline -0.001 -16"><span class='ocrx_word' id='word_1_312' title='bbox 140 2529 202 2556; x_wconf 84' lang='lat' dir='ltr'><strong>res</strong></span> <span class='ocrx_word' id='word_1_313' title='bbox 222 2519 324 2558; x_wconf 86' lang='lat' dir='ltr'><strong>male</strong></span> <span class='ocrx_word' id='word_1_314' title='bbox 353 2533 395 2559; x_wconf 83' lang='lat' dir='ltr'><strong>se</strong></span> <span class='ocrx_word' id='word_1_315' title='bbox 413 2519 572 2559; x_wconf 89' lang='lat' dir='ltr'><strong>habent.</strong></span> <span class='ocrx_word' id='word_1_316' title='bbox 628 2520 731 2559; x_wconf 87' lang='lat' dir='ltr'><strong>Nam</strong></span> <span class='ocrx_word' id='word_1_317' title='bbox 753 2520 786 2559; x_wconf 89' lang='lat' dir='ltr'><strong>si</strong></span> <span class='ocrx_word' id='word_1_318' title='bbox 803 2534 873 2560; x_wconf 91' lang='lat' dir='ltr'><strong>vos</strong></span> <span class='ocrx_word' id='word_1_319' title='bbox 904 2520 1008 2560; x_wconf 91' lang='lat' dir='ltr'><strong>omni</strong></span> <span class='ocrx_word' id='word_1_320' title='bbox 1028 2520 1155 2559; x_wconf 87' lang='lat' dir='ltr'><strong>officio</strong></span> <span class='ocrx_word' id='word_1_321' title='bbox 1178 2518 1448 2571; x_wconf 88' lang='lat' dir='ltr'><strong>fungeremini,</strong></span> <span class='ocrx_word' id='word_1_322' title='bbox 1468 2525 1508 2555; x_wconf 88' lang='lat' dir='ltr'><strong>et</strong></span> <span class='ocrx_word' id='word_1_323' title='bbox 1540 2524 1596 2554; x_wconf 90' lang='lat' dir='ltr'><strong>ta-</strong></span> 
     </span>
    </p>
   </div>
   <div class='ocr_carea' id='block_1_5' title="bbox 141 2579 1597 2692">
    <p class='ocr_par' dir='ltr' id='par_1_5' title="bbox 141 2579 1597 2692">
     <span class='ocr_line' id='line_1_38' title="bbox 141 2579 1597 2635; baseline 0 -19"><span class='ocrx_word' id='word_1_324' title='bbox 141 2590 230 2617; x_wconf 88' lang='lat' dir='ltr'><strong>men</strong></span> <span class='ocrx_word' id='word_1_325' title='bbox 245 2579 308 2620; x_wconf 90' lang='lat' dir='ltr'><strong>hic</strong></span> <span class='ocrx_word' id='word_1_326' title='bbox 325 2595 451 2621; x_wconf 87' lang='lat' dir='ltr'><strong>rerum</strong></span> <span class='ocrx_word' id='word_1_327' title='bbox 470 2588 594 2623; x_wconf 86' lang='lat' dir='ltr'><strong>status</strong></span> <span class='ocrx_word' id='word_1_328' title='bbox 620 2589 739 2631; x_wconf 89' lang='lat' dir='ltr'><strong>esset,</strong></span> <span class='ocrx_word' id='word_1_329' title='bbox 759 2596 808 2622; x_wconf 89' lang='lat' dir='ltr'><strong>ne</strong></span> <span class='ocrx_word' id='word_1_330' title='bbox 834 2595 924 2635; x_wconf 91' lang='lat' dir='ltr'><strong>spes</strong></span> <span class='ocrx_word' id='word_1_331' title='bbox 944 2582 1102 2635; x_wconf 88' lang='lat' dir='ltr'><strong>quidem</strong></span> <span class='ocrx_word' id='word_1_332' title='bbox 1136 2582 1301 2620; x_wconf 81' lang='lat' dir='ltr'><strong>fortunoe</strong></span> <span class='ocrx_word' id='word_1_333' title='bbox 1325 2579 1496 2620; x_wconf 86' lang='lat' dir='ltr'><strong>melioris</strong></span> <span class='ocrx_word' id='word_1_334' title='bbox 1517 2579 1597 2617; x_wconf 89' lang='lat' dir='ltr'><strong>ulla</strong></span> 
     </span>
     <span class='ocr_line' id='line_1_39' title="bbox 141 2649 374 2692; baseline 0.017 -14"><span class='ocrx_word' id='word_1_335' title='bbox 141 2649 374 2692; x_wconf 88' lang='lat' dir='ltr'><strong>superesset.</strong></span> 
     </span>
    </p>
   </div>
   <div class='ocr_carea' id='block_1_6' title="bbox 813 2747 941 2786">
    <p class='ocr_par' dir='ltr' id='par_1_6' title="bbox 813 2747 941 2786">
     <span class='ocr_line' id='line_1_40' title="bbox 813 2747 941 2786; baseline 0 -1"><span class='ocrx_word' id='word_1_336' title='bbox 813 2747 941 2786; x_wconf 91' lang='lat' dir='ltr'><strong>XXX.</strong></span> 
     </span>
    </p>
   </div>
   <div class='ocr_carea' id='block_1_7' title="bbox 145 2823 1597 3001">
    <p class='ocr_par' dir='ltr' id='par_1_7' title="bbox 145 2823 1597 3001">
     <span class='ocr_line' id='line_1_41' title="bbox 200 2823 1597 2877; baseline -0.003 -13"><span class='ocrx_word' id='word_1_337' title='bbox 200 2826 304 2865; x_wconf 88' lang='lat' dir='ltr'><strong>Nihil</strong></span> <span class='ocrx_word' id='word_1_338' title='bbox 325 2833 386 2865; x_wconf 87' lang='lat' dir='ltr'><strong>est</strong></span> <span class='ocrx_word' id='word_1_339' title='bbox 403 2826 615 2874; x_wconf 87' lang='lat' dir='ltr'><strong>molestius,</strong></span> <span class='ocrx_word' id='word_1_340' title='bbox 636 2827 907 2871; x_wconf 86' lang='lat' dir='ltr'><strong>Athenienses,</strong></span> <span class='ocrx_word' id='word_1_341' title='bbox 923 2839 1040 2877; x_wconf 89' lang='lat' dir='ltr'><strong>quam</strong></span> <span class='ocrx_word' id='word_1_342' title='bbox 1058 2826 1161 2877; x_wconf 91' lang='lat' dir='ltr'><strong>quod</strong></span> <span class='ocrx_word' id='word_1_343' title='bbox 1178 2833 1350 2865; x_wconf 82' lang='lat' dir='ltr'><strong>oratores</strong></span> <span class='ocrx_word' id='word_1_344' title='bbox 1370 2825 1414 2863; x_wconf 87' lang='lat' dir='ltr'><strong>iis</strong></span> <span class='ocrx_word' id='word_1_345' title='bbox 1428 2823 1597 2861; x_wconf 87' lang='lat' dir='ltr'><strong>moribus</strong></span> 
     </span>
     <span class='ocr_line' id='line_1_42' title="bbox 145 2888 1597 2941; baseline -0.003 -14"><span class='ocrx_word' id='word_1_346' title='bbox 145 2901 242 2940; x_wconf 89' lang='lat' dir='ltr'><strong>quos</strong></span> <span class='ocrx_word' id='word_1_347' title='bbox 260 2888 547 2941; x_wconf 81' lang='lat' dir='ltr'><strong>reprehendunt</strong></span> <span class='ocrx_word' id='word_1_348' title='bbox 571 2896 745 2928; x_wconf 86' lang='lat' dir='ltr'><strong>utuntur.</strong></span> <span class='ocrx_word' id='word_1_349' title='bbox 801 2889 903 2927; x_wconf 89' lang='lat' dir='ltr'><strong>Nam</strong></span> <span class='ocrx_word' id='word_1_350' title='bbox 924 2889 1113 2927; x_wconf 85' lang='lat' dir='ltr'><strong>sactiones</strong></span> <span class='ocrx_word' id='word_1_351' title='bbox 1133 2902 1278 2932; x_wconf 87' lang='lat' dir='ltr'><strong>eorum,</strong></span> <span class='ocrx_word' id='word_1_352' title='bbox 1298 2895 1338 2926; x_wconf 80' lang='lat' dir='ltr'><strong>et</strong></span> <span class='ocrx_word' id='word_1_353' title='bbox 1357 2894 1511 2925; x_wconf 87' lang='lat' dir='ltr'><strong>mutuas</strong></span> <span class='ocrx_word' id='word_1_354' title='bbox 1532 2898 1597 2923; x_wconf 87' lang='lat' dir='ltr'><strong>ex-</strong></span> 
     </span>
     <span class='ocr_line' id='line_1_43' title="bbox 147 2947 1597 3001; baseline -0.003 -12"><span class='ocrx_word' id='word_1_355' title='bbox 147 2955 206 2989; x_wconf 73' lang='lat' dir='ltr'><strong>tra</strong></span> <span class='ocrx_word' id='word_1_356' title='bbox 217 2949 404 2999; x_wconf 82' lang='lat' dir='ltr'><strong>judicium</strong></span> <span class='ocrx_word' id='word_1_357' title='bbox 423 2952 704 3001; x_wconf 86' lang='lat' dir='ltr'><strong>accusationes,</strong></span> <span class='ocrx_word' id='word_1_358' title='bbox 720 2963 831 2990; x_wconf 89' lang='lat' dir='ltr'><strong>nemo</strong></span> <span class='ocrx_word' id='word_1_359' title='bbox 846 2950 900 2989; x_wconf 85' lang='lat' dir='ltr'><strong>ita</strong></span> <span class='ocrx_word' id='word_1_360' title='bbox 919 2962 1050 2989; x_wconf 89' lang='lat' dir='ltr'><strong>socors</strong></span> <span class='ocrx_word' id='word_1_361' title='bbox 1066 2957 1131 2988; x_wconf 86' lang='lat' dir='ltr'><strong>aut</strong></span> <span class='ocrx_word' id='word_1_362' title='bbox 1150 2963 1289 3001; x_wconf 79' lang='lat' dir='ltr'><strong>pravus</strong></span> <span class='ocrx_word' id='word_1_363' title='bbox 1308 2956 1381 2995; x_wconf 75' lang='lat' dir='ltr'><strong>cst,</strong></span> <span class='ocrx_word' id='word_1_364' title='bbox 1402 2947 1493 2999; x_wconf 90' lang='lat' dir='ltr'><strong>quin</strong></span> <span class='ocrx_word' id='word_1_365' title='bbox 1510 2960 1597 2986; x_wconf 87' lang='lat' dir='ltr'><strong>esse</strong></span> 
     </span>
    </p>
   </div>
  </div>
 </body>
</html>
