1965 3356
537 189 825 229 ADVERSUS
855 188 1222 230 LEOCHAREM.
1533 190 1607 228 631

140 307 270 347 >quum
288 300 362 341 est,
381 306 503 345 quum
524 299 770 333 sacramento
788 291 1029 332 contenderit
1049 292 1098 331 de
1109 290 1336 331 haereditate
1355 290 1459 344 apud
1471 297 1614 343 praeto-

150 369 245 402 rem,
263 356 376 408 quasi
396 362 499 394 esset
520 355 728 394 Archiadae
746 354 848 393 filius
876 353 1121 406 Otrynensis,
1151 353 1378 392 Leostratus
1403 353 1475 392 iste
1495 352 1614 391 Eleu-

151 417 296 457 sinius:
317 418 425 457 aliud
444 432 531 458 esse
550 424 827 464 contestatum,
841 423 886 455 ut
904 417 978 469 ipsi
997 416 1167 464 cernitis,
1187 416 1370 463 dicendo,
1391 424 1431 455 et
1449 417 1615 455 alterum

147 479 266 518 istum
285 494 372 519 esse
390 481 594 520 Archiadae
626 479 781 518 filium?
823 478 915 517 Utri'
929 487 1116 527 vestrum,
1145 485 1189 516 ut
1219 491 1310 516 vera
1339 478 1496 526 dicenti,
1515 478 1614 517 fides

136 548 212 580 est
224 541 435 580 habenda?
478 542 651 594 Idipsum
670 541 774 580 enim
789 548 1059 592 argumentum
1076 553 1156 579 non
1174 539 1373 578 minmium
1395 546 1456 578 est
1475 540 1615 578 falsam

149 603 272 642 fuisse
290 604 627 652 contestationem,
647 604 754 655 quod
776 603 910 642 eadem
942 603 991 642 de
1020 616 1061 642 re
1087 616 1166 641 non
1186 602 1289 640 idem
1309 601 1614 641 controversiam

149 664 257 704 facit.
314 666 454 718 Neque
470 666 622 719 injuria.
680 666 782 704 Nam
800 679 887 704 cum
903 665 1135 704 Leostratus
1150 671 1393 704 sacramento
1411 664 1617 703 nobiscum

151 725 203 764 de
234 727 459 767 haereditate
489 728 757 776 contenderet,
777 727 948 767 nondum
979 735 1222 768 contestatus
1251 729 1402 771 fuerat;
1433 739 1539 765 nunc
1558 726 1617 764 in-

138 789 318 841 scriptus
344 797 405 829 est
429 797 475 829 ut
498 791 714 843 municeps.
773 791 903 836 Quare
935 792 1108 830 omniurn
1135 782 1337 829 hominum
1365 788 1618 828 infelicissimi

149 852 308 901 erimus,
320 853 363 891 -si
379 853 653 893 contestationi
671 860 763 906 post
780 867 860 892 rem
878 854 992 893 factae
1011 854 1130 893 fidem
1149 853 1318 892 habituri
1346 852 1454 891 estis.

209 917 271 955 19.
301 915 407 959 Quin
427 916 644 967 antiquiora
671 916 798 968 seipso
825 923 1069 961 contestatus
1090 923 1175 955 est:
1204 916 1237 954 is
1260 914 1360 954 enim
1390 913 1457 966 qui
1485 913 1524 952 in
1543 912 1618 951 Ar-

151 975 302 1016 chiadae
326 978 473 1017 familia
498 979 672 1017 nondum
701 979 788 1026 fuit,
809 992 899 1017 cum
928 979 1029 1018 actio
1058 978 1144 1017 haec
1174 978 1223 1017 de
1255 977 1484 1017 haereditate
1509 975 1619 1015 insti-

152 1046 337 1088 tueretur,
356 1040 423 1091 qui
449 1040 587 1079 horum
621 1040 768 1093 aliquid
797 1040 894 1079 scire
920 1040 1077 1092 potest?
1127 1039 1298 1087 Deinde,
1329 1039 1362 1077 si
1395 1038 1536 1090 injuste
1569 1037 1620 1076 de

153 1103 358 1154 semetipso
383 1110 622 1142 contestatus
638 1111 755 1151 esset,
772 1104 962 1142 rationem
979 1104 1140 1142 haberet
1158 1103 1244 1155 ipsa
1270 1115 1347 1148 res,
1367 1101 1508 1153 injuste
1536 1100 1620 1151 qui-

152 1163 242 1202 dem
273 1165 505 1217 scripsisset,
525 1166 596 1204 sed
615 1165 866 1204 nihilominus
887 1179 957 1217 pro
977 1179 1025 1204 eo
1041 1165 1107 1217 qui
1135 1179 1206 1217 pro
1231 1171 1345 1203 aetate
1371 1163 1619 1214 loqueretur:

138 1238 256 1264 nunc
313 1240 586 1277 germanos
649 1227 856 1266 liberos
917 1227 1194 1266 Archiadae
1249 1225 1411 1264 illius
1468 1224 1622 1276 scripsit

151 1300 174 1326 e
187 1301 204 1325 s
217 1300 284 1335 se,
311 1295 460 1341 patrem
480 1303 594 1328 suum
620 1289 798 1328 nimirum
828 1295 869 1329 et
897 1303 939 1328 se
969 1290 1118 1329 ratione
1136 1289 1269 1342 primae
1288 1287 1522 1340 adoptionis,
1540 1300 1621 1325 non

149 1350 377 1390 recordatus
398 1365 484 1391 sese
499 1366 675 1391 reversos
696 1366 782 1391 esse
798 1352 836 1391 in
855 1351 1025 1392 nativam
1043 1353 1241 1391 familiam.
1265 1350 1447 1390 Proinde
1460 1362 1623 1388 necesse

150 1420 210 1452 est
241 1414 478 1466 antiquiores
506 1428 596 1454 eum
616 1428 691 1463 res,
718 1429 846 1465 neque
875 1415 954 1454 suis
984 1415 1220 1468 temporibus
1242 1415 1381 1460 factas,
1415 1425 1502 1451 esse
1527 1424 1623 1450 con-

133 1480 353 1515 ·testatum.
409 1477 461 1515 Et
478 1490 549 1515 vos
569 1476 604 1515 ei
622 1476 689 1527 qui
707 1476 788 1530 hoc
803 1488 920 1515 ausus
940 1484 1001 1516 est
1019 1477 1179 1516 creditis
1195 1483 1238 1514 ut
1256 1488 1346 1514 vera
1365 1472 1540 1512 dicenti?

207 1540 272 1577 20.
293 1538 359 1586 At,
375 1539 567 1586 Hercule,
588 1537 638 1577 de
658 1552 699 1577 re
720 1552 740 1577 e
762 1552 833 1577 suo
853 1545 963 1590 patre
983 1538 1118 1576 audita
1137 1544 1379 1577 contestatus
1399 1542 1486 1575 est:
1516 1535 1622 1588 atqui

151 1599 214 1638 lex
231 1607 339 1639 vetat
357 1614 404 1639 ea
422 1615 512 1653 quae
532 1614 554 1639 e
573 1601 727 1640 vivente
757 1601 890 1639 audita
916 1601 1007 1648 sint,
1026 1613 1096 1652 pro
1122 1598 1343 1638 testimonio
1370 1598 1513 1647 dicere,
1532 1611 1622 1650 quae

153 1675 175 1701 e
193 1662 379 1701 defuncto
405 1676 452 1701 ea
480 1663 584 1701 sinit.
641 1662 745 1701 Nam
776 1662 873 1700 illud
900 1662 1015 1701 etiam
1044 1662 1229 1713 cogitate,
1251 1675 1320 1701 cur
1340 1661 1497 1700 tandem
1525 1660 1623 1699 Leo-

152 1730 297 1763 stratus
317 1738 396 1763 non
414 1738 510 1772 sese,
532 1726 601 1764 sed
622 1725 753 1771 istum,
769 1724 1007 1777 inscripserit
1027 1723 1303 1763 contestationi
1319 1723 1481 1761 3—nam
1497 1722 1548 1761 de
1562 1735 1623 1761 re-

151 1788 224 1826 bus
269 1787 546 1839 antiquioribus
579 1795 675 1827 natu
711 1787 896 1839 majorem
933 1787 1143 1826 contestari
1179 1785 1545 1839 oportebat—quod
1591 1784 1624 1823 si

151 1849 318 1889 maxime
339 1849 505 1889 dixerit:
535 1850 638 1889 hunc
657 1850 777 1896 filiurn
796 1849 1001 1888 Archiadae
1021 1849 1218 1901 adoptavi.
1276 1848 1446 1886 Proinde
1472 1853 1525 1896 te,
1555 1860 1623 1899 ge-

150 1918 293 1952 storem
313 1919 354 1951 et
373 1919 567 1952 auctorem
582 1925 725 1959 rerum,
743 1912 956 1950 earundem
977 1912 1093 1950 etiam
1112 1912 1304 1950 rationem
1323 1910 1488 1949 reddere
1508 1922 1623 1961 opor-

152 1977 332 2023 tebat‚-et
349 1990 437 2028 quae
464 1990 601 2028 egeras
619 1984 688 2015 tuo
717 1976 846 2027 egisse
865 1976 1049 2028 periculo,
1072 1975 1230 2014 omnino
1248 1981 1351 2013 certe
1370 1985 1535 2012 neeesse
1551 1979 1623 2011 est.

136 2038 235 2077 >Sed
262 2045 303 2077 et
330 2038 406 2078 hoc
434 2039 584 2090 fugisti,
611 2045 652 2078 et
669 2039 941 2078 contestationi
967 2039 1081 2077 istum
1101 2051 1232 2078 rerum
1251 2037 1424 2076 omnium
1445 2036 1625 2088 ignarum

151 2099 397 2152 inscripsisti.
431 2100 600 2140 Proinde
619 2100 868 2153 perspicuum
886 2101 996 2140 vobis
1017 2107 1089 2147 est,
1103 2100 1280 2147 Judices,
1300 2098 1626 2139 contestationem

154 2174 234 2200 non
254 2175 340 2201 esse
358 2175 504 2211 veram,
525 2162 645 2214 idque
672 2162 737 2202 isti
765 2163 836 2215 ipsi
863 2164 1105 2203 confiteatur.
1165 2163 1269 2207 Quin
1298 2169 1338 2200 et
1362 2161 1459 2199 illud
1472 2161 1625 2212 justum

155 2231 228 2272 est,
250 2237 332 2263 non
355 2224 437 2276 pati
454 2224 706 2264 Leostratum
727 2239 816 2265 mox
835 2225 979 2273 dicere,
1010 2239 1098 2278 quae
1120 2238 1197 2264 non
1226 2225 1300 2264 fuit
1318 2237 1437 2263 ausus
1455 2224 1625 2263 inserere

155 2286 441 2326 contestationi.

209 2349 275 2386 21.
305 2348 442 2400 Neque
468 2361 558 2387 vero
586 2349 710 2388 ullum
738 2363 825 2389 esse
851 2348 1016 2389 actionis
1046 2349 1214 2402 iniquius
1246 2363 1367 2402 genus
1397 2356 1436 2388 et
1466 2355 1628 2401 propter

154 2410 263 2462 quod·
279 2412 403 2463 magis
422 2411 666 2450 irascendum
685 2413 734 2451 sit
751 2413 796 2452 iis
815 2414 883 2465 qui
902 2413 969 2451 illo
984 2419 1147 2452 utuntur
1166 2426 1285 2464 quam
1306 2411 1626 2458 contestationes,

155 2473 246 2512 inde
271 2474 517 2526 potissimum
544 2484 818 2527 cognoscetur.
877 2476 1049 2515 Primum
1082 2477 1317 2515 necessariae
1353 2488 1430 2514 non
1458 2482 1562 2519 sunt,
1584 2480 1629 2512 ut

156 2543 323 2584 caeterae,
339 2538 410 2576 sed
430 2550 453 2576 θ-
470 2538 632 2581 consilio
658 2547 698 2578 et
717 2540 918 2579 voluntate
949 2540 1207 2579 contestantis
1225 2540 1414 2578 oriuntur.
1473 2528 1574 2576 Nam
1595 2537 1627 2575 si

156 2599 420 2638 controversia
437 2612 515 2638 non
537 2600 647 2640 aliter
666 2603 853 2654 explicari
874 2610 1022 2654 posset,
1044 2603 1115 2642 nisi
1144 2602 1432 2648 contestareris,
1462 2601 1627 2639 fortasse

156 2662 369 2701 contestari
388 2676 559 2702 vnecesse
579 2671 710 2703 esset:
740 2665 799 2703 sin
829 2666 945 2704 etiam
973 2665 1056 2704 sine
1083 2665 1362 2704 contestatione
1392 2664 1429 2701 in
1449 2661 1627 2700 omnibus

158 2725 421 2765 conciliabulis
447 2726 614 2778 agendae
646 2740 778 2766 causoe
808 2734 982 2780 potestas
1017 2728 1144 2774 datur,
1164 2740 1295 2766 nonne
1328 2723 1557 2764 temeritatis
1589 2730 1629 2761 et

159 2796 320 2825 summae
347 2788 626 2840 desperationis
654 2798 926 2840 argumentum
961 2797 1022 2829 est
1053 2789 1315 2829 contestatio?
1362 2789 1499 2840 Neque
1525 2786 1628 2825 enim

161 2859 248 2885 eam
265 2847 464 2900 legislator
481 2851 741 2890 necessariam
762 2851 854 2891 fecit
871 2852 1126 2891 adversariis:
1158 2852 1242 2896 sed,
1273 2852 1303 2889 si
1331 2850 1542 2890 contestari
1561 2862 1628 2888 vo-

159 2908 317 2956 luerint,
337 2912 547 2959 concessit,
569 2913 689 2952 veluti
721 2914 950 2966 periclitans
977 2915 1130 2966 ingenia
1158 2921 1198 2953 et
1226 2927 1352 2953 mores
1372 2913 1627 2964 singulorum,

161 2974 397 3024 quantopere
417 2974 528 3014 nobis
548 2975 666 3019 libeat
680 2982 826 3016 temere
846 2976 993 3028 aliquid
1009 2977 1148 3028 agere?
1178 2976 1369 3016 Praeterea
1386 2982 1572 3028 quantum
1591 2975 1629 3012 in
