<?xml version="1.0" encoding="UTF-8"?>
<!DOCTYPE html PUBLIC "-//W3C//DTD XHTML 1.0 Transitional//EN"
    "http://www.w3.org/TR/xhtml1/DTD/xhtml1-transitional.dtd">
<html xmlns="http://www.w3.org/1999/xhtml" xml:lang="en" lang="en">
 <head>
  <title>
</title>
<meta http-equiv="Content-Type" content="text/html;charset=utf-8" />
  <meta name='ocr-system' content='tesseract 3.04.00' />
  <meta name='ocr-capabilities' content='ocr_page ocr_carea ocr_par ocr_line ocrx_word'/>
</head>
<body>
  <div class='ocr_page' id='page_1' title='image "./oratoresatticie16dobs_0174.png"; bbox 0 0 1948 3306; ppageno 0'>
   <div class='ocr_carea' id='block_1_1' title="bbox 327 189 1345 227">
    <p class='ocr_par' dir='ltr' id='par_1_1' title="bbox 327 189 1345 227">
     <span class='ocr_line' id='line_1_1' title="bbox 327 189 1345 227; baseline 0.002 -2"><span class='ocrx_word' id='word_1_1' title='bbox 327 191 403 226; x_wconf 70' lang='lat'>074</span> <span class='ocrx_word' id='word_1_2' title='bbox 783 190 835 225; x_wconf 81' lang='lat' dir='ltr'>IN</span> <span class='ocrx_word' id='word_1_3' title='bbox 868 189 1345 227; x_wconf 55' lang='lat' dir='ltr'>olnsMl’lOlunfflM.</span> 
     </span>
    </p>
   </div>
   <div class='ocr_carea' id='block_1_2' title="bbox 326 292 1793 405">
    <p class='ocr_par' dir='ltr' id='par_1_2' title="bbox 326 292 1793 405">
     <span class='ocr_line' id='line_1_2' title="bbox 327 292 1793 346; baseline 0.003 -18"><span class='ocrx_word' id='word_1_4' title='bbox 327 304 459 329; x_wconf 84' lang='lat' dir='ltr'>omnes</span> <span class='ocrx_word' id='word_1_5' title='bbox 488 303 533 330; x_wconf 87' lang='lat' dir='ltr'>ex</span> <span class='ocrx_word' id='word_1_6' title='bbox 558 292 645 342; x_wconf 83' lang='lat' dir='ltr'>lege</span> <span class='ocrx_word' id='word_1_7' title='bbox 676 293 740 343; x_wconf 88' lang='lat' dir='ltr'>qui</span> <span class='ocrx_word' id='word_1_8' title='bbox 767 292 935 330; x_wconf 89' lang='lat' dir='ltr'>Cononis</span> <span class='ocrx_word' id='word_1_9' title='bbox 957 293 1061 330; x_wconf 76' lang='lat' dir='ltr'>bona</span> <span class='ocrx_word' id='word_1_10' title='bbox 1080 292 1321 331; x_wconf 86' lang='lat' dir='ltr'>obtinebant.</span> <span class='ocrx_word' id='word_1_11' title='bbox 1380 293 1519 333; x_wconf 81' lang='lat' dir='ltr'>Recita</span> <span class='ocrx_word' id='word_1_12' title='bbox 1539 293 1630 332; x_wconf 83' lang='lat' dir='ltr'>mihi</span> <span class='ocrx_word' id='word_1_13' title='bbox 1652 294 1793 346; x_wconf 85' lang='lat' dir='ltr'>legem,</span> 
     </span>
     <span class='ocr_line' id='line_1_3' title="bbox 326 354 842 405; baseline 0.008 -15"><span class='ocrx_word' id='word_1_14' title='bbox 326 368 373 391; x_wconf 76' lang='lat' dir='ltr'>ex</span> <span class='ocrx_word' id='word_1_15' title='bbox 393 367 470 405; x_wconf 80' lang='lat' dir='ltr'>qua</span> <span class='ocrx_word' id='word_1_16' title='bbox 491 354 623 394; x_wconf 87' lang='lat' dir='ltr'>citatio</span> <span class='ocrx_word' id='word_1_17' title='bbox 644 354 749 393; x_wconf 85' lang='lat' dir='ltr'>facta</span> <span class='ocrx_word' id='word_1_18' title='bbox 769 362 842 395; x_wconf 80' lang='lat' dir='ltr'>est,</span> 
     </span>
    </p>
   </div>
   <div class='ocr_carea' id='block_1_3' title="bbox 1011 483 1126 520">
    <p class='ocr_par' dir='ltr' id='par_1_3' title="bbox 1011 483 1126 520">
     <span class='ocr_line' id='line_1_4' title="bbox 1011 483 1126 520; baseline 0 0"><span class='ocrx_word' id='word_1_19' title='bbox 1011 483 1126 520; x_wconf 90' lang='lat' dir='ltr'><strong>LEX.</strong></span> 
     </span>
    </p>
   </div>
   <div class='ocr_carea' id='block_1_4' title="bbox 325 578 1828 1682">
    <p class='ocr_par' dir='ltr' id='par_1_4' title="bbox 325 578 1828 1682">
     <span class='ocr_line' id='line_1_5' title="bbox 331 578 1828 640; baseline 0.001 -25"><span class='ocrx_word' id='word_1_20' title='bbox 331 578 389 616; x_wconf 85' lang='lat' dir='ltr'>Ex</span> <span class='ocrx_word' id='word_1_21' title='bbox 409 578 481 618; x_wconf 83' lang='lat' dir='ltr'>hac</span> <span class='ocrx_word' id='word_1_22' title='bbox 501 579 603 631; x_wconf 83' lang='lat' dir='ltr'>lege,</span> <span class='ocrx_word' id='word_1_23' title='bbox 623 581 799 627; x_wconf 84' lang='lat' dir='ltr'>Judices,</span> <span class='ocrx_word' id='word_1_24' title='bbox 820 580 951 619; x_wconf 85' lang='lat' dir='ltr'>citatio</span> <span class='ocrx_word' id='word_1_25' title='bbox 973 581 1077 619; x_wconf 86' lang='lat' dir='ltr'>facta</span> <span class='ocrx_word' id='word_1_26' title='bbox 1100 586 1172 626; x_wconf 91' lang='lat' dir='ltr'>est,</span> <span class='ocrx_word' id='word_1_27' title='bbox 1199 586 1240 617; x_wconf 89' lang='lat' dir='ltr'>et</span> <span class='ocrx_word' id='word_1_28' title='bbox 1270 579 1443 618; x_wconf 79' lang='lat' dir='ltr'>actiones</span> <span class='ocrx_word' id='word_1_29' title='bbox 1474 579 1659 618; x_wconf 81' lang='lat' dir='ltr'>institutae</span> <span class='ocrx_word' id='word_1_30' title='bbox 1683 586 1798 631; x_wconf 83' lang='lat' dir='ltr'>prout</span> <span class='ocrx_word' id='word_1_31' title='bbox 1823 630 1828 640; x_wconf 57' lang='lat'>„</span> 
     </span>
     <span class='ocr_line' id='line_1_6' title="bbox 329 640 1797 693; baseline 0.001 -16"><span class='ocrx_word' id='word_1_32' title='bbox 329 640 610 692; x_wconf 85' lang='lat' dir='ltr'>Olympiodoro</span> <span class='ocrx_word' id='word_1_33' title='bbox 632 643 758 680; x_wconf 91' lang='lat' dir='ltr'>visum</span> <span class='ocrx_word' id='word_1_34' title='bbox 780 643 865 680; x_wconf 90' lang='lat' dir='ltr'>fuit.</span> <span class='ocrx_word' id='word_1_35' title='bbox 925 643 1069 680; x_wconf 81' lang='lat' dir='ltr'>Postea</span> <span class='ocrx_word' id='word_1_36' title='bbox 1100 648 1239 693; x_wconf 87' lang='lat' dir='ltr'>praetor</span> <span class='ocrx_word' id='word_1_37' title='bbox 1264 641 1302 678; x_wconf 91' lang='lat' dir='ltr'>in</span> <span class='ocrx_word' id='word_1_38' title='bbox 1323 654 1458 679; x_wconf 84' lang='lat' dir='ltr'>omnes</span> <span class='ocrx_word' id='word_1_39' title='bbox 1478 641 1719 679; x_wconf 87' lang='lat' dir='ltr'>adversarios</span> <span class='ocrx_word' id='word_1_40' title='bbox 1741 641 1797 678; x_wconf 89' lang='lat' dir='ltr'>in-</span> 
     </span>
     <span class='ocr_line' id='line_1_7' title="bbox 325 701 1798 755; baseline 0.002 -16"><span class='ocrx_word' id='word_1_41' title='bbox 325 702 506 753; x_wconf 89' lang='lat' dir='ltr'>quisivit-;</span> <span class='ocrx_word' id='word_1_42' title='bbox 527 716 648 754; x_wconf 85' lang='lat' dir='ltr'>eaque</span> <span class='ocrx_word' id='word_1_43' title='bbox 666 704 913 755; x_wconf 77' lang='lat' dir='ltr'>inquisitione</span> <span class='ocrx_word' id='word_1_44' title='bbox 935 710 1103 755; x_wconf 87' lang='lat' dir='ltr'>peracta,</span> <span class='ocrx_word' id='word_1_45' title='bbox 1126 702 1282 742; x_wconf 88' lang='lat' dir='ltr'>eosdem</span> <span class='ocrx_word' id='word_1_46' title='bbox 1305 703 1342 740; x_wconf 90' lang='lat' dir='ltr'>in</span> <span class='ocrx_word' id='word_1_47' title='bbox 1357 702 1547 754; x_wconf 87' lang='lat' dir='ltr'>judicium</span> <span class='ocrx_word' id='word_1_48' title='bbox 1569 701 1798 742; x_wconf 82' lang='lat' dir='ltr'>introduxit.</span> 
     </span>
     <span class='ocr_line' id='line_1_8' title="bbox 327 763 1797 821; baseline -0.001 -19"><span class='ocrx_word' id='word_1_49' title='bbox 327 765 428 802; x_wconf 92' lang='lat' dir='ltr'>Cum</span> <span class='ocrx_word' id='word_1_50' title='bbox 455 772 584 803; x_wconf 80' lang='lat' dir='ltr'>autem</span> <span class='ocrx_word' id='word_1_51' title='bbox 607 766 911 818; x_wconf 86' lang='lat' dir='ltr'>Olympiodorus</span> <span class='ocrx_word' id='word_1_52' title='bbox 944 767 1090 821; x_wconf 84' lang='lat' dir='ltr'>primus</span> <span class='ocrx_word' id='word_1_53' title='bbox 1110 772 1257 817; x_wconf 84' lang='lat' dir='ltr'>ageret,</span> <span class='ocrx_word' id='word_1_54' title='bbox 1280 771 1319 803; x_wconf 84' lang='lat' dir='ltr'>et</span> <span class='ocrx_word' id='word_1_55' title='bbox 1337 764 1524 816; x_wconf 89' lang='lat' dir='ltr'>quicquid</span> <span class='ocrx_word' id='word_1_56' title='bbox 1545 771 1628 803; x_wconf 89' lang='lat' dir='ltr'>erat</span> <span class='ocrx_word' id='word_1_57' title='bbox 1647 763 1797 802; x_wconf 81' lang='lat' dir='ltr'>libitum</span> 
     </span>
     <span class='ocr_line' id='line_1_9' title="bbox 327 825 1799 879; baseline -0.001 -16"><span class='ocrx_word' id='word_1_58' title='bbox 327 825 487 872; x_wconf 85' lang='lat' dir='ltr'>diceret,</span> <span class='ocrx_word' id='word_1_59' title='bbox 507 833 547 865; x_wconf 92' lang='lat' dir='ltr'>et</span> <span class='ocrx_word' id='word_1_60' title='bbox 566 828 789 866; x_wconf 86' lang='lat' dir='ltr'>testimonia</span> <span class='ocrx_word' id='word_1_61' title='bbox 807 828 1011 879; x_wconf 85' lang='lat' dir='ltr'>proferret,</span> <span class='ocrx_word' id='word_1_62' title='bbox 1027 834 1142 879; x_wconf 87' lang='lat' dir='ltr'>prout</span> <span class='ocrx_word' id='word_1_63' title='bbox 1159 826 1192 865; x_wconf 94' lang='lat' dir='ltr'>ei</span> <span class='ocrx_word' id='word_1_64' title='bbox 1218 826 1441 864; x_wconf 89' lang='lat' dir='ltr'>consultum</span> <span class='ocrx_word' id='word_1_65' title='bbox 1463 825 1688 864; x_wconf 76' lang='lat' dir='ltr'>videbatur:</span> <span class='ocrx_word' id='word_1_66' title='bbox 1711 837 1799 876; x_wconf 84' lang='lat' dir='ltr'>ego,</span> 
     </span>
     <span class='ocr_line' id='line_1_10' title="bbox 325 886 1797 935; baseline -0.001 -10"><span class='ocrx_word' id='word_1_67' title='bbox 325 887 502 935; x_wconf 83' lang='lat' dir='ltr'>Judices,</span> <span class='ocrx_word' id='word_1_68' title='bbox 535 889 674 927; x_wconf 88' lang='lat' dir='ltr'>tacitus</span> <span class='ocrx_word' id='word_1_69' title='bbox 708 890 892 928; x_wconf 84' lang='lat' dir='ltr'><strong>sedebam</strong></span> <span class='ocrx_word' id='word_1_70' title='bbox 924 890 962 927; x_wconf 91' lang='lat' dir='ltr'>in</span> <span class='ocrx_word' id='word_1_71' title='bbox 997 889 1116 927; x_wconf 82' lang='lat' dir='ltr'>altero</span> <span class='ocrx_word' id='word_1_72' title='bbox 1145 887 1342 925; x_wconf 86' lang='lat' dir='ltr'>subsellio.</span> <span class='ocrx_word' id='word_1_73' title='bbox 1411 887 1473 924; x_wconf 89' lang='lat' dir='ltr'>Ad</span> <span class='ocrx_word' id='word_1_74' title='bbox 1501 886 1606 925; x_wconf 89' lang='lat' dir='ltr'>hunc</span> <span class='ocrx_word' id='word_1_75' title='bbox 1639 886 1797 924; x_wconf 86' lang='lat' dir='ltr'>modum</span> 
     </span>
     <span class='ocr_line' id='line_1_11' title="bbox 325 948 1797 1002; baseline -0.001 -16"><span class='ocrx_word' id='word_1_76' title='bbox 325 948 515 988; x_wconf 87' lang='lat' dir='ltr'>instructa</span> <span class='ocrx_word' id='word_1_77' title='bbox 534 957 573 988; x_wconf 86' lang='lat' dir='ltr'>et</span> <span class='ocrx_word' id='word_1_78' title='bbox 591 958 816 1002; x_wconf 83' lang='lat' dir='ltr'>comparata</span> <span class='ocrx_word' id='word_1_79' title='bbox 835 951 1001 994; x_wconf 87' lang='lat' dir='ltr'>actione,</span> <span class='ocrx_word' id='word_1_80' title='bbox 1021 950 1094 989; x_wconf 91' lang='lat' dir='ltr'>iste</span> <span class='ocrx_word' id='word_1_81' title='bbox 1110 949 1223 988; x_wconf 86' lang='lat' dir='ltr'>facile</span> <span class='ocrx_word' id='word_1_82' title='bbox 1242 948 1348 987; x_wconf 89' lang='lat' dir='ltr'>vicit.</span> <span class='ocrx_word' id='word_1_83' title='bbox 1407 949 1496 993; x_wconf 88' lang='lat' dir='ltr'>Quo</span> <span class='ocrx_word' id='word_1_84' title='bbox 1516 948 1673 993; x_wconf 89' lang='lat' dir='ltr'>victore,</span> <span class='ocrx_word' id='word_1_85' title='bbox 1689 956 1797 986; x_wconf 86' lang='lat' dir='ltr'>voto-</span> 
     </span>
     <span class='ocr_line' id='line_1_12' title="bbox 325 1009 1800 1063; baseline 0.001 -17"><span class='ocrx_word' id='word_1_86' title='bbox 325 1011 606 1048; x_wconf 81' lang='lat' dir='ltr'>rumomnium</span> <span class='ocrx_word' id='word_1_87' title='bbox 640 1012 733 1050; x_wconf 89' lang='lat' dir='ltr'>facti</span> <span class='ocrx_word' id='word_1_88' title='bbox 761 1018 961 1063; x_wconf 86' lang='lat' dir='ltr'>compotes</span> <span class='ocrx_word' id='word_1_89' title='bbox 987 1011 1027 1049; x_wconf 91' lang='lat' dir='ltr'>in</span> <span class='ocrx_word' id='word_1_90' title='bbox 1052 1010 1202 1063; x_wconf 87' lang='lat' dir='ltr'>judicio</span> <span class='ocrx_word' id='word_1_91' title='bbox 1229 1023 1378 1056; x_wconf 86' lang='lat' dir='ltr'>sumus,</span> <span class='ocrx_word' id='word_1_92' title='bbox 1398 1009 1636 1061; x_wconf 87' lang='lat' dir='ltr'>recuperatis</span> <span class='ocrx_word' id='word_1_93' title='bbox 1656 1010 1704 1047; x_wconf 87' lang='lat' dir='ltr'>ab</span> <span class='ocrx_word' id='word_1_94' title='bbox 1725 1009 1800 1047; x_wconf 87' lang='lat' dir='ltr'>isto</span> 
     </span>
     <span class='ocr_line' id='line_1_13' title="bbox 326 1070 1800 1124; baseline 0.001 -17"><span class='ocrx_word' id='word_1_95' title='bbox 326 1070 371 1108; x_wconf 92' lang='lat' dir='ltr'>iis</span> <span class='ocrx_word' id='word_1_96' title='bbox 402 1085 489 1122; x_wconf 83' lang='lat' dir='ltr'>quae</span> <span class='ocrx_word' id='word_1_97' title='bbox 522 1073 733 1112; x_wconf 89' lang='lat' dir='ltr'>adversarii</span> <span class='ocrx_word' id='word_1_98' title='bbox 764 1088 788 1112; x_wconf 91' lang='lat' dir='ltr'>a</span> <span class='ocrx_word' id='word_1_99' title='bbox 814 1074 924 1112; x_wconf 90' lang='lat' dir='ltr'>nobis</span> <span class='ocrx_word' id='word_1_100' title='bbox 946 1074 1214 1112; x_wconf 84' lang='lat' dir='ltr'>abstulerant:</span> <span class='ocrx_word' id='word_1_101' title='bbox 1245 1086 1332 1124; x_wconf 85' lang='lat' dir='ltr'>quae</span> <span class='ocrx_word' id='word_1_102' title='bbox 1353 1086 1443 1111; x_wconf 91' lang='lat' dir='ltr'>cum</span> <span class='ocrx_word' id='word_1_103' title='bbox 1463 1072 1594 1111; x_wconf 85' lang='lat' dir='ltr'>omnia</span> <span class='ocrx_word' id='word_1_104' title='bbox 1614 1085 1692 1110; x_wconf 88' lang='lat' dir='ltr'>una</span> <span class='ocrx_word' id='word_1_105' title='bbox 1711 1085 1800 1110; x_wconf 90' lang='lat' dir='ltr'>cum</span> 
     </span>
     <span class='ocr_line' id='line_1_14' title="bbox 326 1133 1800 1187; baseline 0.001 -17"><span class='ocrx_word' id='word_1_106' title='bbox 326 1133 493 1183; x_wconf 85' lang='lat' dir='ltr'>pecunia</span> <span class='ocrx_word' id='word_1_107' title='bbox 514 1148 629 1184; x_wconf 85' lang='lat' dir='ltr'>quarn</span> <span class='ocrx_word' id='word_1_108' title='bbox 650 1149 674 1173; x_wconf 90' lang='lat' dir='ltr'>a</span> <span class='ocrx_word' id='word_1_109' title='bbox 699 1149 807 1173; x_wconf 84' lang='lat' dir='ltr'>servo</span> <span class='ocrx_word' id='word_1_110' title='bbox 832 1143 1051 1174; x_wconf 81' lang='lat' dir='ltr'>extorserat</span> <span class='ocrx_word' id='word_1_111' title='bbox 1078 1142 1240 1182; x_wconf 82' lang='lat' dir='ltr'>teneret,</span> <span class='ocrx_word' id='word_1_112' title='bbox 1260 1135 1353 1173; x_wconf 88' lang='lat' dir='ltr'>nihil</span> <span class='ocrx_word' id='word_1_113' title='bbox 1388 1148 1545 1187; x_wconf 88' lang='lat' dir='ltr'>prorsus</span> <span class='ocrx_word' id='word_1_114' title='bbox 1569 1134 1669 1185; x_wconf 81' lang='lat' dir='ltr'>aequi</span> <span class='ocrx_word' id='word_1_115' title='bbox 1701 1148 1800 1186; x_wconf 87' lang='lat' dir='ltr'>prae·</span> 
     </span>
     <span class='ocr_line' id='line_1_15' title="bbox 326 1195 1803 1248; baseline 0.002 -17"><span class='ocrx_word' id='word_1_116' title='bbox 326 1200 429 1233; x_wconf 89' lang='lat' dir='ltr'>stare</span> <span class='ocrx_word' id='word_1_117' title='bbox 451 1195 542 1233; x_wconf 83' lang='lat' dir='ltr'>mihi</span> <span class='ocrx_word' id='word_1_118' title='bbox 568 1197 716 1241; x_wconf 91' lang='lat' dir='ltr'>voluit;</span> <span class='ocrx_word' id='word_1_119' title='bbox 748 1198 813 1236; x_wconf 88' lang='lat' dir='ltr'>sed</span> <span class='ocrx_word' id='word_1_120' title='bbox 845 1198 931 1248; x_wconf 88' lang='lat' dir='ltr'>ipse</span> <span class='ocrx_word' id='word_1_121' title='bbox 958 1198 1078 1236; x_wconf 87' lang='lat' dir='ltr'>habet</span> <span class='ocrx_word' id='word_1_122' title='bbox 1101 1197 1242 1242; x_wconf 89' lang='lat' dir='ltr'>omnia,</span> <span class='ocrx_word' id='word_1_123' title='bbox 1264 1197 1440 1248; x_wconf 89' lang='lat' dir='ltr'>quamvis</span> <span class='ocrx_word' id='word_1_124' title='bbox 1459 1204 1498 1236; x_wconf 84' lang='lat' dir='ltr'>et</span> <span class='ocrx_word' id='word_1_125' title='bbox 1515 1197 1630 1235; x_wconf 89' lang='lat' dir='ltr'>fidem</span> <span class='ocrx_word' id='word_1_126' title='bbox 1652 1196 1803 1234; x_wconf 88' lang='lat' dir='ltr'>dederit</span> 
     </span>
     <span class='ocr_line' id='line_1_16' title="bbox 326 1258 1803 1310; baseline 0.001 -17"><span class='ocrx_word' id='word_1_127' title='bbox 326 1261 366 1293; x_wconf 83' lang='lat' dir='ltr'>et</span> <span class='ocrx_word' id='word_1_128' title='bbox 393 1269 435 1294; x_wconf 89' lang='lat' dir='ltr'>se</span> <span class='ocrx_word' id='word_1_129' title='bbox 467 1269 515 1294; x_wconf 87' lang='lat' dir='ltr'>ex</span> <span class='ocrx_word' id='word_1_130' title='bbox 546 1271 661 1309; x_wconf 80' lang='lat' dir='ltr'>aequo</span> <span class='ocrx_word' id='word_1_131' title='bbox 694 1272 847 1297; x_wconf 88' lang='lat' dir='ltr'>mecum</span> <span class='ocrx_word' id='word_1_132' title='bbox 879 1259 1035 1297; x_wconf 90' lang='lat' dir='ltr'>omnino</span> <span class='ocrx_word' id='word_1_133' title='bbox 1061 1258 1271 1297; x_wconf 88' lang='lat' dir='ltr'>divisurum</span> <span class='ocrx_word' id='word_1_134' title='bbox 1298 1259 1500 1310; x_wconf 81' lang='lat' dir='ltr'>pepigerit.</span> <span class='ocrx_word' id='word_1_135' title='bbox 1560 1259 1659 1302; x_wconf 80' lang='lat' dir='ltr'>Quae</span> <span class='ocrx_word' id='word_1_136' title='bbox 1685 1265 1803 1309; x_wconf 84' lang='lat' dir='ltr'>pacta</span> 
     </span>
     <span class='ocr_line' id='line_1_17' title="bbox 327 1317 1801 1372; baseline 0.003 -19"><span class='ocrx_word' id='word_1_137' title='bbox 327 1317 539 1356; x_wconf 85' lang='lat' dir='ltr'>etiamnum</span> <span class='ocrx_word' id='word_1_138' title='bbox 560 1320 669 1371; x_wconf 62' lang='lat' dir='ltr'>apud&gt;</span> <span class='ocrx_word' id='word_1_139' title='bbox 686 1320 965 1359; x_wconf 88' lang='lat' dir='ltr'>Androclidem</span> <span class='ocrx_word' id='word_1_140' title='bbox 986 1321 1060 1358; x_wconf 88' lang='lat' dir='ltr'>sita</span> <span class='ocrx_word' id='word_1_141' title='bbox 1087 1328 1192 1367; x_wconf 86' lang='lat' dir='ltr'>sunt,</span> <span class='ocrx_word' id='word_1_142' title='bbox 1211 1321 1277 1372; x_wconf 92' lang='lat' dir='ltr'>qui</span> <span class='ocrx_word' id='word_1_143' title='bbox 1303 1320 1407 1372; x_wconf 82' lang='lat' dir='ltr'>apud</span> <span class='ocrx_word' id='word_1_144' title='bbox 1427 1334 1494 1359; x_wconf 89' lang='lat' dir='ltr'>vos</span> <span class='ocrx_word' id='word_1_145' title='bbox 1522 1321 1604 1371; x_wconf 88' lang='lat' dir='ltr'>ipse</span> <span class='ocrx_word' id='word_1_146' title='bbox 1628 1319 1801 1358; x_wconf 87' lang='lat' dir='ltr'>testimo-</span> 
     </span>
     <span class='ocr_line' id='line_1_18' title="bbox 327 1378 1802 1433; baseline 0.003 -18"><span class='ocrx_word' id='word_1_147' title='bbox 327 1378 433 1426; x_wconf 84' lang='lat' dir='ltr'>nium</span> <span class='ocrx_word' id='word_1_148' title='bbox 469 1380 579 1420; x_wconf 87' lang='lat' dir='ltr'>dixit.</span> <span class='ocrx_word' id='word_1_149' title='bbox 638 1382 717 1419; x_wconf 87' lang='lat' dir='ltr'>Sed</span> <span class='ocrx_word' id='word_1_150' title='bbox 747 1390 786 1420; x_wconf 89' lang='lat' dir='ltr'>et</span> <span class='ocrx_word' id='word_1_151' title='bbox 815 1383 864 1420; x_wconf 91' lang='lat' dir='ltr'>de</span> <span class='ocrx_word' id='word_1_152' title='bbox 884 1383 1035 1420; x_wconf 84' lang='lat' dir='ltr'>caeteris</span> <span class='ocrx_word' id='word_1_153' title='bbox 1061 1396 1150 1433; x_wconf 86' lang='lat' dir='ltr'>quae</span> <span class='ocrx_word' id='word_1_154' title='bbox 1176 1382 1255 1420; x_wconf 85' lang='lat' dir='ltr'>dixi</span> <span class='ocrx_word' id='word_1_155' title='bbox 1275 1382 1452 1420; x_wconf 86' lang='lat' dir='ltr'>omnibus</span> <span class='ocrx_word' id='word_1_156' title='bbox 1474 1382 1695 1421; x_wconf 74' lang='lat' dir='ltr'>testimonia</span> <span class='ocrx_word' id='word_1_157' title='bbox 1714 1395 1802 1433; x_wconf 90' lang='lat' dir='ltr'>pro-</span> 
     </span>
     <span class='ocr_line' id='line_1_19' title="bbox 327 1440 1802 1496; baseline 0.003 -19"><span class='ocrx_word' id='word_1_158' title='bbox 327 1440 460 1487; x_wconf 83' lang='lat' dir='ltr'>feram,</span> <span class='ocrx_word' id='word_1_159' title='bbox 482 1455 527 1480; x_wconf 89' lang='lat' dir='ltr'>ac</span> <span class='ocrx_word' id='word_1_160' title='bbox 546 1444 710 1493; x_wconf 88' lang='lat' dir='ltr'>primum</span> <span class='ocrx_word' id='word_1_161' title='bbox 732 1445 781 1482; x_wconf 92' lang='lat' dir='ltr'>de</span> <span class='ocrx_word' id='word_1_162' title='bbox 798 1445 864 1482; x_wconf 90' lang='lat' dir='ltr'>illo</span> <span class='ocrx_word' id='word_1_163' title='bbox 883 1445 989 1496; x_wconf 89' lang='lat' dir='ltr'>quod</span> <span class='ocrx_word' id='word_1_164' title='bbox 1010 1446 1058 1483; x_wconf 88' lang='lat' dir='ltr'>ab</span> <span class='ocrx_word' id='word_1_165' title='bbox 1078 1444 1184 1483; x_wconf 88' lang='lat' dir='ltr'>initio</span> <span class='ocrx_word' id='word_1_166' title='bbox 1206 1452 1357 1496; x_wconf 84' lang='lat' dir='ltr'>gestum</span> <span class='ocrx_word' id='word_1_167' title='bbox 1375 1452 1447 1491; x_wconf 87' lang='lat' dir='ltr'>est,</span> <span class='ocrx_word' id='word_1_168' title='bbox 1470 1458 1557 1482; x_wconf 90' lang='lat' dir='ltr'>cum</span> <span class='ocrx_word' id='word_1_169' title='bbox 1578 1458 1651 1496; x_wconf 89' lang='lat' dir='ltr'>ego</span> <span class='ocrx_word' id='word_1_170' title='bbox 1673 1451 1712 1483; x_wconf 93' lang='lat' dir='ltr'>et</span> <span class='ocrx_word' id='word_1_171' title='bbox 1730 1446 1802 1483; x_wconf 86' lang='lat' dir='ltr'>iste</span> 
     </span>
     <span class='ocr_line' id='line_1_20' title="bbox 327 1505 1802 1558; baseline 0.004 -19"><span class='ocrx_word' id='word_1_172' title='bbox 327 1512 528 1555; x_wconf 88' lang='lat' dir='ltr'>nostropte</span> <span class='ocrx_word' id='word_1_173' title='bbox 555 1505 705 1556; x_wconf 89' lang='lat' dir='ltr'>judicio</span> <span class='ocrx_word' id='word_1_174' title='bbox 738 1513 778 1545; x_wconf 87' lang='lat' dir='ltr'>et</span> <span class='ocrx_word' id='word_1_175' title='bbox 811 1507 1007 1546; x_wconf 86' lang='lat' dir='ltr'>sententia</span> <span class='ocrx_word' id='word_1_176' title='bbox 1037 1507 1167 1558; x_wconf 88' lang='lat' dir='ltr'>partiti</span> <span class='ocrx_word' id='word_1_177' title='bbox 1200 1506 1344 1545; x_wconf 85' lang='lat' dir='ltr'>fuimus</span> <span class='ocrx_word' id='word_1_178' title='bbox 1381 1520 1428 1545; x_wconf 89' lang='lat' dir='ltr'>ex</span> <span class='ocrx_word' id='word_1_179' title='bbox 1453 1519 1583 1558; x_wconf 78' lang='lat' dir='ltr'>aequo,</span> <span class='ocrx_word' id='word_1_180' title='bbox 1616 1507 1802 1558; x_wconf 84' lang='lat' dir='ltr'>quicquid</span> 
     </span>
     <span class='ocr_line' id='line_1_21' title="bbox 327 1564 1802 1621; baseline 0.003 -20"><span class='ocrx_word' id='word_1_181' title='bbox 327 1564 618 1604; x_wconf 88' lang='lat' dir='ltr'>manifestarum</span> <span class='ocrx_word' id='word_1_182' title='bbox 649 1567 879 1607; x_wconf 83' lang='lat' dir='ltr'>facultatum</span> <span class='ocrx_word' id='word_1_183' title='bbox 913 1569 1054 1608; x_wconf 90' lang='lat' dir='ltr'>Conon</span> <span class='ocrx_word' id='word_1_184' title='bbox 1093 1569 1323 1620; x_wconf 83' lang='lat' dir='ltr'>reliquisset.</span> <span class='ocrx_word' id='word_1_185' title='bbox 1389 1568 1562 1608; x_wconf 87' lang='lat' dir='ltr'>Primum</span> <span class='ocrx_word' id='word_1_186' title='bbox 1596 1569 1671 1608; x_wconf 92' lang='lat' dir='ltr'>hoc</span> <span class='ocrx_word' id='word_1_187' title='bbox 1705 1582 1802 1621; x_wconf 87' lang='lat' dir='ltr'>cape</span> 
     </span>
     <span class='ocr_line' id='line_1_22' title="bbox 326 1626 1067 1682; baseline 0.009 -20"><span class='ocrx_word' id='word_1_188' title='bbox 326 1626 603 1675; x_wconf 86' lang='lat' dir='ltr'>testimonium,</span> <span class='ocrx_word' id='word_1_189' title='bbox 624 1628 763 1668; x_wconf 87' lang='lat' dir='ltr'>deinde</span> <span class='ocrx_word' id='word_1_190' title='bbox 784 1631 914 1669; x_wconf 87' lang='lat' dir='ltr'>omnia</span> <span class='ocrx_word' id='word_1_191' title='bbox 933 1630 1067 1682; x_wconf 85' lang='lat' dir='ltr'>legito.</span> 
     </span>
    </p>
   </div>
   <div class='ocr_carea' id='block_1_5' title="bbox 858 1783 1264 1823">
    <p class='ocr_par' dir='ltr' id='par_1_5' title="bbox 858 1783 1264 1823">
     <span class='ocr_line' id='line_1_23' title="bbox 858 1783 1264 1823; baseline 0.005 -2"><span class='ocrx_word' id='word_1_192' title='bbox 858 1783 1264 1823; x_wconf 89' lang='lat' dir='ltr'><strong>TESTIMONIUM.</strong></span> 
     </span>
    </p>
   </div>
   <div class='ocr_carea' id='block_1_6' title="bbox 329 1881 1805 1997">
    <p class='ocr_par' dir='ltr' id='par_1_6' title="bbox 329 1881 1805 1997">
     <span class='ocr_line' id='line_1_24' title="bbox 330 1881 1805 1940; baseline 0.005 -22"><span class='ocrx_word' id='word_1_193' title='bbox 330 1882 439 1933; x_wconf 86' lang='lat' dir='ltr'>Cape</span> <span class='ocrx_word' id='word_1_194' title='bbox 465 1890 505 1920; x_wconf 94' lang='lat' dir='ltr'>et</span> <span class='ocrx_word' id='word_1_195' title='bbox 534 1885 866 1934; x_wconf 83' lang='lat' dir='ltr'>provocationem,</span> <span class='ocrx_word' id='word_1_196' title='bbox 886 1900 964 1937; x_wconf 85' lang='lat' dir='ltr'>qua</span> <span class='ocrx_word' id='word_1_197' title='bbox 995 1900 1083 1924; x_wconf 89' lang='lat' dir='ltr'>eum</span> <span class='ocrx_word' id='word_1_198' title='bbox 1117 1887 1325 1938; x_wconf 87' lang='lat' dir='ltr'>provocavi</span> <span class='ocrx_word' id='word_1_199' title='bbox 1357 1887 1405 1925; x_wconf 86' lang='lat' dir='ltr'>de</span> <span class='ocrx_word' id='word_1_200' title='bbox 1435 1881 1616 1934; x_wconf 80' lang='lat' dir='ltr'>nummis,</span> <span class='ocrx_word' id='word_1_201' title='bbox 1640 1902 1736 1940; x_wconf 89' lang='lat' dir='ltr'>quos</span> <span class='ocrx_word' id='word_1_202' title='bbox 1755 1890 1805 1928; x_wconf 87' lang='lat' dir='ltr'>ab</span> 
     </span>
     <span class='ocr_line' id='line_1_25' title="bbox 329 1942 1486 1997; baseline 0.008 -18"><span class='ocrx_word' id='word_1_203' title='bbox 329 1942 483 1981; x_wconf 89' lang='lat' dir='ltr'>homine</span> <span class='ocrx_word' id='word_1_204' title='bbox 503 1944 568 1983; x_wconf 92' lang='lat' dir='ltr'>illo</span> <span class='ocrx_word' id='word_1_205' title='bbox 588 1958 658 1997; x_wconf 88' lang='lat' dir='ltr'>per</span> <span class='ocrx_word' id='word_1_206' title='bbox 677 1947 914 1997; x_wconf 82' lang='lat' dir='ltr'>quaestiones</span> <span class='ocrx_word' id='word_1_207' title='bbox 935 1954 1163 1987; x_wconf 80' lang='lat' dir='ltr'>extorserat.</span> <span class='ocrx_word' id='word_1_208' title='bbox 1484 1947 1486 1949; x_wconf 40' lang='lat'>¹</span> 
     </span>
    </p>
   </div>
   <div class='ocr_carea' id='block_1_7' title="bbox 885 2084 1257 2123">
    <p class='ocr_par' dir='ltr' id='par_1_7' title="bbox 885 2084 1257 2123">
     <span class='ocr_line' id='line_1_26' title="bbox 885 2084 1257 2123; baseline 0.005 -2"><span class='ocrx_word' id='word_1_209' title='bbox 885 2084 1257 2123; x_wconf 89' lang='lat' dir='ltr'><strong>PROVOCATIO.</strong></span> 
     </span>
    </p>
   </div>
   <div class='ocr_carea' id='block_1_8' title="bbox 330 2172 1803 2292">
    <p class='ocr_par' dir='ltr' id='par_1_8' title="bbox 330 2172 1803 2292">
     <span class='ocr_line' id='line_1_27' title="bbox 332 2172 1803 2228; baseline 0.005 -18"><span class='ocrx_word' id='word_1_210' title='bbox 332 2172 437 2224; x_wconf 87' lang='lat' dir='ltr'>Lege</span> <span class='ocrx_word' id='word_1_211' title='bbox 458 2181 498 2212; x_wconf 89' lang='lat' dir='ltr'>et</span> <span class='ocrx_word' id='word_1_212' title='bbox 515 2174 679 2213; x_wconf 89' lang='lat' dir='ltr'>alterum</span> <span class='ocrx_word' id='word_1_213' title='bbox 702 2177 979 2224; x_wconf 88' lang='lat' dir='ltr'>testimonium,</span> <span class='ocrx_word' id='word_1_214' title='bbox 1009 2191 1088 2228; x_wconf 89' lang='lat' dir='ltr'>quo</span> <span class='ocrx_word' id='word_1_215' title='bbox 1115 2179 1336 2217; x_wconf 85' lang='lat' dir='ltr'>declaratur</span> <span class='ocrx_word' id='word_1_216' title='bbox 1368 2178 1608 2217; x_wconf 82' lang='lat' dir='ltr'>adversarios</span> <span class='ocrx_word' id='word_1_217' title='bbox 1635 2187 1803 2226; x_wconf 83' lang='lat' dir='ltr'>nostros,</span> 
     </span>
     <span class='ocr_line' id='line_1_28' title="bbox 330 2232 1803 2292; baseline 0.007 -21"><span class='ocrx_word' id='word_1_218' title='bbox 330 2247 419 2272; x_wconf 80' lang='lat' dir='ltr'>euin</span> <span class='ocrx_word' id='word_1_219' title='bbox 440 2235 706 2275; x_wconf 78' lang='lat' dir='ltr'>haereditatem</span> <span class='ocrx_word' id='word_1_220' title='bbox 735 2239 1005 2286; x_wconf 88' lang='lat' dir='ltr'>obtinuissent,</span> <span class='ocrx_word' id='word_1_221' title='bbox 1027 2232 1234 2279; x_wconf 69' lang='lat' dir='ltr'>abstulisse</span> <span class='ocrx_word' id='word_1_222' title='bbox 1261 2241 1390 2280; x_wconf 89' lang='lat' dir='ltr'>omnia</span> <span class='ocrx_word' id='word_1_223' title='bbox 1417 2255 1506 2292; x_wconf 87' lang='lat' dir='ltr'>quae</span> <span class='ocrx_word' id='word_1_224' title='bbox 1525 2254 1596 2280; x_wconf 91' lang='lat' dir='ltr'>nos</span> <span class='ocrx_word' id='word_1_225' title='bbox 1615 2241 1803 2282; x_wconf 88' lang='lat' dir='ltr'>habuera—</span> 
     </span>
    </p>
   </div>
   <div class='ocr_carea' id='block_1_9' title="bbox 329 2300 1804 2408">
    <p class='ocr_par' dir='ltr' id='par_1_9' title="bbox 329 2300 1804 2408">
     <span class='ocr_line' id='line_1_29' title="bbox 329 2300 1804 2356; baseline 0.007 -23"><span class='ocrx_word' id='word_1_226' title='bbox 329 2309 432 2343; x_wconf 82' lang='lat' dir='ltr'>muS‚</span> <span class='ocrx_word' id='word_1_227' title='bbox 466 2306 606 2348; x_wconf 78' lang='lat' dir='ltr'>praeter</span> <span class='ocrx_word' id='word_1_228' title='bbox 637 2300 842 2350; x_wconf 83' lang='lat' dir='ltr'>pecuniam</span> <span class='ocrx_word' id='word_1_229' title='bbox 875 2315 993 2352; x_wconf 84' lang='lat' dir='ltr'>quam</span> <span class='ocrx_word' id='word_1_230' title='bbox 1029 2303 1331 2355; x_wconf 85' lang='lat' dir='ltr'>Olympiodorus</span> <span class='ocrx_word' id='word_1_231' title='bbox 1368 2305 1416 2342; x_wconf 90' lang='lat' dir='ltr'>ab</span> <span class='ocrx_word' id='word_1_232' title='bbox 1454 2304 1608 2343; x_wconf 90' lang='lat' dir='ltr'>homine</span> <span class='ocrx_word' id='word_1_233' title='bbox 1640 2304 1707 2343; x_wconf 92' lang='lat' dir='ltr'>illo</span> <span class='ocrx_word' id='word_1_234' title='bbox 1734 2318 1804 2356; x_wconf 90' lang='lat' dir='ltr'>per</span> 
     </span>
     <span class='ocr_line' id='line_1_30' title="bbox 332 2366 819 2408; baseline 0.008 -12"><span class='ocrx_word' id='word_1_235' title='bbox 332 2366 569 2408; x_wconf 75' lang='lat' dir='ltr'>quaestiones</span> <span class='ocrx_word' id='word_1_236' title='bbox 590 2368 819 2400; x_wconf 83' lang='lat' dir='ltr'>extorserat.</span> 
     </span>
    </p>
   </div>
   <div class='ocr_carea' id='block_1_10' title="bbox 853 2492 1272 2531">
    <p class='ocr_par' dir='ltr' id='par_1_10' title="bbox 853 2492 1272 2531">
     <span class='ocr_line' id='line_1_31' title="bbox 853 2492 1272 2531; baseline 0.002 -2"><span class='ocrx_word' id='word_1_237' title='bbox 853 2492 1272 2531; x_wconf 88' lang='lat' dir='ltr'><strong>TESTIMONIUM.</strong></span> 
     </span>
    </p>
   </div>
   <div class='ocr_carea' id='block_1_11' title="bbox 334 2581 1806 2950">
    <p class='ocr_par' dir='ltr' id='par_1_11' title="bbox 334 2581 1806 2950">
     <span class='ocr_line' id='line_1_32' title="bbox 335 2581 1804 2641; baseline 0.007 -24"><span class='ocrx_word' id='word_1_238' title='bbox 335 2581 674 2622; x_wconf 83' lang='lat' dir='ltr'>Quemadmodum</span> <span class='ocrx_word' id='word_1_239' title='bbox 695 2584 825 2635; x_wconf 84' lang='lat' dir='ltr'>igitur,</span> <span class='ocrx_word' id='word_1_240' title='bbox 846 2585 1023 2634; x_wconf 82' lang='lat' dir='ltr'>Judices,</span> <span class='ocrx_word' id='word_1_241' title='bbox 1044 2586 1270 2625; x_wconf 76' lang='lat' dir='ltr'>manifestas</span> <span class='ocrx_word' id='word_1_242' title='bbox 1292 2588 1463 2626; x_wconf 90' lang='lat' dir='ltr'>Cononis</span> <span class='ocrx_word' id='word_1_243' title='bbox 1496 2588 1702 2627; x_wconf 84' lang='lat' dir='ltr'>facultates</span> <span class='ocrx_word' id='word_1_244' title='bbox 1730 2603 1804 2641; x_wconf 88' lang='lat' dir='ltr'>ego</span> 
     </span>
     <span class='ocr_line' id='line_1_33' title="bbox 334 2642 1806 2695; baseline 0.007 -16"><span class='ocrx_word' id='word_1_245' title='bbox 334 2649 374 2679; x_wconf 89' lang='lat' dir='ltr'>et</span> <span class='ocrx_word' id='word_1_246' title='bbox 396 2642 700 2695; x_wconf 80' lang='lat' dir='ltr'>olympiodorus</span> <span class='ocrx_word' id='word_1_247' title='bbox 735 2645 993 2695; x_wconf 89' lang='lat' dir='ltr'>diviserimus,</span> <span class='ocrx_word' id='word_1_248' title='bbox 1014 2661 1060 2687; x_wconf 88' lang='lat' dir='ltr'>ex</span> <span class='ocrx_word' id='word_1_249' title='bbox 1094 2649 1268 2687; x_wconf 80' lang='lat' dir='ltr'>oratione</span> <span class='ocrx_word' id='word_1_250' title='bbox 1300 2658 1433 2688; x_wconf 79' lang='lat' dir='ltr'>nostra</span> <span class='ocrx_word' id='word_1_251' title='bbox 1461 2657 1501 2688; x_wconf 87' lang='lat' dir='ltr'>et</span> <span class='ocrx_word' id='word_1_252' title='bbox 1525 2663 1546 2688; x_wconf 90' lang='lat' dir='ltr'>e</span> <span class='ocrx_word' id='word_1_253' title='bbox 1577 2651 1806 2692; x_wconf 86' lang='lat' dir='ltr'>testimoniis</span> 
     </span>
     <span class='ocr_line' id='line_1_34' title="bbox 335 2703 1804 2764; baseline 0.008 -24"><span class='ocrx_word' id='word_1_254' title='bbox 335 2703 551 2752; x_wconf 86' lang='lat' dir='ltr'>audivistis,</span> <span class='ocrx_word' id='word_1_255' title='bbox 572 2706 670 2744; x_wconf 87' lang='lat' dir='ltr'>illud</span> <span class='ocrx_word' id='word_1_256' title='bbox 702 2707 795 2745; x_wconf 89' lang='lat' dir='ltr'>item</span> <span class='ocrx_word' id='word_1_257' title='bbox 828 2710 1080 2760; x_wconf 83' lang='lat' dir='ltr'>cognovistis,</span> <span class='ocrx_word' id='word_1_258' title='bbox 1103 2710 1218 2749; x_wconf 90' lang='lat' dir='ltr'>istum</span> <span class='ocrx_word' id='word_1_259' title='bbox 1246 2712 1455 2762; x_wconf 84' lang='lat' dir='ltr'>pecuniam</span> <span class='ocrx_word' id='word_1_260' title='bbox 1474 2712 1524 2750; x_wconf 85' lang='lat' dir='ltr'>ab</span> <span class='ocrx_word' id='word_1_261' title='bbox 1542 2712 1696 2751; x_wconf 89' lang='lat' dir='ltr'>homine</span> <span class='ocrx_word' id='word_1_262' title='bbox 1723 2714 1804 2764; x_wconf 90' lang='lat' dir='ltr'>illo,</span> 
     </span>
     <span class='ocr_line' id='line_1_35' title="bbox 335 2765 1806 2824; baseline 0.009 -22"><span class='ocrx_word' id='word_1_263' title='bbox 335 2777 489 2804; x_wconf 89' lang='lat' dir='ltr'>servum</span> <span class='ocrx_word' id='word_1_264' title='bbox 511 2765 615 2818; x_wconf 82' lang='lat' dir='ltr'>dico,</span> <span class='ocrx_word' id='word_1_265' title='bbox 635 2769 846 2820; x_wconf 89' lang='lat' dir='ltr'>accepisse,</span> <span class='ocrx_word' id='word_1_266' title='bbox 868 2779 906 2808; x_wconf 87' lang='lat' dir='ltr'>et</span> <span class='ocrx_word' id='word_1_267' title='bbox 931 2771 1174 2810; x_wconf 84' lang='lat' dir='ltr'>adversarios</span> <span class='ocrx_word' id='word_1_268' title='bbox 1195 2786 1442 2824; x_wconf 81' lang='lat' dir='ltr'>quaecunque</span> <span class='ocrx_word' id='word_1_269' title='bbox 1463 2786 1536 2811; x_wconf 90' lang='lat' dir='ltr'>nos</span> <span class='ocrx_word' id='word_1_270' title='bbox 1556 2781 1806 2816; x_wconf 83' lang='lat' dir='ltr'>tenueramus</span> 
     </span>
     <span class='ocr_line' id='line_1_36' title="bbox 335 2829 1805 2889; baseline 0.01 -26"><span class='ocrx_word' id='word_1_271' title='bbox 335 2838 562 2877; x_wconf 83' lang='lat' dir='ltr'>occupasse,</span> <span class='ocrx_word' id='word_1_272' title='bbox 583 2829 709 2868; x_wconf 91' lang='lat' dir='ltr'>donec</span> <span class='ocrx_word' id='word_1_273' title='bbox 727 2832 798 2869; x_wconf 88' lang='lat' dir='ltr'>iste</span> <span class='ocrx_word' id='word_1_274' title='bbox 817 2845 950 2870; x_wconf 88' lang='lat' dir='ltr'>rursus</span> <span class='ocrx_word' id='word_1_275' title='bbox 970 2833 1062 2872; x_wconf 87' lang='lat' dir='ltr'>vicit</span> <span class='ocrx_word' id='word_1_276' title='bbox 1091 2834 1130 2871; x_wconf 89' lang='lat' dir='ltr'>in</span> <span class='ocrx_word' id='word_1_277' title='bbox 1151 2834 1327 2885; x_wconf 87' lang='lat' dir='ltr'>judicio:</span> <span class='ocrx_word' id='word_1_278' title='bbox 1357 2835 1451 2887; x_wconf 87' lang='lat' dir='ltr'>quid</span> <span class='ocrx_word' id='word_1_279' title='bbox 1479 2849 1568 2875; x_wconf 86' lang='lat' dir='ltr'>vero</span> <span class='ocrx_word' id='word_1_280' title='bbox 1586 2845 1805 2889; x_wconf 86' lang='lat' dir='ltr'>praetextat,</span> 
     </span>
     <span class='ocr_line' id='line_1_37' title="bbox 336 2890 1804 2950; baseline 0.011 -26"><span class='ocrx_word' id='word_1_281' title='bbox 336 2900 402 2926; x_wconf 89' lang='lat' dir='ltr'>eur</span> <span class='ocrx_word' id='word_1_282' title='bbox 431 2890 522 2928; x_wconf 87' lang='lat' dir='ltr'>mihi</span> <span class='ocrx_word' id='word_1_283' title='bbox 559 2891 652 2930; x_wconf 89' lang='lat' dir='ltr'>nihil</span> <span class='ocrx_word' id='word_1_284' title='bbox 684 2892 847 2933; x_wconf 87' lang='lat' dir='ltr'>reddere</span> <span class='ocrx_word' id='word_1_285' title='bbox 871 2907 997 2946; x_wconf 87' lang='lat' dir='ltr'>neque</span> <span class='ocrx_word' id='word_1_286' title='bbox 1023 2895 1122 2947; x_wconf 78' lang='lat' dir='ltr'>aequi</span> <span class='ocrx_word' id='word_1_287' title='bbox 1149 2896 1357 2947; x_wconf 81' lang='lat' dir='ltr'>quicquam</span> <span class='ocrx_word' id='word_1_288' title='bbox 1389 2905 1574 2950; x_wconf 78' lang='lat' dir='ltr'>praestare</span> <span class='ocrx_word' id='word_1_289' title='bbox 1605 2900 1712 2947; x_wconf 88' lang='lat' dir='ltr'>velit,</span> <span class='ocrx_word' id='word_1_290' title='bbox 1744 2902 1804 2945; x_wconf 88' lang='lat' dir='ltr'>his</span> 
     </span>
    </p>
   </div>
  </div>
 </body>
</html>
