1915 3356
476 231 479 233 -
503 200 795 241 ADVERSUS
826 197 1167 236 EUBULIDEM.
1482 195 1562 230 743

102 312 288 345 >nostrum
307 305 476 356 quinque
505 313 543 343 et
576 304 732 356 triginta
763 302 886 341 stadia
915 302 1031 340 distet
1057 302 1104 339 ab
1136 302 1242 346 urbe,
1262 306 1301 338 et
1326 299 1378 338 ibi
1409 297 1560 350 plurimi

114 367 296 413 habitent,
327 367 496 419 plerique
527 367 709 411 abierant,
739 371 778 402 et
810 363 946 415 reliqui
975 370 1082 401 erant
1120 376 1197 400 non
1227 362 1356 412 plures
1382 360 1562 411 triginta:

104 429 151 467 -in
184 429 323 480 quibus
356 437 465 467 erant
496 441 628 466 omnes
657 428 694 472 ii,
723 439 820 477 quos
847 426 916 463 iste
948 425 1190 463 subornarat.
1248 423 1302 461 Ut
1335 431 1463 460 autem
1493 434 1563 459 no-

114 503 200 528 men
232 504 356 529 meum
384 491 539 528 citatum
561 489 643 533 fuit,
665 488 845 525 exsiliens
879 488 962 532 iste,
984 487 1109 524 statim
1135 486 1172 523 in
1202 498 1262 522 me
1296 484 1415 521 multa
1445 483 1564 521 male-

113 551 219 590 dicta
239 553 485 604 congerebat,
507 560 545 589 et
566 563 702 600 inagna
723 562 828 594 voce,
851 558 894 586 ut
919 562 1022 586 nunc
1044 548 1172 593 etiam,
1193 554 1291 584 teste
1313 559 1466 583 suarum
1493 544 1565 583 cri-

113 613 364 652 minationum
385 613 504 658 nullo,
525 625 648 662 neque
666 625 714 649 ex
737 611 1008 662 municipibus,
1026 624 1151 662 neque
1172 623 1221 647 ex
1243 608 1396 660 reliquis
1419 608 1563 645 civibus

113 676 315 726 producto,
335 676 562 713 hortabatur
594 673 815 724 populares,
836 681 879 710 ut
911 687 971 710 me
1006 672 1286 724 improbarent.⁴
1337 669 1565 707 Postulante

107 745 238 774 autem
261 749 335 785 me,
352 743 395 773 ut
413 735 450 774 in
471 744 666 787 posterum
689 735 790 773 diem
807 734 989 778 differret,
1011 742 1166 786 propter
1181 743 1218 771 et
1241 741 1401 784 tempus,
1424 740 1461 770 et
1477 730 1567 769 soli-

113 799 283 837 tudinem
312 812 447 842 meam,
468 808 506 837 et
527 812 657 837 casum
679 812 724 836 ex
746 798 950 849 improviso
970 797 1155 842 oblatum,
1180 803 1221 833 ut
1240 804 1278 833 et
1303 794 1376 846 ipsi
1395 794 1566 839 crimina,

112 873 228 911 quam
251 860 370 914 multa
389 861 518 906 vellet,
549 860 717 911 adjicere
738 859 884 903 liceret,
905 867 944 897 et
963 866 1095 905 testes,
1116 859 1145 896 si
1166 871 1263 908 quos
1283 856 1455 898 haberet,
1479 868 1566 906 pro-

112 921 268 969 ducere,
287 930 326 960 et
344 922 434 960 mihi
453 929 625 974 potestas
646 921 801 959 daretur
822 934 951 959 causae
971 920 1147 958 ‹licendae
1168 918 1271 970 apud
1293 931 1424 955 omnes
1442 916 1565 955 muni-

112 984 231 1036 cipes,
260 993 300 1023 et
317 993 505 1036 cognatos
536 997 643 1022 meos
671 990 790 1022 testes
821 983 1075 1034 producendi,
1095 982 1302 1034 pollicente
1334 981 1437 1024 item,
1459 978 1566 1030 quic-

110 1046 205 1096 quid
219 1046 273 1084 illi
294 1046 569 1091 decrevissent,
587 1045 625 1083 id
646 1058 705 1082 me
726 1053 848 1082 ratum
863 1044 1081 1098 habiturum
1101 1057 1110 1087 ;
1142 1043 1225 1088 iste,
1243 1055 1329 1093 quae
1345 1054 1417 1092 ego
1431 1039 1565 1078 offere-

110 1108 214 1154 bam,
239 1108 463 1159 negligebat
493 1107 630 1153 omnia,
651 1107 855 1157 statimque
876 1106 1069 1144 calculum
1100 1104 1145 1143 iis
1173 1105 1293 1142 dabat
1313 1102 1378 1154 qui
1407 1103 1569 1141 aderant

110 1181 158 1207 ex
179 1170 445 1220 municipibus,
468 1182 590 1220 neque
610 1168 700 1206 mihi
733 1168 967 1206 defendendi
990 1174 1182 1218 potestate
1212 1167 1327 1210 facta,
1347 1178 1471 1216 neque
1491 1165 1570 1203 ulla

110 1237 216 1268 certa
234 1230 479 1282 inquisitione
499 1230 645 1269 habita.
704 1229 819 1267 Istius
850 1237 978 1267 autem
1011 1228 1188 1278 gregales
1217 1235 1255 1265 et
1286 1227 1474 1278 conjurati
1502 1240 1569 1265 ex-

109 1289 280 1331 silientes
301 1291 485 1343 suffragia
504 1293 692 1330 ferebant.
749 1291 909 1329 Etcum
944 1292 1115 1330 tenebrae
1142 1298 1287 1336 essent,
1313 1291 1462 1328 illorum
1492 1290 1569 1328 sin-

109 1354 190 1405 guli
212 1354 258 1393 ab
278 1354 352 1404 isto
373 1354 482 1392 binos
504 1362 542 1392 et
561 1361 689 1392 ternos
710 1353 882 1391 calculos
903 1362 1088 1405 acceptos
1110 1354 1145 1391 in
1169 1353 1370 1392 vasculum
1391 1351 1570 1404 conjece-

109 1424 210 1454 runt.
267 1417 510 1467 Argumento
541 1423 612 1461 est,
646 1415 751 1466 quod
783 1415 848 1466 qui
880 1415 1065 1466 suffragia
1096 1416 1231 1461 tulere,
1253 1416 1384 1467 plures
1415 1414 1572 1466 triginta

110 1490 187 1516 non
220 1477 397 1516 fuerunt:
427 1478 567 1516 calculi
602 1485 730 1515 autem
762 1478 949 1516 numerati
972 1486 1062 1516 sunt
1092 1478 1258 1529 amplius
1291 1477 1506 1529 sexaginta,
1527 1484 1571 1514 ut

111 1552 181 1577 nos
202 1552 337 1577 omnes
357 1540 733 1590 obstupesceremus.
776 1539 840 1576 ‘Et
862 1539 946 1577 haec
966 1553 1057 1578 vere
1078 1553 1100 1578 a
1120 1552 1180 1577 me
1201 1540 1290 1586 dici,
1320 1548 1359 1578 et
1389 1538 1571 1590 suffragia

109 1615 233 1653 neque
246 1603 325 1641 lata
342 1616 428 1641 esse
444 1602 702 1654 praesentibus
719 1602 909 1647 omnibus,
926 1610 966 1641 et
984 1603 1112 1655 plures
1132 1603 1252 1642 fuisse
1270 1604 1442 1642 calculos
1456 1616 1572 1654 quam

108 1664 396 1716 suffragatores,
426 1672 544 1704 testes
565 1664 673 1703 vobis
703 1665 928 1716 producam.
988 1666 1038 1704 Et
1064 1666 1327 1717 quoniam'sic
1356 1666 1509 1713 accidit,
1529 1672 1572 1704 ut

108 1727 200 1765 mihi
229 1727 266 1765 in
293 1727 353 1766 his
372 1728 580 1766 amicorum
604 1727 813 1765 aliorumve
835 1728 1127 1766 Atheniensium
1149 1728 1256 1768 testis
1277 1741 1388 1767 nemo
1408 1728 1571 1775 affuerit,

107 1795 188 1826 tum
210 1796 365 1840 propter
385 1789 460 1827 diei
481 1797 647 1841 tempus,
675 1796 755 1826 tum
779 1788 883 1840 quod
907 1791 1098 1828 neminem
1127 1790 1370 1836 advocarem,
1400 1790 1444 1829 iis
1464 1791 1570 1842 ipsis,

107 1849 172 1900 qui
193 1863 252 1889 me
273 1850 463 1896 laeserunt,
484 1857 568 1889 utar
597 1849 788 1888 testibus:
818 1850 956 1901 quibus
984 1865 1030 1890 ea
1059 1852 1194 1903 scripsi
1224 1866 1311 1904 quae
1340 1852 1487 1891 inficias
1514 1853 1568 1891 ire

110 1924 188 1950 non
205 1918 401 1963 poterunt.
460 1912 610 1951 Recita.

625 2060 1042 2100 TESTIMONIUM.

110 2151 226 2195 Quod
254 2150 298 2197 si,
316 2151 490 2199 Judices,
509 2153 719 2193 Halimusii
748 2154 816 2192 illo
848 2154 909 2193 die
940 2154 1125 2206 suffragia
1159 2156 1208 2194 de
1240 2157 1416 2194 omnibus
1443 2155 1569 2195 muni-

106 2211 256 2264 cipibus
276 2213 464 2260 tulissent,
485 2223 788 2254 consentaneum
816 2216 967 2262 fuisset,
988 2228 1055 2254 eos
1088 2229 1209 2266 usque
1238 2216 1275 2254 in
1306 2224 1457 2254 noctem
1487 2216 1568 2255 suf-

107 2274 229 2326 fragia
245 2274 356 2322 ferre,
377 2283 420 2314 ut
440 2289 478 2314 re
498 2277 692 2324 confecta,
711 2285 961 2328 vestrumque
981 2277 1179 2316 decretum
1200 2278 1371 2316 exsecuti
1393 2278 1567 2317 abirent:

106 2348 193 2376 cum
213 2343 344 2386 autem
365 2338 531 2390 amplius
551 2339 685 2390 viginti
715 2339 851 2391 reliqui
871 2346 1002 2378 essent
1022 2353 1042 2378 e
1064 2340 1332 2392 municipibus,
1354 2340 1402 2379 de
1427 2342 1567 2392 quibus

106 2399 291 2451 postridie
311 2400 495 2453 suffragia
515 2401 677 2440 ferenda
695 2409 820 2447 erant,
840 2409 880 2441 et
898 2402 1144 2441 nihilominus
1165 2416 1326 2441 necesse
1351 2410 1456 2441 esset
1483 2416 1567 2441 mu·

108 2459 254 2512 nicipes
289 2462 508 2508 convenire,
541 2463 635 2514 quid
668 2463 806 2503 fuisset
839 2465 1077 2503 incommodi
1108 2464 1330 2510 Eubulidae‚
1357 2464 1509 2504 differre
1529 2465 1567 2503 in

106 2521 206 2562 diem
227 2531 436 2575 posterum,
450 2532 490 2564 et
510 2525 560 2564 de
580 2538 640 2564 me
660 2525 783 2578 primo
805 2526 1056 2578 popularibus
1077 2527 1171 2566 dare
1191 2526 1444 2578 suffragium?
1475 2527 1568 2565 Pro·

106 2589 256 2634 pterea,
275 2585 452 2632 Judices,
477 2587 583 2637 quod
603 2586 814 2626 Eubulides
843 2601 918 2627 non
947 2588 1166 2640 ignorabat,
1195 2589 1228 2628 si
1252 2589 1342 2628 mihi
1360 2603 1490 2628 causae
1509 2589 1566 2628 di-

106 2645 242 2685 cendae
262 2653 438 2698 potestas
457 2648 578 2695 fieret,
591 2655 630 2687 et
644 2648 853 2701 populares
869 2663 1004 2689 omnes
1024 2658 1166 2702 praesto
1180 2657 1326 2697 essent,
1343 2658 1382 2690 et
1394 2651 1567 2690 calculus

102 2704 211 2756 juste
229 2708 399 2755 daretur,
420 2722 512 2748 suos
535 2710 713 2761 gregales
734 2711 828 2749 nihil
850 2725 936 2750 esse
958 2712 1155 2752 valituros.

124 2769 199 2814 ..6·
229 2769 347 2816 Unde
379 2779 508 2810 autem
540 2773 613 2810 ista
645 2773 879 2825 conspiratio
910 2773 961 2812 sit
991 2781 1088 2820 orta,
1109 2788 1197 2813 cum
1228 2776 1278 2813 de
1311 2788 1452 2826 genere
1482 2789 1567 2815 meo

107 2827 251 2878 dixero,
271 2838 351 2869 tum
372 2832 403 2870 si
422 2832 558 2872 voletis
577 2846 792 2886 exponam:
824 2848 928 2872 nunc
949 2843 1076 2874 autem
1102 2837 1193 2887 quid
1210 2838 1359 2889 justum
1389 2851 1474 2876 esse
1497 2851 1566 2876 ex-

106 2889 245 2937 istimo.
265 2899 305 2931 et
328 2893 422 2944 quid
442 2894 570 2934 facere
600 2909 684 2934 sum
711 2904 879 2948 paratus,
896 2897 1083 2936 Judices?
1124 2897 1341 2936 Ostendam
1361 2900 1483 2944 vobis,
1506 2913 1567 2939 me

105 2963 191 2992 esse
210 2954 487 2995 Atheniensem
516 2965 555 2995 et
586 2970 610 2995 a
636 2966 743 3009 patre
774 2966 813 2995 et
834 2971 857 2996 a
885 2965 1016 3004 matre,
1046 2959 1219 3010 et-hujus
1241 2960 1294 2998 rei
1318 2967 1450 3009 testes,
1468 2974 1566 3012 quos
