1948 3306
266 151 339 189 102
731 154 786 191 IN
818 153 1264 193 CTESIPHONTEM.

260 254 379 305 Atqui
409 255 654 294 timiditatem
686 259 891 297 oratoriam
923 260 1016 310 reip.
1046 266 1221 310 tempora
1246 271 1323 297 non
1353 266 1591 310 exspectant.
1649 260 1728 298 Sed

258 323 465 367 postquam
486 318 629 356 Darius
658 333 746 357 cum
776 321 954 359 universo
984 322 1158 359 exercitu
1192 321 1473 366 descendisset,
1508 322 1730 360 Alexander

262 384 390 415 autem
412 378 450 416 in
472 379 607 417 Cilicia
629 380 963 430 intercluderetur,
985 397 1108 420 rerum
1129 383 1300 421 omnium
1320 383 1462 434 inopia,
1481 389 1524 420 ut
1541 382 1626 434 ipse
1644 390 1726 420 tum

257 438 402 485 dixisti,
431 439 624 488 laborans,
644 455 730 480 cum
752 443 859 480 illum
881 444 1080 490 continuo,
1102 451 1143 481 ut
1165 451 1232 482 tua
1251 444 1395 495 pariter
1420 444 1569 482 ferebat
1591 444 1726 490 oratio,

258 500 438 539 Persicus
471 503 665 553 equitatus
706 505 1007 543 conculcaturus
1049 514 1163 551 esset,
1198 506 1357 558 jamque
1395 506 1725 557 importunitatem

255 569 361 600 tuam
379 564 515 602 civitas
531 577 668 617 capere
685 580 759 604 non
777 573 929 618 poterat
944 574 982 606 et
997 567 1178 618 epistolas
1188 574 1289 614 tuas,
1305 580 1402 618 quas
1417 567 1546 618 digitis
1563 580 1726 618 suspen-

256 636 319 661 sas
336 625 650 673 circumferebas,
676 628 872 666 nonnullis
895 642 937 667 os
959 642 1086 666 meum
1109 637 1294 679 tanquam
1309 629 1475 668 hominis
1494 628 1660 680 perculsi
1687 634 1727 666 et

254 687 463 725 exanimati
484 690 710 736 ostendens,
729 703 817 727 cum
840 703 900 728 me
923 690 1067 728 auratis
1084 691 1264 728 cornibus
1285 692 1435 728 hostiam
1456 690 1727 741 nuncupabas,

254 755 305 795 et,
327 749 454 799 siquid
469 750 662 788 laberetur
678 751 1004 801 Alexande1·,Jam
1019 759 1248 790 coronatum
1270 766 1359 790 esse
1382 753 1553 795 dicebas,
1575 765 1622 790 ne
1643 757 1725 789 tum

252 810 407 860 quidem
424 811 537 861 egisti
558 812 782 863 quicquam,
798 814 867 851 sed
883 827 961 852 rem
977 815 1013 851 in
1032 814 1136 852 aliud
1158 821 1313 865 tempus
1329 813 1461 852 nescio
1481 813 1587 864 quod
1602 812 1723 864 magis

251 872 499 909 commodum
516 873 713 912 distulisti.
756 874 827 912 His
844 875 961 926 igitur
980 876 1156 914 omnibus
1174 875 1458 927 praetermissiS‚
1475 875 1523 912 de
1538 875 1583 912 iis
1599 874 1726 911 dicam

251 935 366 971 rebus
386 947 473 984 quae
492 947 597 971 nunc
615 942 719 972 sunt.
768 936 1052 974 Lacedaemonii
1073 944 1112 975 et
1128 938 1316 975 exercitus
1335 943 1518 975 externus
1552 935 1726 973 secundo

253 995 380 1033 Marte
403 1003 640 1046 pugnarant,
665 997 885 1048 militesque
918 998 1111 1049 Corrhagi
1132 998 1382 1036 deleverant:
1416 997 1510 1035 Elaei
1529 1011 1607 1034 una
1635 1010 1725 1035 cum

250 1055 294 1093 iis
324 1070 345 1092 α
366 1055 625 1101 ZiIaceslom‘hus
647 1058 896 1097 defecerant:
935 1059 1068 1096 Achaei
1088 1067 1278 1111 praeterea
1304 1072 1440 1097 ornnes
1461 1066 1604 1110 praeter
1634 1058 1725 1097 Pel-

250 1117 391 1156 lenaeos
409 1131 418 1155 :
449 1118 618 1157 Arcadia
636 1120 759 1157 omnis
783 1128 920 1171 praeter
942 1121 1218 1172 Megalopolim
1238 1135 1246 1165 ;
1276 1121 1362 1173 ipsa
1377 1127 1506 1158 autem
1523 1119 1725 1158 obsidione

250 1191 387 1229 pressa
415 1186 508 1227 erat,
529 1187 566 1217 et
597 1180 644 1218 de
681 1180 742 1218 die
770 1180 810 1218 in
833 1181 936 1219 diem
966 1182 1053 1233 capi
1083 1183 1334 1233 sperabatur:
1364 1181 1587 1220 Alexander
1615 1188 1727 1220 extra

250 1242 535 1293 septentriones
557 1250 596 1281 et
615 1245 747 1282 orbem
767 1257 865 1294 pene
886 1251 1073 1282 terrarum
1093 1245 1341 1283 habitabilem
1364 1251 1611 1283 excesserat:
1642 1246 1725 1283 An-

250 1305 390 1355 tipater
410 1304 573 1342 multum
591 1305 671 1356 jam
693 1306 878 1357 temporis
900 1307 937 1343 in
960 1307 1224 1358 comparando
1238 1307 1411 1345 exercitu
1432 1315 1723 1345 consumserat:

217 1412 226 1417 λ
248 1366 342 1417 quid
362 1367 533 1404 futurum
564 1374 685 1412 esset,
715 1367 903 1405 incertum
926 1374 1019 1406 erat.
1070 1368 1145 1406 Hic
1175 1375 1217 1405 tu
1245 1368 1356 1406 nobis
1377 1368 1556 1418 ostende,
1579 1368 1724 1406 Demo-

250 1422 437 1479 sthenes,
454 1441 542 1478 quae
575 1428 758 1478 gesseriS,
788 1442 924 1478 quaeve
955 1429 1117 1474 dixeris;
1149 1430 1254 1480 quod
1285 1430 1315 1466 si
1349 1429 1458 1475 velis,
1489 1429 1627 1468 cedam
1655 1430 1725 1468 tibi

249 1495 453 1540 suggestu,
478 1490 608 1540 quoad
642 1489 797 1527 dicendi
819 1490 934 1529 finem
967 1491 1119 1529 feceris.
1170 1491 1249 1528 Sed
1270 1492 1453 1542 quoniam
1474 1485 1600 1539 taces,
1630 1505 1724 1530 sane

248 1550 316 1587 tibi
335 1551 439 1601 quod
455 1551 611 1588 haesites
627 1551 787 1602 ignosco
806 1565 814 1590 z
836 1565 924 1603 quae
940 1566 1032 1590 vero
1046 1559 1128 1590 turn
1143 1553 1287 1599 dixisti,
1301 1566 1375 1604 ego
1391 1567 1497 1592 nunc
1514 1566 1723 1604 exponam.

304 1614 370 1650 53.
406 1612 694 1651 Excideruntne
714 1614 824 1651 vobis
846 1627 867 1651 e
898 1615 1082 1652 memoria
1107 1615 1227 1653 verba
1257 1615 1321 1653 illa
1348 1614 1496 1662 odiosa,
1525 1615 1722 1661 immania,

248 1688 336 1725 quae
355 1687 425 1713 vos
445 1674 550 1721 olim,
570 1687 593 1711 ο
624 1675 750 1721 ferrei,
785 1689 862 1726 quo
894 1683 1009 1727 pacto
1042 1676 1177 1714 audire
1215 1675 1483 1714 sustinuistis?
1514 1677 1614 1714 Cum
1653 1690 1724 1727 pro

247 1736 436 1775 concione
474 1737 559 1774 haec
598 1736 780 1783 effutiret,
821 1738 1109 1777 civitatem
1158 1751 1259 1776 non
1276 1738 1417 1775 nulli
1469 1735 1631 1789 tanqu
1650 1751 1723 1776 am

248 1798 411 1836 vitem
458 1805 752 1849 amputant,
790 1799 986 1851 populi
1032 1799 1282 1851 palmites
1326 1799 1543 1850 quidam
1581 1813 1722 1838 rese-

248 1868 492 1906 cuerunt,
549 1873 721 1898 rerum
791 1861 946 1900 nervi
1001 1861 1383 1906 succiduntur,
1434 1868 1722 1899 storearum

245 1922 413 1960 instar
461 1922 512 1958 in
566 1928 844 1972 angustum
903 1923 1150 1972 cogimur,
1202 1922 1420 1973 quidam
1469 1922 1721 1973 podicem

247 1983 410 2034 quasi
445 1983 757 2033 mugilibus
789 1990 909 2021 tran
929 1983 1197 2022 sfodiunt.
1257 1984 1448 2022 Haeccine
1467 1996 1573 2032 vero,
1596 1984 1722 2022 obel-

246 2045 325 2092 lua,
351 2045 470 2082 verba
496 2052 587 2082 sunt
616 2058 664 2082 an
694 2044 899 2096 portenta?
934 2045 1038 2087 Quid
1066 2058 1152 2082 cum
1186 2045 1225 2082 in
1256 2051 1446 2096 suggestu
1468 2051 1505 2083 te
1527 2045 1566 2082 in
1587 2046 1720 2083 orbem

244 2107 514 2157 circumagens
540 2106 767 2144 clamitabas
803 2113 988 2158 tanquam
1015 2106 1241 2145 Alexandro
1261 2107 1505 2154 adversatus,
1540 2107 1591 2146 fa
1605 2114 1621 2145 t
1635 2120 1656 2145 e
1669 2121 1692 2146 0
1707 2122 1725 2146 r

245 2181 320 2206 me
351 2168 688 2206 Laconicam
726 2168 1176 2220 conjurationem
1214 2169 1502 2215 excitasse,
1540 2169 1722 2207 fateor

245 2242 316 2267 me
354 2230 655 2268 Thessalos
692 2237 743 2268 et
782 2230 1093 2268 Perrhaebos
1132 2230 1194 2268 ad
1227 2229 1599 2268 defectionem
1638 2230 1719 2268 im·

244 2305 268 2342 p
281 2291 356 2329 uli
375 2305 392 2329 s
408 2305 425 2329 s
438 2305 472 2330 e.
537 2292 593 2329 Tu
615 2305 707 2330 vero
727 2293 790 2330 vel
811 2292 941 2330 villam
963 2292 1121 2343 quidem
1150 2292 1200 2330 ad
1218 2291 1479 2330 defectionem
1512 2291 1720 2343 impellas?

246 2353 321 2399 Tu,
353 2367 429 2392 non
450 2354 539 2392 dico
560 2355 610 2392 ad
630 2356 777 2401 urbem,
799 2354 867 2392 sed
889 2354 937 2392 ad
958 2354 1115 2392 domum
1135 2354 1271 2399 ullam,
1305 2353 1370 2391 ubi
1393 2353 1486 2405 quid
1516 2353 1567 2391 sit
1587 2354 1719 2392 discri-

245 2415 373 2463 minis,
397 2416 592 2454 accedas?
622 2417 766 2454 Verum
789 2416 911 2454 sicubi
932 2416 1108 2467 pecuniae
1128 2415 1416 2467 impendantur,
1437 2415 1647 2461 adsidebis,
1661 2415 1719 2453 ni-

244 2477 298 2514 hil
313 2490 404 2516 vero
424 2477 584 2528 dignum
607 2491 739 2528 geres:
771 2477 825 2515 siu
849 2479 928 2514 boni
958 2477 1052 2527 quid
1073 2477 1232 2515 fortuito
1252 2477 1420 2523 eveniat,
1439 2476 1479 2514 id
1499 2477 1567 2514 tibi
1582 2476 1716 2515 vendi-

243 2539 365 2587 cabis,
385 2539 551 2591 teipsum
578 2539 729 2590 reijam
751 2545 918 2591 peractae
938 2545 1138 2577 auctorem
1168 2539 1382 2577 inscribes:
1411 2538 1443 2577 si
1473 2538 1558 2589 quis
1590 2545 1717 2577 metus

243 2601 442 2652 ingruerit,
480 2602 682 2653 profugies
701 2615 709 2639 :
755 2601 786 2639 si
824 2602 862 2639 in
902 2615 1011 2653 spem
1050 2602 1192 2639 bonam
1233 2601 1352 2639 erecti
1388 2601 1523 2647 simus,
1556 2601 1718 2651 praemia

242 2676 382 2714 posces
402 2670 439 2702 et
458 2677 596 2702 aureas
618 2677 784 2702 coronas
803 2664 1014 2714 flagitabis.

297 2726 363 2762 54.
396 2725 517 2763 Esto:
559 2732 599 2763 at
635 2726 828 2777 popularis
852 2731 924 2763 est.
962 2725 1003 2762 Si
1023 2738 1091 2764 vos
1111 2724 1161 2762 ad
1178 2724 1382 2763 honestam
1401 2725 1605 2762 verborum
1634 2724 1717 2777 ejus

244 2786 414 2837 speciem
435 2787 662 2838 respiciatis,
682 2801 785 2826 nunc
814 2786 942 2833 etiarn,
959 2787 1015 2824 uti
1035 2792 1075 2825 et
1094 2785 1201 2837 olim,
1231 2786 1335 2824 eritis
1356 2785 1537 2837 decepti:
1569 2786 1628 2824 sin
1647 2800 1714 2825 na-

244 2854 367 2886 turam
389 2849 470 2899 ejus
485 2850 619 2900 reique
640 2850 841 2888 veritatem
863 2849 1078 2899 exquiratis,
1097 2860 1346 2899 nequaquam
1372 2847 1573 2886 fallemini.
1625 2847 1718 2888 Hoc

243 2909 359 2961 igitur
373 2911 491 2950 modo
507 2911 690 2950 rationem
708 2913 756 2951 ab
772 2925 818 2951 eo
832 2911 1035 2963 reposcite.
1068 2910 1154 2961 Ego
1165 2909 1246 2961 jam
1266 2910 1467 2950 vobiscum
1483 2909 1714 2963 expendam,
