1948 3306
302 149 352 186 94
787 149 846 186 IN
883 149 1339 188 CTESIPHONTEM.

299 251 608 303 Amphictyonas
626 260 781 291 coortus
803 261 874 299 est,
891 267 1016 305 neque
1026 253 1107 304 jam
1129 253 1178 291 de
1197 254 1357 306 clypeis,
1372 267 1470 305 quos
1486 254 1768 301 dicaveramus,

303 313 373 350 sed
401 312 451 350 de
472 312 599 363 poenis
625 315 673 351 ab
702 314 1048 366 Amphissensibus
1077 315 1278 353 sumendis
1305 317 1504 367 agebatur.
1562 316 1636 354 Die
1656 317 1771 367 igitur

294 374 377 425 jam
398 382 595 425 provecta,
616 388 745 426 praeco
774 377 990 427 procedens
1022 377 1233 421 nunciavit,
1264 384 1308 414 ut
1335 384 1527 428 quotquot
1554 391 1575 415 e
1605 378 1770 429 Delphis

298 436 456 474 biennio
490 438 732 487 pubertatem
768 446 1033 489 superassent,
1054 446 1136 476 tum
1158 439 1257 476 servi
1285 446 1368 476 tum
1398 439 1519 486 liberi,
1549 440 1677 477 statim
1706 440 1772 478 ubi

300 498 501 544 diluxerit,
521 512 608 536 cum
637 500 801 538 falcibus
832 506 872 537 et
900 500 1094 550 ligonibus
1125 501 1173 538 ad
1203 501 1397 552 Thyteum
1428 514 1541 553 quem
1574 501 1775 552 appellant

300 560 429 598 locum
462 562 726 599 convenirent.
766 563 910 599 Iterum
932 562 1033 600 idem
1064 576 1192 613 praeco
1213 563 1346 609 edixit,
1367 570 1410 600 ut
1438 563 1773 601 hieromnemones

301 627 341 659 et
368 621 575 673 Pylagorae
596 623 734 660 eodem
755 624 930 660 venirent
957 624 1030 660 deo
1059 630 1098 660 et
1125 630 1238 661 terrae
1268 638 1388 662 sacrae
1419 624 1606 662 auxilium
1636 624 1774 662 laturi:

301 683 430 734 siqua
459 696 549 721 vero
570 684 706 721 civitas
734 697 810 721 non
844 685 1010 728 affuerit,
1035 685 1181 734 templo
1211 692 1418 730 arceretur,
1454 686 1647 724 scelerata
1675 686 1775 723 foret
1828 675 1833 685 „

300 750 340 782 et
360 745 618 783 exsecrationi
636 745 818 783 obnoxia.
871 745 1063 783 Postridie
1083 758 1196 784 mane
1218 746 1255 783 in
1282 748 1510 796 praedictum
1531 748 1660 785 locum
1681 760 1774 785 con-

300 807 492 852 venimus,
512 807 550 844 in
572 820 753 858 campum
777 807 992 845 Cirr-haeum
1015 807 1307 854 descendimus,
1327 815 1366 845 et
1385 808 1529 846 effosso
1549 816 1660 860 portu
1679 809 1774 846 aedi-

301 866 475 918 ficiisque
505 868 677 907 incensis
696 869 894 906 rediimus.
945 869 1096 906 Interea
1126 869 1219 906 dum
1249 869 1332 907 haec
1354 869 1520 920 agimus,
1553 870 1663 908 Locri
1685 871 1777 908 Am-

301 930 540 980 pltissenses,
563 931 629 982 qui
664 944 732 969 Lx.
753 932 904 969 circiter
924 931 1049 969 stadia
1079 944 1102 968 a
1132 931 1297 982 Delphis
1327 932 1541 977 distabant,
1573 932 1709 970 armati
1737 933 1776 970 in

301 1003 373 1028 nos
394 991 579 1042 impetum
601 992 779 1030 fecerunt
800 993 985 1039 universi,
1007 999 1045 1030 et
1062 992 1136 1030 nisi
1156 993 1193 1030 in
1211 993 1331 1044 pedes
1351 993 1519 1044 conjecti
1539 993 1601 1031 vix
1617 994 1778 1032 tandem

301 1051 482 1103 Delphos
498 1054 825 1104 pervenissemus,
841 1053 1058 1105 periculum
1075 1060 1179 1092 certe
1199 1054 1269 1091 fuit
1291 1068 1338 1092 ne
1353 1053 1531 1092 funditus
1552 1055 1778 1105 periremus.

303 1113 379 1151 Die
400 1115 573 1166 proximo
609 1116 846 1167 Cottyphus,
867 1117 932 1167 qui
955 1116 1167 1154 sententias
1189 1116 1382 1167 suffragiis
1404 1117 1665 1167 permittebat,
1686 1130 1779 1155 con-

300 1175 453 1214 cionem
471 1177 608 1215 indicit
623 1178 973 1230 Amphictyonum:
997 1179 1224 1216 concionem
1241 1188 1369 1216 antem
1385 1178 1601 1224 nominant,
1619 1178 1778 1230 quando

303 1251 380 1276 non
405 1239 531 1276 solum
554 1240 769 1291 Pylagoras
791 1247 831 1278 et
861 1241 1198 1278 hieromnemonas
1220 1247 1452 1286 convocant,
1474 1241 1545 1278 sed
1575 1253 1642 1278 eos
1664 1240 1778 1278 etiam

303 1301 368 1351 qui
399 1314 510 1339 sacra
538 1302 653 1339 simul
682 1302 842 1348 faciunt,
872 1302 1016 1353 quique
1047 1302 1245 1339 oraculum
1277 1302 1337 1340 dei
1374 1302 1531 1340 adeunt.
1594 1302 1651 1339 Ibi
1689 1315 1779 1340 vero

303 1362 436 1400 multis
457 1364 771 1402 accusationibus
794 1371 982 1415 urgentur
1003 1363 1314 1413 Ampliissense8‚
1336 1370 1470 1400 nostra
1490 1364 1625 1401 civitas
1646 1372 1784 1402 contra

304 1425 458 1474 magnis
480 1425 663 1463 laudibus
683 1433 855 1463 ornatur.
903 1425 1042 1463 Totius
1073 1432 1203 1461 autern
1236 1424 1420 1462 orationis
1451 1424 1513 1462 hic
1545 1424 1673 1468 exitus
1694 1425 1781 1470 fuit,

305 1477 527 1524 decernitur
550 1493 592 1524 ut
611 1487 949 1525 hieromnemones
981 1492 1072 1524 ante
1098 1486 1315 1536 proximum
1347 1485 1520 1537 Pylaeum
1551 1500 1781 1526 consessum

303 1548 522 1586 constituto
545 1555 721 1599 tempore
742 1549 779 1586 in
797 1548 917 1600 Pylas
937 1548 1098 1592 coirent,
1119 1560 1274 1597 unaque
1295 1547 1493 1586 decretum
1516 1547 1713 1594 afferrent,
1734 1561 1782 1586 ex

304 1622 382 1659 quo
403 1617 535 1648 essent
563 1611 865 1662 Amphissenses
890 1610 1081 1648 scelerum
1103 1622 1264 1647 suorum
1294 1609 1333 1646 in
1361 1609 1477 1647 deum
1506 1609 1622 1660 inque
1643 1616 1783 1648 terram

304 1686 455 1711 sacram
476 1683 516 1712 et
545 1675 854 1726 Amphictyones
885 1687 1020 1725 poenas
1051 1673 1192 1711 daturi.
1243 1673 1297 1710 Ut
1327 1679 1458 1710 autem
1487 1686 1578 1711 vera
1597 1686 1657 1711 me
1677 1673 1784 1724 loqui

305 1737 561 1787 pernoscatis,
581 1737 783 1775 decretum
803 1737 929 1788 ipsum
951 1735 1062 1774 vobis
1085 1735 1212 1773 scriba
1230 1734 1421 1773 recitabit.
1590 1738 1592 1740 ’

882 1871 1211 1910 DECRETUM.

361 1966 427 2003 40.
459 1965 548 2003 Hoc
569 1965 686 2016 igitur
707 1965 867 2003 decreto
897 1978 920 2003 a
938 1966 1048 2003 nobis
1069 1972 1152 2003 tum
1172 1966 1210 2003 in
1232 1973 1369 2004 senatu
1390 1965 1624 2013 renuntiato,
1643 1973 1727 2005 tum
1746 1969 1785 2006 in

306 2027 497 2065 concione
519 2027 567 2064 ad
589 2027 775 2078 populum
805 2026 970 2078 prolato,
992 2035 1031 2066 et
1058 2028 1279 2066 actionibus
1309 2028 1451 2066 nostris
1471 2041 1494 2065 a
1513 2028 1658 2080 populo
1679 2042 1786 2067 com-

307 2088 495 2140 probatis,
515 2094 554 2126 et
572 2088 753 2127 universa
772 2089 929 2126 civitate
950 2089 999 2126 ad
1020 2089 1192 2127 studium
1213 2089 1365 2140 pietatis
1386 2090 1567 2138 excitata,
1595 2103 1684 2128 cum
1704 2090 1785 2128 De—

309 2151 535 2189 mosthenes
560 2159 717 2202 propter
741 2151 928 2189 mercedis
950 2152 1200 2203 sponsionem
1223 2152 1325 2189 illam
1348 2152 1671 2203 Amphissensem
1692 2165 1785 2190 con-

307 2213 532 2258 tradiceret,
559 2226 582 2250 a
605 2227 666 2251 me
687 2226 778 2251 vero
810 2226 943 2251 coram
964 2213 1072 2251 vobis
1104 2213 1307 2251 manifeste
1336 2220 1628 2264 coargueretur,
1658 2227 1785 2264 neque

302 2276 387 2328 jam
409 2283 543 2326 posset
572 2276 688 2314 homo
709 2276 746 2313 in
767 2276 974 2327 propatulo
997 2276 1191 2314 civitatem
1213 2277 1405 2328 decipere,
1425 2277 1623 2327 ingressus
1650 2277 1688 2314 in
1719 2290 1786 2314 cu-

310 2337 406 2375 riam
428 2344 466 2375 et
496 2339 696 2376 summotis
719 2339 877 2389 privatis
898 2339 1204 2390 praeconsultum
1239 2346 1399 2376 senatus
1427 2339 1653 2376 scribendum
1681 2345 1788 2375 curat

312 2406 352 2437 et
371 2399 407 2436 in
428 2400 654 2437 concionem
677 2400 815 2446 defert,
851 2401 931 2452 ejus
961 2392 1257 2452 qui'seripserat
1285 2400 1475 2451 imperitia
1503 2401 1670 2438 abusus:
1702 2413 1788 2451 per-

311 2462 404 2500 fecit
424 2475 551 2513 porro,
573 2468 617 2499 ut
648 2462 723 2500 hoc
750 2463 877 2513 ipsum
913 2463 1060 2500 SCtum
1091 2463 1129 2500 in
1149 2463 1336 2501 concione
1367 2462 1559 2514 suffragiis
1590 2462 1788 2513 permitte-

312 2530 417 2562 retur
439 2531 555 2574 utque
575 2537 597 2561 a
619 2524 764 2574 populo
786 2525 1032 2569 scisceretur,
1052 2537 1139 2561 cum
1161 2525 1391 2563 surrexisset
1415 2526 1497 2576 jam
1520 2524 1669 2568 concio,
1692 2537 1785 2574 ego-

310 2599 384 2636 que
401 2585 854 2636 discessissem—neque
870 2586 970 2623 enim
985 2599 1157 2636 unquam
1173 2600 1312 2637 passus
1330 2600 1524 2631 essem—‚
1537 2585 1786 2624 multitudine

312 2646 479 2697 denique
489 2647 667 2691 dimissa3
692 2648 804 2698 cujus
819 2649 971 2698 quidem
990 2648 1075 2685 sciti
1091 2654 1209 2698 caput
1223 2648 1297 2686 hoc
1315 2648 1405 2686 fuit:
1426 2648 1641 2685 hieromn
1654 2660 1787 2685 emon

312 2709 436 2760 inquit
469 2709 871 2748 Atheniensium
912 2717 960 2747 et
991 2709 1276 2760 Pylagorae
1315 2717 1575 2761 quotquot
1622 2709 1669 2746 in
1707 2722 1788 2760 po-

315 2777 519 2808 sterum
555 2772 727 2809 futuri
763 2778 888 2809 sunt
925 2772 985 2809 ad
1027 2772 1182 2823 Pylas
1216 2777 1264 2809 et
1308 2770 1550 2822 Delphos
1590 2771 1788 2822 profici-

316 2839 539 2870 scantur
572 2832 639 2871 iis
678 2834 1005 2886 temporibus
1043 2846 1150 2883 quae
1184 2847 1206 2871 a
1244 2833 1545 2884 majoribus
1583 2833 1788 2871 nostris

314 2895 612 2934 constituta
642 2904 778 2944 sunt,
815 2896 931 2935 verbo
961 2896 1120 2947 quidem
1148 2896 1325 2943 honeste,
1353 2910 1392 2935 re
1423 2895 1585 2947 turpiter
1607 2902 1648 2934 et
1676 2895 1788 2946 flagi-
