<?xml version="1.0" encoding="UTF-8"?>
<!DOCTYPE html PUBLIC "-//W3C//DTD XHTML 1.0 Transitional//EN"
    "http://www.w3.org/TR/xhtml1/DTD/xhtml1-transitional.dtd">
<html xmlns="http://www.w3.org/1999/xhtml" xml:lang="en" lang="en">
 <head>
  <title>
</title>
<meta http-equiv="Content-Type" content="text/html;charset=utf-8" />
  <meta name='ocr-system' content='tesseract 3.04.00' />
  <meta name='ocr-capabilities' content='ocr_page ocr_carea ocr_par ocr_line ocrx_word'/>
</head>
<body>
  <div class='ocr_page' id='page_1' title='image "./oratoresatticie16dobs_0407.png"; bbox 0 0 1915 3356; ppageno 0'>
   <div class='ocr_carea' id='block_1_1' title="bbox 432 183 1587 221">
    <p class='ocr_par' dir='ltr' id='par_1_1' title="bbox 432 183 1587 221">
     <span class='ocr_line' id='line_1_1' title="bbox 432 183 1587 221; baseline 0.001 -1"><span class='ocrx_word' id='word_1_1' title='bbox 432 184 509 220; x_wconf 91' lang='lat' dir='ltr'><strong>DE</strong></span> <span class='ocrx_word' id='word_1_2' title='bbox 541 184 695 221; x_wconf 84' lang='lat' dir='ltr'><strong>MALE</strong></span> <span class='ocrx_word' id='word_1_3' title='bbox 724 183 902 221; x_wconf 88' lang='lat' dir='ltr'><strong>GESTA</strong></span> <span class='ocrx_word' id='word_1_4' title='bbox 934 183 1280 221; x_wconf 90' lang='lat' dir='ltr'><strong>LEGATIONE.</strong></span> <span class='ocrx_word' id='word_1_5' title='bbox 1538 186 1587 221; x_wconf 83' lang='lat'><strong>55</strong></span> 
     </span>
    </p>
   </div>
   <div class='ocr_carea' id='block_1_2' title="bbox 120 285 1593 523">
    <p class='ocr_par' dir='ltr' id='par_1_2' title="bbox 120 285 1593 523">
     <span class='ocr_line' id='line_1_2' title="bbox 121 285 1592 338; baseline -0.001 -15"><span class='ocrx_word' id='word_1_6' title='bbox 121 288 159 326; x_wconf 90' lang='lat' dir='ltr'><strong>in</strong></span> <span class='ocrx_word' id='word_1_7' title='bbox 180 286 371 325; x_wconf 86' lang='lat' dir='ltr'><strong>mandatis</strong></span> <span class='ocrx_word' id='word_1_8' title='bbox 398 300 476 325; x_wconf 89' lang='lat' dir='ltr'><strong>non</strong></span> <span class='ocrx_word' id='word_1_9' title='bbox 503 289 649 338; x_wconf 87' lang='lat' dir='ltr'><strong>accepi.</strong></span> <span class='ocrx_word' id='word_1_10' title='bbox 694 289 747 326; x_wconf 91' lang='lat' dir='ltr'><strong>Ut</strong></span> <span class='ocrx_word' id='word_1_11' title='bbox 774 301 852 325; x_wconf 90' lang='lat' dir='ltr'><strong>rem</strong></span> <span class='ocrx_word' id='word_1_12' title='bbox 883 286 1028 331; x_wconf 86' lang='lat' dir='ltr'><strong>finiam,</strong></span> <span class='ocrx_word' id='word_1_13' title='bbox 1057 285 1311 324; x_wconf 85' lang='lat' dir='ltr'><strong>decreverunt</strong></span> <span class='ocrx_word' id='word_1_14' title='bbox 1339 285 1514 335; x_wconf 78' lang='lat' dir='ltr'><strong>collegae,</strong></span> <span class='ocrx_word' id='word_1_15' title='bbox 1548 292 1592 322; x_wconf 90' lang='lat' dir='ltr'><strong>ut</strong></span> 
     </span>
     <span class='ocr_line' id='line_1_3' title="bbox 122 347 1593 400; baseline -0.002 -14"><span class='ocrx_word' id='word_1_16' title='bbox 122 349 257 386; x_wconf 88' lang='lat' dir='ltr'><strong>viritim</strong></span> <span class='ocrx_word' id='word_1_17' title='bbox 277 349 442 399; x_wconf 86' lang='lat' dir='ltr'><strong>quisque</strong></span> <span class='ocrx_word' id='word_1_18' title='bbox 464 351 696 387; x_wconf 81' lang='lat' dir='ltr'><strong>sententiam</strong></span> <span class='ocrx_word' id='word_1_19' title='bbox 718 356 891 400; x_wconf 83' lang='lat' dir='ltr'><strong>rogatus,</strong></span> <span class='ocrx_word' id='word_1_20' title='bbox 921 347 1025 397; x_wconf 92' lang='lat' dir='ltr'><strong>quod</strong></span> <span class='ocrx_word' id='word_1_21' title='bbox 1046 360 1065 384; x_wconf 90' lang='lat' dir='ltr'><strong>e</strong></span> <span class='ocrx_word' id='word_1_22' title='bbox 1091 348 1298 398; x_wconf 78' lang='lat' dir='ltr'>republica</span> <span class='ocrx_word' id='word_1_23' title='bbox 1318 361 1403 386; x_wconf 84' lang='lat' dir='ltr'><strong>esse</strong></span> <span class='ocrx_word' id='word_1_24' title='bbox 1425 352 1593 398; x_wconf 86' lang='lat' dir='ltr'><strong>putaret,</strong></span> 
     </span>
     <span class='ocr_line' id='line_1_4' title="bbox 120 410 1591 459; baseline -0.001 -11"><span class='ocrx_word' id='word_1_25' title='bbox 120 410 161 448; x_wconf 90' lang='lat' dir='ltr'><strong>id</strong></span> <span class='ocrx_word' id='word_1_26' title='bbox 181 410 342 448; x_wconf 86' lang='lat' dir='ltr'><strong>diceret.</strong></span> <span class='ocrx_word' id='word_1_27' title='bbox 389 411 486 449; x_wconf 88' lang='lat' dir='ltr'><strong>Haec</strong></span> <span class='ocrx_word' id='word_1_28' title='bbox 503 419 545 449; x_wconf 87' lang='lat' dir='ltr'><strong>ut</strong></span> <span class='ocrx_word' id='word_1_29' title='bbox 565 425 587 450; x_wconf 91' lang='lat' dir='ltr'><strong>a</strong></span> <span class='ocrx_word' id='word_1_30' title='bbox 607 425 669 449; x_wconf 88' lang='lat' dir='ltr'><strong>me</strong></span> <span class='ocrx_word' id='word_1_31' title='bbox 688 424 776 449; x_wconf 91' lang='lat' dir='ltr'><strong>vere</strong></span> <span class='ocrx_word' id='word_1_32' title='bbox 798 410 873 448; x_wconf 91' lang='lat' dir='ltr'><strong>dici</strong></span> <span class='ocrx_word' id='word_1_33' title='bbox 893 416 1062 455; x_wconf 85' lang='lat' dir='ltr'><strong>constet,</strong></span> <span class='ocrx_word' id='word_1_34' title='bbox 1082 422 1181 447; x_wconf 89' lang='lat' dir='ltr'><strong>voca</strong></span> <span class='ocrx_word' id='word_1_35' title='bbox 1200 410 1290 447; x_wconf 87' lang='lat' dir='ltr'><strong>mihi</strong></span> <span class='ocrx_word' id='word_1_36' title='bbox 1318 410 1503 459; x_wconf 80' lang='lat' dir='ltr'><strong>collegas,</strong></span> <span class='ocrx_word' id='word_1_37' title='bbox 1526 421 1591 446; x_wconf 86' lang='lat' dir='ltr'><strong>eo-</strong></span> 
     </span>
     <span class='ocr_line' id='line_1_5' title="bbox 120 472 717 523; baseline 0.002 -15"><span class='ocrx_word' id='word_1_38' title='bbox 120 484 282 523; x_wconf 89' lang='lat' dir='ltr'><strong>rumque</strong></span> <span class='ocrx_word' id='word_1_39' title='bbox 297 472 418 511; x_wconf 85' lang='lat' dir='ltr'><strong>recita</strong></span> <span class='ocrx_word' id='word_1_40' title='bbox 437 473 717 511; x_wconf 86' lang='lat' dir='ltr'><strong>testimonium.</strong></span> 
     </span>
    </p>
   </div>
   <div class='ocr_carea' id='block_1_3' title="bbox 645 621 1054 661">
    <p class='ocr_par' dir='ltr' id='par_1_3' title="bbox 645 621 1054 661">
     <span class='ocr_line' id='line_1_6' title="bbox 645 621 1054 661; baseline -0.005 0"><span class='ocrx_word' id='word_1_41' title='bbox 645 621 1054 661; x_wconf 85' lang='lat' dir='ltr'><strong>TESTIMONIUM.</strong></span> 
     </span>
    </p>
   </div>
   <div class='ocr_carea' id='block_1_4' title="bbox 104 712 1613 2993">
    <p class='ocr_par' dir='ltr' id='par_1_4' title="bbox 104 712 1613 2854">
     <span class='ocr_line' id='line_1_7' title="bbox 177 712 1595 770; baseline -0.002 -13"><span class='ocrx_word' id='word_1_42' title='bbox 177 722 242 758; x_wconf 81' lang='lat'><strong>34.</strong></span> <span class='ocrx_word' id='word_1_43' title='bbox 272 720 485 770; x_wconf 87' lang='lat' dir='ltr'><strong>Postquam</strong></span> <span class='ocrx_word' id='word_1_44' title='bbox 507 719 625 770; x_wconf 85' lang='lat' dir='ltr'><strong>igitur</strong></span> <span class='ocrx_word' id='word_1_45' title='bbox 651 719 868 770; x_wconf 81' lang='lat' dir='ltr'><strong>legationes</strong></span> <span class='ocrx_word' id='word_1_46' title='bbox 891 718 1044 756; x_wconf 84' lang='lat' dir='ltr'><strong>Pellam</strong></span> <span class='ocrx_word' id='word_1_47' title='bbox 1065 723 1344 763; x_wconf 87' lang='lat' dir='ltr'><strong>convenerant,</strong></span> <span class='ocrx_word' id='word_1_48' title='bbox 1374 730 1419 755; x_wconf 87' lang='lat' dir='ltr'><strong>ac</strong></span> <span class='ocrx_word' id='word_1_49' title='bbox 1446 712 1595 768; x_wconf 86' lang='lat' dir='ltr'><strong>Philip-</strong></span> 
     </span>
     <span class='ocr_line' id='line_1_8' title="bbox 122 778 1595 833; baseline -0.002 -15"><span class='ocrx_word' id='word_1_50' title='bbox 122 794 195 831; x_wconf 89' lang='lat' dir='ltr'><strong>pus</strong></span> <span class='ocrx_word' id='word_1_51' title='bbox 216 781 363 827; x_wconf 85' lang='lat' dir='ltr'><strong>aderat,</strong></span> <span class='ocrx_word' id='word_1_52' title='bbox 393 787 432 819; x_wconf 89' lang='lat' dir='ltr'><strong>et</strong></span> <span class='ocrx_word' id='word_1_53' title='bbox 450 794 581 832; x_wconf 83' lang='lat' dir='ltr'><strong>praeco</strong></span> <span class='ocrx_word' id='word_1_54' title='bbox 608 781 759 831; x_wconf 84' lang='lat' dir='ltr'><strong>legatos</strong></span> <span class='ocrx_word' id='word_1_55' title='bbox 793 779 1086 818; x_wconf 84' lang='lat' dir='ltr'><strong>Atheniensium</strong></span> <span class='ocrx_word' id='word_1_56' title='bbox 1111 780 1291 833; x_wconf 83' lang='lat' dir='ltr'><strong>vocabat,</strong></span> <span class='ocrx_word' id='word_1_57' title='bbox 1318 778 1483 829; x_wconf 89' lang='lat' dir='ltr'><strong>primum</strong></span> <span class='ocrx_word' id='word_1_58' title='bbox 1508 792 1595 829; x_wconf 89' lang='lat' dir='ltr'><strong>pro—</strong></span> 
     </span>
     <span class='ocr_line' id='line_1_9' title="bbox 122 841 1597 892; baseline -0.001 -12"><span class='ocrx_word' id='word_1_59' title='bbox 122 843 324 888; x_wconf 86' lang='lat' dir='ltr'><strong>cessimus,</strong></span> <span class='ocrx_word' id='word_1_60' title='bbox 345 856 422 880; x_wconf 88' lang='lat' dir='ltr'><strong>non</strong></span> <span class='ocrx_word' id='word_1_61' title='bbox 444 845 648 882; x_wconf 88' lang='lat' dir='ltr'><strong>observata</strong></span> <span class='ocrx_word' id='word_1_62' title='bbox 677 850 808 889; x_wconf 81' lang='lat' dir='ltr'><strong>aetate,</strong></span> <span class='ocrx_word' id='word_1_63' title='bbox 829 851 873 880; x_wconf 90' lang='lat' dir='ltr'><strong>ut</strong></span> <span class='ocrx_word' id='word_1_64' title='bbox 897 843 936 880; x_wconf 88' lang='lat' dir='ltr'><strong>in</strong></span> <span class='ocrx_word' id='word_1_65' title='bbox 967 842 1090 892; x_wconf 86' lang='lat' dir='ltr'><strong>priore</strong></span> <span class='ocrx_word' id='word_1_66' title='bbox 1114 841 1322 892; x_wconf 83' lang='lat' dir='ltr'><strong>legatione,</strong></span> <span class='ocrx_word' id='word_1_67' title='bbox 1353 841 1458 892; x_wconf 90' lang='lat' dir='ltr'><strong>quod</strong></span> <span class='ocrx_word' id='word_1_68' title='bbox 1493 841 1597 892; x_wconf 88' lang='lat' dir='ltr'><strong>apud</strong></span> 
     </span>
     <span class='ocr_line' id='line_1_10' title="bbox 123 903 1595 955; baseline -0.001 -14"><span class='ocrx_word' id='word_1_69' title='bbox 123 905 312 955; x_wconf 90' lang='lat' dir='ltr'><strong>quosdam</strong></span> <span class='ocrx_word' id='word_1_70' title='bbox 333 905 619 950; x_wconf 81' lang='lat' dir='ltr'><strong>celebrabatur,</strong></span> <span class='ocrx_word' id='word_1_71' title='bbox 641 911 682 943; x_wconf 92' lang='lat' dir='ltr'><strong>et</strong></span> <span class='ocrx_word' id='word_1_72' title='bbox 700 911 971 942; x_wconf 84' lang='lat' dir='ltr'><strong>ornamentum</strong></span> <span class='ocrx_word' id='word_1_73' title='bbox 993 903 1160 941; x_wconf 85' lang='lat' dir='ltr'><strong>civitatis</strong></span> <span class='ocrx_word' id='word_1_74' title='bbox 1181 904 1407 954; x_wconf 87' lang='lat' dir='ltr'><strong>putabatur,</strong></span> <span class='ocrx_word' id='word_1_75' title='bbox 1432 903 1501 940; x_wconf 84' lang='lat' dir='ltr'><strong>sed</strong></span> <span class='ocrx_word' id='word_1_76' title='bbox 1525 916 1595 954; x_wconf 90' lang='lat' dir='ltr'><strong>pro</strong></span> 
     </span>
     <span class='ocr_line' id='line_1_11' title="bbox 123 964 1596 1017; baseline -0.002 -13"><span class='ocrx_word' id='word_1_77' title='bbox 123 966 401 1004; x_wconf 86' lang='lat' dir='ltr'><strong>Demosthenis</strong></span> <span class='ocrx_word' id='word_1_78' title='bbox 438 966 691 1017; x_wconf 88' lang='lat' dir='ltr'><strong>impudentia.</strong></span> <span class='ocrx_word' id='word_1_79' title='bbox 741 967 842 1004; x_wconf 90' lang='lat' dir='ltr'><strong>Nam</strong></span> <span class='ocrx_word' id='word_1_80' title='bbox 878 979 967 1004; x_wconf 92' lang='lat' dir='ltr'><strong>curn</strong></span> <span class='ocrx_word' id='word_1_81' title='bbox 998 978 1039 1003; x_wconf 88' lang='lat' dir='ltr'><strong>se</strong></span> <span class='ocrx_word' id='word_1_82' title='bbox 1070 965 1241 1003; x_wconf 83' lang='lat' dir='ltr'><strong>omnium</strong></span> <span class='ocrx_word' id='word_1_83' title='bbox 1271 972 1364 1002; x_wconf 85' lang='lat' dir='ltr'><strong>natu</strong></span> <span class='ocrx_word' id='word_1_84' title='bbox 1395 964 1596 1002; x_wconf 89' lang='lat' dir='ltr'><strong>minimum</strong></span> 
     </span>
     <span class='ocr_line' id='line_1_12' title="bbox 122 1027 1599 1080; baseline -0.001 -15"><span class='ocrx_word' id='word_1_85' title='bbox 122 1041 208 1066; x_wconf 89' lang='lat' dir='ltr'><strong>esse</strong></span> <span class='ocrx_word' id='word_1_86' title='bbox 223 1028 475 1078; x_wconf 85' lang='lat' dir='ltr'><strong>profiteretur,</strong></span> <span class='ocrx_word' id='word_1_87' title='bbox 494 1029 637 1079; x_wconf 91' lang='lat' dir='ltr'><strong>primas</strong></span> <span class='ocrx_word' id='word_1_88' title='bbox 656 1028 810 1067; x_wconf 88' lang='lat' dir='ltr'><strong>dicendi</strong></span> <span class='ocrx_word' id='word_1_89' title='bbox 827 1035 956 1080; x_wconf 87' lang='lat' dir='ltr'><strong>partes</strong></span> <span class='ocrx_word' id='word_1_90' title='bbox 979 1041 1020 1066; x_wconf 90' lang='lat' dir='ltr'><strong>se</strong></span> <span class='ocrx_word' id='word_1_91' title='bbox 1036 1027 1182 1065; x_wconf 89' lang='lat' dir='ltr'><strong>nemini</strong></span> <span class='ocrx_word' id='word_1_92' title='bbox 1202 1040 1475 1065; x_wconf 84' lang='lat' dir='ltr'><strong>concessurum</strong></span> <span class='ocrx_word' id='word_1_93' title='bbox 1496 1027 1599 1064; x_wconf 86' lang='lat' dir='ltr'><strong>affir-</strong></span> 
     </span>
     <span class='ocr_line' id='line_1_13' title="bbox 122 1088 1596 1140; baseline -0.001 -14"><span class='ocrx_word' id='word_1_94' title='bbox 122 1090 267 1136; x_wconf 88' lang='lat' dir='ltr'><strong>mabat,</strong></span> <span class='ocrx_word' id='word_1_95' title='bbox 295 1103 422 1140; x_wconf 85' lang='lat' dir='ltr'><strong>neque</strong></span> <span class='ocrx_word' id='word_1_96' title='bbox 442 1090 751 1137; x_wconf 86' lang='lat' dir='ltr'><strong>commissurum,</strong></span> <span class='ocrx_word' id='word_1_97' title='bbox 771 1096 814 1128; x_wconf 92' lang='lat' dir='ltr'><strong>ut</strong></span> <span class='ocrx_word' id='word_1_98' title='bbox 833 1090 991 1140; x_wconf 84' lang='lat' dir='ltr'><strong>quidam</strong></span> <span class='ocrx_word' id='word_1_99' title='bbox 1013 1092 1091 1138; x_wconf 89' lang='lat' dir='ltr'><strong>(me</strong></span> <span class='ocrx_word' id='word_1_100' title='bbox 1122 1088 1306 1136; x_wconf 79' lang='lat' dir='ltr'><strong>innuens)</strong></span> <span class='ocrx_word' id='word_1_101' title='bbox 1334 1088 1503 1139; x_wconf 87' lang='lat' dir='ltr'><strong>Philippi</strong></span> <span class='ocrx_word' id='word_1_102' title='bbox 1528 1100 1596 1125; x_wconf 86' lang='lat' dir='ltr'><strong>au—</strong></span> 
     </span>
     <span class='ocr_line' id='line_1_14' title="bbox 121 1150 1597 1202; baseline -0.001 -14"><span class='ocrx_word' id='word_1_103' title='bbox 121 1151 226 1189; x_wconf 90' lang='lat' dir='ltr'><strong>ribus</strong></span> <span class='ocrx_word' id='word_1_104' title='bbox 256 1151 467 1202; x_wconf 87' lang='lat' dir='ltr'><strong>occupatis,</strong></span> <span class='ocrx_word' id='word_1_105' title='bbox 488 1152 643 1190; x_wconf 89' lang='lat' dir='ltr'><strong>dicendi</strong></span> <span class='ocrx_word' id='word_1_106' title='bbox 663 1151 766 1190; x_wconf 90' lang='lat' dir='ltr'><strong>vices</strong></span> <span class='ocrx_word' id='word_1_107' title='bbox 795 1152 880 1189; x_wconf 84' lang='lat' dir='ltr'><strong>aliis</strong></span> <span class='ocrx_word' id='word_1_108' title='bbox 911 1152 1148 1202; x_wconf 80' lang='lat' dir='ltr'><strong>praeriperet.</strong></span> <span class='ocrx_word' id='word_1_109' title='bbox 1192 1150 1250 1189; x_wconf 88' lang='lat' dir='ltr'><strong>Ut</strong></span> <span class='ocrx_word' id='word_1_110' title='bbox 1277 1157 1407 1187; x_wconf 86' lang='lat' dir='ltr'><strong>autem</strong></span> <span class='ocrx_word' id='word_1_111' title='bbox 1436 1162 1597 1188; x_wconf 89' lang='lat' dir='ltr'><strong>exorsus</strong></span> 
     </span>
     <span class='ocr_line' id='line_1_15' title="bbox 120 1212 1597 1264; baseline -0.001 -15"><span class='ocrx_word' id='word_1_112' title='bbox 120 1218 192 1257; x_wconf 91' lang='lat' dir='ltr'><strong>est,</strong></span> <span class='ocrx_word' id='word_1_113' title='bbox 213 1212 499 1264; x_wconf 33' lang='lat' dir='ltr'><strong>cumgdquadam</strong></span> <span class='ocrx_word' id='word_1_114' title='bbox 523 1213 763 1263; x_wconf 85' lang='lat' dir='ltr'><strong>collegarum</strong></span> <span class='ocrx_word' id='word_1_115' title='bbox 791 1213 1071 1259; x_wconf 86' lang='lat' dir='ltr'><strong>criminatione,</strong></span> <span class='ocrx_word' id='word_1_116' title='bbox 1093 1225 1190 1262; x_wconf 88' lang='lat' dir='ltr'><strong>quos</strong></span> <span class='ocrx_word' id='word_1_117' title='bbox 1217 1225 1342 1262; x_wconf 90' lang='lat' dir='ltr'><strong>neque</strong></span> <span class='ocrx_word' id='word_1_118' title='bbox 1373 1224 1508 1249; x_wconf 90' lang='lat' dir='ltr'><strong>omnes</strong></span> <span class='ocrx_word' id='word_1_119' title='bbox 1534 1212 1597 1248; x_wconf 89' lang='lat' dir='ltr'><strong>iis-</strong></span> 
     </span>
     <span class='ocr_line' id='line_1_16' title="bbox 121 1273 1597 1324; baseline 0 -13"><span class='ocrx_word' id='word_1_120' title='bbox 121 1274 210 1312; x_wconf 90' lang='lat' dir='ltr'><strong>dem</strong></span> <span class='ocrx_word' id='word_1_121' title='bbox 240 1274 289 1311; x_wconf 89' lang='lat' dir='ltr'><strong>de</strong></span> <span class='ocrx_word' id='word_1_122' title='bbox 319 1275 450 1319; x_wconf 89' lang='lat' dir='ltr'><strong>rebus,</strong></span> <span class='ocrx_word' id='word_1_123' title='bbox 478 1287 604 1324; x_wconf 86' lang='lat' dir='ltr'><strong>neque</strong></span> <span class='ocrx_word' id='word_1_124' title='bbox 632 1274 968 1312; x_wconf 81' lang='lat' dir='ltr'><strong>consentientibus</strong></span> <span class='ocrx_word' id='word_1_125' title='bbox 1001 1274 1138 1312; x_wconf 92' lang='lat' dir='ltr'><strong>animis</strong></span> <span class='ocrx_word' id='word_1_126' title='bbox 1167 1274 1306 1311; x_wconf 88' lang='lat' dir='ltr'><strong>adesse</strong></span> <span class='ocrx_word' id='word_1_127' title='bbox 1339 1273 1597 1323; x_wconf 84' lang='lat' dir='ltr'><strong>significabat,</strong></span> 
     </span>
     <span class='ocr_line' id='line_1_17' title="bbox 123 1334 1597 1386; baseline -0.001 -13"><span class='ocrx_word' id='word_1_128' title='bbox 123 1349 195 1373; x_wconf 90' lang='lat' dir='ltr'><strong>sua</strong></span> <span class='ocrx_word' id='word_1_129' title='bbox 221 1335 350 1373; x_wconf 89' lang='lat' dir='ltr'><strong>officia</strong></span> <span class='ocrx_word' id='word_1_130' title='bbox 380 1334 560 1386; x_wconf 88' lang='lat' dir='ltr'><strong>Philippo</strong></span> <span class='ocrx_word' id='word_1_131' title='bbox 592 1335 767 1385; x_wconf 82' lang='lat' dir='ltr'><strong>praestita</strong></span> <span class='ocrx_word' id='word_1_132' title='bbox 797 1336 1152 1383; x_wconf 87' lang='lat' dir='ltr'><strong>commemorabat:</strong></span> <span class='ocrx_word' id='word_1_133' title='bbox 1181 1335 1362 1385; x_wconf 89' lang='lat' dir='ltr'><strong>primurn,</strong></span> <span class='ocrx_word' id='word_1_134' title='bbox 1392 1341 1436 1372; x_wconf 89' lang='lat' dir='ltr'><strong>ut</strong></span> <span class='ocrx_word' id='word_1_135' title='bbox 1465 1334 1597 1372; x_wconf 90' lang='lat' dir='ltr'><strong>Philo-</strong></span> 
     </span>
     <span class='ocr_line' id='line_1_18' title="bbox 123 1395 1599 1446; baseline 0 -12"><span class='ocrx_word' id='word_1_136' title='bbox 123 1396 240 1434; x_wconf 85' lang='lat' dir='ltr'><strong>cratis</strong></span> <span class='ocrx_word' id='word_1_137' title='bbox 261 1396 418 1434; x_wconf 89' lang='lat' dir='ltr'><strong>decreto</strong></span> <span class='ocrx_word' id='word_1_138' title='bbox 438 1395 672 1446; x_wconf 81' lang='lat' dir='ltr'><strong>suffragatus</strong></span> <span class='ocrx_word' id='word_1_139' title='bbox 699 1402 818 1442; x_wconf 85' lang='lat' dir='ltr'><strong>esset,</strong></span> <span class='ocrx_word' id='word_1_140' title='bbox 843 1396 1075 1434; x_wconf 90' lang='lat' dir='ltr'><strong>violatarum</strong></span> <span class='ocrx_word' id='word_1_141' title='bbox 1096 1395 1227 1446; x_wconf 85' lang='lat' dir='ltr'><strong>legum</strong></span> <span class='ocrx_word' id='word_1_142' title='bbox 1248 1396 1435 1442; x_wconf 88' lang='lat' dir='ltr'><strong>accusati,</strong></span> <span class='ocrx_word' id='word_1_143' title='bbox 1458 1409 1547 1434; x_wconf 89' lang='lat' dir='ltr'><strong>cum</strong></span> <span class='ocrx_word' id='word_1_144' title='bbox 1567 1398 1599 1434; x_wconf 91' lang='lat' dir='ltr'><strong>is</strong></span> 
     </span>
     <span class='ocr_line' id='line_1_19' title="bbox 122 1457 1600 1509; baseline 0 -13"><span class='ocrx_word' id='word_1_145' title='bbox 122 1458 356 1509; x_wconf 89' lang='lat' dir='ltr'><strong>scripsisset,</strong></span> <span class='ocrx_word' id='word_1_146' title='bbox 373 1457 490 1495; x_wconf 90' lang='lat' dir='ltr'><strong>licere</strong></span> <span class='ocrx_word' id='word_1_147' title='bbox 504 1457 686 1509; x_wconf 88' lang='lat' dir='ltr'><strong>Philippo</strong></span> <span class='ocrx_word' id='word_1_148' title='bbox 706 1458 858 1509; x_wconf 86' lang='lat' dir='ltr'><strong>legatos</strong></span> <span class='ocrx_word' id='word_1_149' title='bbox 873 1458 923 1496; x_wconf 89' lang='lat' dir='ltr'><strong>de</strong></span> <span class='ocrx_word' id='word_1_150' title='bbox 942 1471 1039 1509; x_wconf 88' lang='lat' dir='ltr'><strong>pace</strong></span> <span class='ocrx_word' id='word_1_151' title='bbox 1056 1457 1233 1495; x_wconf 86' lang='lat' dir='ltr'><strong>Athenas</strong></span> <span class='ocrx_word' id='word_1_152' title='bbox 1249 1458 1400 1496; x_wconf 89' lang='lat' dir='ltr'><strong>mittere</strong></span> <span class='ocrx_word' id='word_1_153' title='bbox 1414 1472 1424 1502; x_wconf 90' lang='grc'><strong>;</strong></span> <span class='ocrx_word' id='word_1_154' title='bbox 1455 1458 1600 1497; x_wconf 87' lang='lat' dir='ltr'><strong>deinde</strong></span> 
     </span>
     <span class='ocr_line' id='line_1_20' title="bbox 122 1518 1597 1571; baseline 0.002 -15"><span class='ocrx_word' id='word_1_155' title='bbox 122 1519 300 1557; x_wconf 89' lang='lat' dir='ltr'><strong>recitavit</strong></span> <span class='ocrx_word' id='word_1_156' title='bbox 317 1518 514 1557; x_wconf 90' lang='lat' dir='ltr'><strong>decretum</strong></span> <span class='ocrx_word' id='word_1_157' title='bbox 535 1519 641 1570; x_wconf 89' lang='lat' dir='ltr'><strong>quod</strong></span> <span class='ocrx_word' id='word_1_158' title='bbox 662 1519 742 1570; x_wconf 87' lang='lat' dir='ltr'><strong>ipse</strong></span> <span class='ocrx_word' id='word_1_159' title='bbox 765 1520 989 1571; x_wconf 87' lang='lat' dir='ltr'><strong>scripserat,</strong></span> <span class='ocrx_word' id='word_1_160' title='bbox 1010 1532 1147 1570; x_wconf 87' lang='lat' dir='ltr'><strong>pacem</strong></span> <span class='ocrx_word' id='word_1_161' title='bbox 1168 1519 1388 1557; x_wconf 89' lang='lat' dir='ltr'><strong>faciendam</strong></span> <span class='ocrx_word' id='word_1_162' title='bbox 1415 1533 1503 1557; x_wconf 88' lang='lat' dir='ltr'><strong>cum</strong></span> <span class='ocrx_word' id='word_1_163' title='bbox 1532 1534 1597 1559; x_wconf 93' lang='lat' dir='ltr'><strong>ca-</strong></span> 
     </span>
     <span class='ocr_line' id='line_1_21' title="bbox 123 1571 1597 1634; baseline 0.002 -16"><span class='ocrx_word' id='word_1_164' title='bbox 123 1580 333 1618; x_wconf 88' lang='lat' dir='ltr'><strong>duceatore</strong></span> <span class='ocrx_word' id='word_1_165' title='bbox 359 1587 398 1618; x_wconf 91' lang='lat' dir='ltr'><strong>et</strong></span> <span class='ocrx_word' id='word_1_166' title='bbox 426 1581 567 1631; x_wconf 83' lang='lat' dir='ltr'><strong>legatis</strong></span> <span class='ocrx_word' id='word_1_167' title='bbox 588 1594 610 1619; x_wconf 88' lang='lat' dir='ltr'><strong>a</strong></span> <span class='ocrx_word' id='word_1_168' title='bbox 630 1571 810 1633; x_wconf 78' lang='lat' dir='ltr'><strong>Philippo</strong></span> <span class='ocrx_word' id='word_1_169' title='bbox 839 1582 991 1625; x_wconf 86' lang='lat' dir='ltr'><strong>missis;</strong></span> <span class='ocrx_word' id='word_1_170' title='bbox 1026 1580 1195 1631; x_wconf 89' lang='lat' dir='ltr'><strong>denique</strong></span> <span class='ocrx_word' id='word_1_171' title='bbox 1228 1581 1341 1626; x_wconf 89' lang='lat' dir='ltr'><strong>illud,</strong></span> <span class='ocrx_word' id='word_1_172' title='bbox 1363 1588 1407 1619; x_wconf 90' lang='lat' dir='ltr'><strong>ut</strong></span> <span class='ocrx_word' id='word_1_173' title='bbox 1430 1583 1597 1634; x_wconf 91' lang='lat' dir='ltr'><strong>populus</strong></span> 
     </span>
     <span class='ocr_line' id='line_1_22' title="bbox 122 1641 1613 1695; baseline 0.003 -17"><span class='ocrx_word' id='word_1_174' title='bbox 122 1641 223 1679; x_wconf 89' lang='lat' dir='ltr'><strong>intra</strong></span> <span class='ocrx_word' id='word_1_175' title='bbox 245 1648 371 1680; x_wconf 89' lang='lat' dir='ltr'><strong>certos</strong></span> <span class='ocrx_word' id='word_1_176' title='bbox 392 1641 475 1680; x_wconf 87' lang='lat' dir='ltr'><strong>dies</strong></span> <span class='ocrx_word' id='word_1_177' title='bbox 497 1642 547 1680; x_wconf 92' lang='lat' dir='ltr'><strong>de</strong></span> <span class='ocrx_word' id='word_1_178' title='bbox 567 1655 663 1694; x_wconf 85' lang='lat' dir='ltr'><strong>pace</strong></span> <span class='ocrx_word' id='word_1_179' title='bbox 684 1643 928 1681; x_wconf 84' lang='lat' dir='ltr'><strong>deliberaret.</strong></span> <span class='ocrx_word' id='word_1_180' title='bbox 978 1643 1038 1680; x_wconf 92' lang='lat' dir='ltr'><strong>Ac</strong></span> <span class='ocrx_word' id='word_1_181' title='bbox 1065 1642 1183 1680; x_wconf 84' lang='lat' dir='ltr'><strong>talem</strong></span> <span class='ocrx_word' id='word_1_182' title='bbox 1208 1643 1334 1681; x_wconf 89' lang='lat' dir='ltr'><strong>verbis</strong></span> <span class='ocrx_word' id='word_1_183' title='bbox 1367 1643 1447 1681; x_wconf 88' lang='lat' dir='ltr'><strong>suis</strong></span> <span class='ocrx_word' id='word_1_184' title='bbox 1478 1645 1613 1695; x_wconf 77' lang='lat' dir='ltr'><strong>signi-¹</strong></span> 
     </span>
     <span class='ocr_line' id='line_1_23' title="bbox 104 1703 1599 1756; baseline 0.003 -16"><span class='ocrx_word' id='word_1_185' title='bbox 104 1703 342 1741; x_wconf 87' lang='lat' dir='ltr'><strong>&#39;ficationem</strong></span> <span class='ocrx_word' id='word_1_186' title='bbox 361 1703 567 1755; x_wconf 85' lang='lat' dir='ltr'><strong>interjecit,</strong></span> <span class='ocrx_word' id='word_1_187' title='bbox 588 1717 628 1742; x_wconf 84' lang='lat' dir='ltr'><strong>se</strong></span> <span class='ocrx_word' id='word_1_188' title='bbox 649 1704 814 1756; x_wconf 88' lang='lat' dir='ltr'><strong>primum</strong></span> <span class='ocrx_word' id='word_1_189' title='bbox 837 1704 897 1751; x_wconf 92' lang='lat' dir='ltr'><strong>iis,</strong></span> <span class='ocrx_word' id='word_1_190' title='bbox 917 1703 982 1755; x_wconf 92' lang='lat' dir='ltr'><strong>qui</strong></span> <span class='ocrx_word' id='word_1_191' title='bbox 1001 1716 1140 1755; x_wconf 87' lang='lat' dir='ltr'><strong>pacem</strong></span> <span class='ocrx_word' id='word_1_192' title='bbox 1167 1704 1434 1750; x_wconf 84' lang='lat' dir='ltr'><strong>excluderent,</strong></span> <span class='ocrx_word' id='word_1_193' title='bbox 1458 1718 1502 1743; x_wconf 91' lang='lat' dir='ltr'><strong>os</strong></span> <span class='ocrx_word' id='word_1_194' title='bbox 1531 1708 1599 1744; x_wconf 92' lang='lat' dir='ltr'><strong>ob-</strong></span> 
     </span>
     <span class='ocr_line' id='line_1_24' title="bbox 123 1766 1598 1819; baseline 0.002 -16"><span class='ocrx_word' id='word_1_195' title='bbox 123 1772 288 1812; x_wconf 85' lang='lat' dir='ltr'><strong>turasse,</strong></span> <span class='ocrx_word' id='word_1_196' title='bbox 309 1779 387 1804; x_wconf 88' lang='lat' dir='ltr'><strong>non</strong></span> <span class='ocrx_word' id='word_1_197' title='bbox 416 1766 556 1813; x_wconf 90' lang='lat' dir='ltr'><strong>verbis,</strong></span> <span class='ocrx_word' id='word_1_198' title='bbox 577 1766 647 1805; x_wconf 92' lang='lat' dir='ltr'><strong>sed</strong></span> <span class='ocrx_word' id='word_1_199' title='bbox 679 1767 934 1819; x_wconf 88' lang='lat' dir='ltr'><strong>temporibus.</strong></span> <span class='ocrx_word' id='word_1_200' title='bbox 986 1766 1139 1805; x_wconf 88' lang='lat' dir='ltr'><strong>Deinde</strong></span> <span class='ocrx_word' id='word_1_201' title='bbox 1167 1767 1273 1804; x_wconf 90' lang='lat' dir='ltr'><strong>aliud</strong></span> <span class='ocrx_word' id='word_1_202' title='bbox 1303 1767 1502 1805; x_wconf 88' lang='lat' dir='ltr'><strong>decretum</strong></span> <span class='ocrx_word' id='word_1_203' title='bbox 1530 1769 1598 1806; x_wconf 88' lang='lat' dir='ltr'><strong>ad-</strong></span> 
     </span>
     <span class='ocr_line' id='line_1_25' title="bbox 124 1827 1598 1880; baseline 0.002 -15"><span class='ocrx_word' id='word_1_204' title='bbox 124 1827 248 1873; x_wconf 85' lang='lat' dir='ltr'><strong>duxit,</strong></span> <span class='ocrx_word' id='word_1_205' title='bbox 268 1841 344 1878; x_wconf 93' lang='lat' dir='ltr'><strong>quo</strong></span> <span class='ocrx_word' id='word_1_206' title='bbox 365 1827 593 1879; x_wconf 87' lang='lat' dir='ltr'><strong>scripsisset,</strong></span> <span class='ocrx_word' id='word_1_207' title='bbox 616 1828 911 1867; x_wconf 84' lang='lat' dir='ltr'><strong>deliberandum</strong></span> <span class='ocrx_word' id='word_1_208' title='bbox 931 1841 1016 1867; x_wconf 86' lang='lat' dir='ltr'><strong>esse</strong></span> <span class='ocrx_word' id='word_1_209' title='bbox 1036 1828 1181 1880; x_wconf 86' lang='lat' dir='ltr'><strong>populo</strong></span> <span class='ocrx_word' id='word_1_210' title='bbox 1206 1829 1255 1866; x_wconf 91' lang='lat' dir='ltr'><strong>de</strong></span> <span class='ocrx_word' id='word_1_211' title='bbox 1283 1829 1454 1868; x_wconf 89' lang='lat' dir='ltr'><strong>ineunda</strong></span> <span class='ocrx_word' id='word_1_212' title='bbox 1475 1831 1598 1869; x_wconf 90' lang='lat' dir='ltr'><strong>socie-</strong></span> 
     </span>
     <span class='ocr_line' id='line_1_26' title="bbox 124 1889 1598 1942; baseline 0.002 -15"><span class='ocrx_word' id='word_1_213' title='bbox 124 1896 218 1927; x_wconf 84' lang='lat' dir='ltr'><strong>tate.</strong></span> <span class='ocrx_word' id='word_1_214' title='bbox 250 1889 346 1927; x_wconf 88' lang='lat' dir='ltr'><strong>Post</strong></span> <span class='ocrx_word' id='word_1_215' title='bbox 369 1889 475 1927; x_wconf 84' lang='lat' dir='ltr'><strong>aliud</strong></span> <span class='ocrx_word' id='word_1_216' title='bbox 495 1890 696 1928; x_wconf 86' lang='lat' dir='ltr'><strong>decretum</strong></span> <span class='ocrx_word' id='word_1_217' title='bbox 719 1891 767 1929; x_wconf 91' lang='lat' dir='ltr'><strong>de</strong></span> <span class='ocrx_word' id='word_1_218' title='bbox 789 1891 959 1942; x_wconf 90' lang='lat' dir='ltr'><strong>Philippi</strong></span> <span class='ocrx_word' id='word_1_219' title='bbox 984 1891 1137 1941; x_wconf 82' lang='lat' dir='ltr'><strong>legatiS,</strong></span> <span class='ocrx_word' id='word_1_220' title='bbox 1159 1890 1371 1941; x_wconf 86' lang='lat' dir='ltr'><strong>principem</strong></span> <span class='ocrx_word' id='word_1_221' title='bbox 1392 1892 1446 1929; x_wconf 91' lang='lat' dir='ltr'><strong>eis</strong></span> <span class='ocrx_word' id='word_1_222' title='bbox 1468 1892 1598 1930; x_wconf 88' lang='lat' dir='ltr'><strong>locum</strong></span> 
     </span>
     <span class='ocr_line' id='line_1_27' title="bbox 125 1951 1600 2006; baseline 0.002 -17"><span class='ocrx_word' id='word_1_223' title='bbox 125 1951 299 1989; x_wconf 90' lang='lat' dir='ltr'><strong>dandum</strong></span> <span class='ocrx_word' id='word_1_224' title='bbox 321 1951 648 1991; x_wconf 90' lang='lat' dir='ltr'><strong>Bacchanalibus.</strong></span> <span class='ocrx_word' id='word_1_225' title='bbox 681 1953 732 1991; x_wconf 83' lang='lat' dir='ltr'><strong>Et</strong></span> <span class='ocrx_word' id='word_1_226' title='bbox 751 1953 908 2004; x_wconf 87' lang='lat' dir='ltr'><strong>adjecit,</strong></span> <span class='ocrx_word' id='word_1_227' title='bbox 930 1959 1089 2003; x_wconf 79' lang='lat' dir='ltr'><strong>quantae</strong></span> <span class='ocrx_word' id='word_1_228' title='bbox 1110 1952 1182 1990; x_wconf 90' lang='lat' dir='ltr'><strong>sibi</strong></span> <span class='ocrx_word' id='word_1_229' title='bbox 1208 1965 1312 1990; x_wconf 87' lang='lat' dir='ltr'><strong>curae</strong></span> <span class='ocrx_word' id='word_1_230' title='bbox 1339 1952 1393 1989; x_wconf 90' lang='lat' dir='ltr'><strong>illi</strong></span> <span class='ocrx_word' id='word_1_231' title='bbox 1417 1953 1600 2006; x_wconf 81' lang='lat' dir='ltr'><strong>fuissent,</strong></span> 
     </span>
     <span class='ocr_line' id='line_1_28' title="bbox 125 2013 1600 2065; baseline 0.003 -15"><span class='ocrx_word' id='word_1_232' title='bbox 125 2019 169 2050; x_wconf 91' lang='lat' dir='ltr'><strong>ut</strong></span> <span class='ocrx_word' id='word_1_233' title='bbox 188 2013 393 2052; x_wconf 88' lang='lat' dir='ltr'><strong>cervicalia</strong></span> <span class='ocrx_word' id='word_1_234' title='bbox 404 2014 545 2065; x_wconf 87' lang='lat' dir='ltr'><strong>apponi</strong></span> <span class='ocrx_word' id='word_1_235' title='bbox 564 2022 753 2062; x_wconf 87' lang='lat' dir='ltr'><strong>curasset,</strong></span> <span class='ocrx_word' id='word_1_236' title='bbox 769 2029 958 2065; x_wconf 89' lang='lat' dir='ltr'><strong>suamque</strong></span> <span class='ocrx_word' id='word_1_237' title='bbox 974 2013 1194 2052; x_wconf 89' lang='lat' dir='ltr'><strong>custodiam</strong></span> <span class='ocrx_word' id='word_1_238' title='bbox 1216 2020 1255 2052; x_wconf 91' lang='lat' dir='ltr'><strong>et</strong></span> <span class='ocrx_word' id='word_1_239' title='bbox 1265 2014 1415 2064; x_wconf 86' lang='lat' dir='ltr'><strong>vigilias</strong></span> <span class='ocrx_word' id='word_1_240' title='bbox 1431 2028 1600 2055; x_wconf 88' lang='lat' dir='ltr'><strong>comme-</strong></span> 
     </span>
     <span class='ocr_line' id='line_1_29' title="bbox 126 2075 1601 2127; baseline 0.003 -15"><span class='ocrx_word' id='word_1_241' title='bbox 126 2075 302 2127; x_wconf 85' lang='lat' dir='ltr'><strong>moravit,</strong></span> <span class='ocrx_word' id='word_1_242' title='bbox 322 2081 480 2126; x_wconf 89' lang='lat' dir='ltr'><strong>propter</strong></span> <span class='ocrx_word' id='word_1_243' title='bbox 506 2075 673 2121; x_wconf 89' lang='lat' dir='ltr'><strong>invidos,</strong></span> <span class='ocrx_word' id='word_1_244' title='bbox 694 2076 760 2126; x_wconf 90' lang='lat' dir='ltr'><strong>qui</strong></span> <span class='ocrx_word' id='word_1_245' title='bbox 781 2076 1027 2126; x_wconf 85' lang='lat' dir='ltr'><strong>splendorem</strong></span> <span class='ocrx_word' id='word_1_246' title='bbox 1048 2087 1161 2111; x_wconf 86' lang='lat' dir='ltr'><strong>suum</strong></span> <span class='ocrx_word' id='word_1_247' title='bbox 1180 2075 1425 2112; x_wconf 88' lang='lat' dir='ltr'><strong>contumeliis</strong></span> <span class='ocrx_word' id='word_1_248' title='bbox 1446 2077 1601 2116; x_wconf 89' lang='lat' dir='ltr'><strong>afficere</strong></span> 
     </span>
     <span class='ocr_line' id='line_1_30' title="bbox 125 2134 1601 2188; baseline 0.001 -13"><span class='ocrx_word' id='word_1_249' title='bbox 125 2136 377 2188; x_wconf 89' lang='lat' dir='ltr'><strong>cupivissent.</strong></span> <span class='ocrx_word' id='word_1_250' title='bbox 408 2137 565 2188; x_wconf 87' lang='lat' dir='ltr'><strong>Adjecit</strong></span> <span class='ocrx_word' id='word_1_251' title='bbox 583 2137 650 2174; x_wconf 87' lang='lat' dir='ltr'><strong>illa</strong></span> <span class='ocrx_word' id='word_1_252' title='bbox 664 2137 779 2174; x_wconf 89' lang='lat' dir='ltr'><strong>etiam</strong></span> <span class='ocrx_word' id='word_1_253' title='bbox 794 2135 960 2174; x_wconf 85' lang='lat' dir='ltr'><strong>maxime</strong></span> <span class='ocrx_word' id='word_1_254' title='bbox 980 2134 1156 2181; x_wconf 87' lang='lat' dir='ltr'><strong>ridenda,</strong></span> <span class='ocrx_word' id='word_1_255' title='bbox 1178 2149 1342 2186; x_wconf 85' lang='lat' dir='ltr'><strong>quorum</strong></span> <span class='ocrx_word' id='word_1_256' title='bbox 1358 2137 1532 2188; x_wconf 84' lang='lat' dir='ltr'><strong>collegas</strong></span> <span class='ocrx_word' id='word_1_257' title='bbox 1548 2140 1601 2177; x_wconf 85' lang='lat' dir='ltr'><strong>ita</strong></span> 
     </span>
     <span class='ocr_line' id='line_1_31' title="bbox 126 2197 1601 2250; baseline 0.001 -14"><span class='ocrx_word' id='word_1_258' title='bbox 126 2198 312 2250; x_wconf 85' lang='lat' dir='ltr'><strong>pudebat,</strong></span> <span class='ocrx_word' id='word_1_259' title='bbox 343 2203 387 2235; x_wconf 85' lang='lat' dir='ltr'><strong>ut</strong></span> <span class='ocrx_word' id='word_1_260' title='bbox 410 2197 548 2236; x_wconf 87' lang='lat' dir='ltr'><strong>faciem</strong></span> <span class='ocrx_word' id='word_1_261' title='bbox 578 2198 828 2248; x_wconf 85' lang='lat' dir='ltr'><strong>obtegerent:</strong></span> <span class='ocrx_word' id='word_1_262' title='bbox 859 2203 903 2235; x_wconf 91' lang='lat' dir='ltr'><strong>ut</strong></span> <span class='ocrx_word' id='word_1_263' title='bbox 924 2197 1092 2247; x_wconf 89' lang='lat' dir='ltr'><strong>Philippi</strong></span> <span class='ocrx_word' id='word_1_264' title='bbox 1117 2197 1267 2248; x_wconf 83' lang='lat' dir='ltr'><strong>legatos</strong></span> <span class='ocrx_word' id='word_1_265' title='bbox 1289 2198 1458 2249; x_wconf 87' lang='lat' dir='ltr'><strong>hospitio</strong></span> <span class='ocrx_word' id='word_1_266' title='bbox 1487 2213 1601 2238; x_wconf 86' lang='lat' dir='ltr'><strong>exce-</strong></span> 
     </span>
     <span class='ocr_line' id='line_1_32' title="bbox 125 2258 1599 2311; baseline 0.003 -15"><span class='ocrx_word' id='word_1_267' title='bbox 125 2259 262 2311; x_wconf 90' lang='lat' dir='ltr'><strong>pisset,</strong></span> <span class='ocrx_word' id='word_1_268' title='bbox 280 2266 323 2297; x_wconf 93' lang='lat' dir='ltr'><strong>ut</strong></span> <span class='ocrx_word' id='word_1_269' title='bbox 351 2258 406 2297; x_wconf 90' lang='lat' dir='ltr'><strong>eis</strong></span> <span class='ocrx_word' id='word_1_270' title='bbox 435 2258 664 2297; x_wconf 88' lang='lat' dir='ltr'><strong>discessuris</strong></span> <span class='ocrx_word' id='word_1_271' title='bbox 685 2259 794 2310; x_wconf 82' lang='lat' dir='ltr'><strong>bigas</strong></span> <span class='ocrx_word' id='word_1_272' title='bbox 814 2259 1008 2296; x_wconf 88' lang='lat' dir='ltr'><strong>mulorum</strong></span> <span class='ocrx_word' id='word_1_273' title='bbox 1035 2258 1305 2305; x_wconf 84' lang='lat' dir='ltr'><strong>conduxisset,</strong></span> <span class='ocrx_word' id='word_1_274' title='bbox 1338 2266 1378 2297; x_wconf 88' lang='lat' dir='ltr'><strong>et</strong></span> <span class='ocrx_word' id='word_1_275' title='bbox 1404 2273 1503 2311; x_wconf 90' lang='lat' dir='ltr'><strong>equo</strong></span> <span class='ocrx_word' id='word_1_276' title='bbox 1533 2275 1599 2300; x_wconf 83' lang='lat' dir='ltr'><strong>eos</strong></span> 
     </span>
     <span class='ocr_line' id='line_1_33' title="bbox 127 2321 1601 2376; baseline 0.003 -16"><span class='ocrx_word' id='word_1_277' title='bbox 127 2322 335 2360; x_wconf 86' lang='lat' dir='ltr'><strong>comitatus</strong></span> <span class='ocrx_word' id='word_1_278' title='bbox 350 2327 467 2368; x_wconf 86' lang='lat' dir='ltr'><strong>esset,</strong></span> <span class='ocrx_word' id='word_1_279' title='bbox 482 2321 614 2359; x_wconf 85' lang='lat' dir='ltr'><strong>nonin</strong></span> <span class='ocrx_word' id='word_1_280' title='bbox 627 2322 810 2360; x_wconf 89' lang='lat' dir='ltr'><strong>tenebras</strong></span> <span class='ocrx_word' id='word_1_281' title='bbox 826 2322 1041 2368; x_wconf 90' lang='lat' dir='ltr'><strong>demersus,</strong></span> <span class='ocrx_word' id='word_1_282' title='bbox 1057 2329 1101 2360; x_wconf 93' lang='lat' dir='ltr'><strong>ut</strong></span> <span class='ocrx_word' id='word_1_283' title='bbox 1115 2322 1179 2360; x_wconf 89' lang='lat' dir='ltr'><strong>alii</strong></span> <span class='ocrx_word' id='word_1_284' title='bbox 1197 2323 1367 2372; x_wconf 89' lang='lat' dir='ltr'><strong>quidam,</strong></span> <span class='ocrx_word' id='word_1_285' title='bbox 1385 2324 1453 2362; x_wconf 89' lang='lat' dir='ltr'><strong>sed</strong></span> <span class='ocrx_word' id='word_1_286' title='bbox 1470 2333 1601 2376; x_wconf 86' lang='lat' dir='ltr'><strong>aperte</strong></span> 
     </span>
     <span class='ocr_line' id='line_1_34' title="bbox 127 2383 1600 2427; baseline 0.003 -5"><span class='ocrx_word' id='word_1_287' title='bbox 127 2383 366 2422; x_wconf 86' lang='lat' dir='ltr'><strong>ostendisset</strong></span> <span class='ocrx_word' id='word_1_288' title='bbox 385 2384 673 2421; x_wconf 88' lang='lat' dir='ltr'><strong>observantiam</strong></span> <span class='ocrx_word' id='word_1_289' title='bbox 693 2390 733 2422; x_wconf 86' lang='lat' dir='ltr'><strong>et</strong></span> <span class='ocrx_word' id='word_1_290' title='bbox 751 2384 921 2422; x_wconf 84' lang='lat' dir='ltr'><strong>studium</strong></span> <span class='ocrx_word' id='word_1_291' title='bbox 943 2397 1070 2422; x_wconf 88' lang='lat' dir='ltr'><strong>suum.</strong></span> <span class='ocrx_word' id='word_1_292' title='bbox 1101 2384 1175 2422; x_wconf 89' lang='lat' dir='ltr'><strong>Illa</strong></span> <span class='ocrx_word' id='word_1_293' title='bbox 1195 2398 1286 2422; x_wconf 88' lang='lat' dir='ltr'><strong>vero</strong></span> <span class='ocrx_word' id='word_1_294' title='bbox 1306 2385 1462 2423; x_wconf 89' lang='lat' dir='ltr'><strong>demum</strong></span> <span class='ocrx_word' id='word_1_295' title='bbox 1483 2388 1600 2427; x_wconf 86' lang='lat' dir='ltr'><strong>vehe-</strong></span> 
     </span>
     <span class='ocr_line' id='line_1_35' title="bbox 127 2445 1597 2497; baseline 0.003 -14"><span class='ocrx_word' id='word_1_296' title='bbox 127 2452 280 2483; x_wconf 84' lang='lat' dir='ltr'><strong>menter</strong></span> <span class='ocrx_word' id='word_1_297' title='bbox 297 2445 411 2483; x_wconf 86' lang='lat' dir='ltr'><strong>etiam</strong></span> <span class='ocrx_word' id='word_1_298' title='bbox 426 2445 669 2495; x_wconf 88' lang='lat' dir='ltr'><strong>corrigebat;</strong></span> <span class='ocrx_word' id='word_1_299' title='bbox 701 2459 741 2483; x_wconf 88' lang='lat' dir='ltr'><strong>se</strong></span> <span class='ocrx_word' id='word_1_300' title='bbox 762 2459 839 2483; x_wconf 90' lang='lat' dir='ltr'><strong>non</strong></span> <span class='ocrx_word' id='word_1_301' title='bbox 855 2445 999 2483; x_wconf 86' lang='lat' dir='ltr'><strong>dixisse</strong></span> <span class='ocrx_word' id='word_1_302' title='bbox 1015 2445 1238 2497; x_wconf 89' lang='lat' dir='ltr'><strong>Philippum</strong></span> <span class='ocrx_word' id='word_1_303' title='bbox 1259 2460 1345 2485; x_wconf 88' lang='lat' dir='ltr'><strong>esse</strong></span> <span class='ocrx_word' id='word_1_304' title='bbox 1364 2448 1597 2487; x_wconf 89' lang='lat' dir='ltr'><strong>formosum:</strong></span> 
     </span>
     <span class='ocr_line' id='line_1_36' title="bbox 127 2506 1600 2559; baseline 0.003 -15"><span class='ocrx_word' id='word_1_305' title='bbox 127 2506 223 2545; x_wconf 89' lang='lat' dir='ltr'><strong>nihil</strong></span> <span class='ocrx_word' id='word_1_306' title='bbox 242 2507 344 2545; x_wconf 89' lang='lat' dir='ltr'><strong>enim</strong></span> <span class='ocrx_word' id='word_1_307' title='bbox 375 2520 461 2545; x_wconf 89' lang='lat' dir='ltr'><strong>esse</strong></span> <span class='ocrx_word' id='word_1_308' title='bbox 490 2507 654 2545; x_wconf 87' lang='lat' dir='ltr'><strong>muliere</strong></span> <span class='ocrx_word' id='word_1_309' title='bbox 683 2507 903 2545; x_wconf 84' lang='lat' dir='ltr'><strong>formosius.</strong></span> <span class='ocrx_word' id='word_1_310' title='bbox 952 2507 1091 2558; x_wconf 89' lang='lat' dir='ltr'><strong>Neque</strong></span> <span class='ocrx_word' id='word_1_311' title='bbox 1123 2508 1297 2559; x_wconf 88' lang='lat' dir='ltr'><strong>potando</strong></span> <span class='ocrx_word' id='word_1_312' title='bbox 1328 2522 1416 2546; x_wconf 88' lang='lat' dir='ltr'><strong>eum</strong></span> <span class='ocrx_word' id='word_1_313' title='bbox 1449 2511 1600 2550; x_wconf 81' lang='lat' dir='ltr'><strong>valere:</strong></span> 
     </span>
     <span class='ocr_line' id='line_1_37' title="bbox 128 2568 1600 2621; baseline 0.003 -15"><span class='ocrx_word' id='word_1_314' title='bbox 128 2569 233 2620; x_wconf 92' lang='lat' dir='ltr'><strong>quod</strong></span> <span class='ocrx_word' id='word_1_315' title='bbox 246 2581 333 2607; x_wconf 88' lang='lat' dir='ltr'><strong>eam</strong></span> <span class='ocrx_word' id='word_1_316' title='bbox 347 2568 504 2607; x_wconf 89' lang='lat' dir='ltr'><strong>laudem</strong></span> <span class='ocrx_word' id='word_1_317' title='bbox 518 2568 693 2620; x_wconf 82' lang='lat' dir='ltr'><strong>spongiae</strong></span> <span class='ocrx_word' id='word_1_318' title='bbox 707 2582 791 2607; x_wconf 90' lang='lat' dir='ltr'><strong>esse</strong></span> <span class='ocrx_word' id='word_1_319' title='bbox 803 2569 1053 2607; x_wconf 84' lang='lat' dir='ltr'><strong>existimaret.</strong></span> <span class='ocrx_word' id='word_1_320' title='bbox 1086 2569 1225 2620; x_wconf 83' lang='lat' dir='ltr'><strong>Neque</strong></span> <span class='ocrx_word' id='word_1_321' title='bbox 1239 2571 1423 2609; x_wconf 86' lang='lat' dir='ltr'><strong>memoria</strong></span> <span class='ocrx_word' id='word_1_322' title='bbox 1436 2572 1600 2621; x_wconf 88' lang='lat' dir='ltr'><strong>pollere:</strong></span> 
     </span>
     <span class='ocr_line' id='line_1_38' title="bbox 129 2630 1600 2682; baseline 0.002 -14"><span class='ocrx_word' id='word_1_323' title='bbox 129 2630 233 2682; x_wconf 91' lang='lat' dir='ltr'><strong>quod</strong></span> <span class='ocrx_word' id='word_1_324' title='bbox 256 2643 341 2669; x_wconf 89' lang='lat' dir='ltr'><strong>eam</strong></span> <span class='ocrx_word' id='word_1_325' title='bbox 372 2637 528 2682; x_wconf 89' lang='lat' dir='ltr'><strong>putaret</strong></span> <span class='ocrx_word' id='word_1_326' title='bbox 552 2631 715 2670; x_wconf 90' lang='lat' dir='ltr'><strong>rhetoris</strong></span> <span class='ocrx_word' id='word_1_327' title='bbox 735 2631 961 2670; x_wconf 88' lang='lat' dir='ltr'><strong>mercenarii</strong></span> <span class='ocrx_word' id='word_1_328' title='bbox 987 2643 1075 2668; x_wconf 87' lang='lat' dir='ltr'><strong>esse</strong></span> <span class='ocrx_word' id='word_1_329' title='bbox 1103 2632 1495 2670; x_wconf 84' lang='lat' dir='ltr'><strong>commendationem.</strong></span> <span class='ocrx_word' id='word_1_330' title='bbox 1542 2634 1600 2671; x_wconf 86' lang='lat' dir='ltr'><strong>Ne</strong></span> 
     </span>
     <span class='ocr_line' id='line_1_39' title="bbox 128 2691 1601 2745; baseline 0.001 -14"><span class='ocrx_word' id='word_1_331' title='bbox 128 2693 290 2744; x_wconf 88' lang='lat' dir='ltr'><strong>longum</strong></span> <span class='ocrx_word' id='word_1_332' title='bbox 305 2691 458 2740; x_wconf 87' lang='lat' dir='ltr'><strong>faciam,</strong></span> <span class='ocrx_word' id='word_1_333' title='bbox 474 2692 665 2744; x_wconf 88' lang='lat' dir='ltr'><strong>ejusmodi</strong></span> <span class='ocrx_word' id='word_1_334' title='bbox 685 2700 796 2732; x_wconf 87' lang='lat' dir='ltr'><strong>erant</strong></span> <span class='ocrx_word' id='word_1_335' title='bbox 815 2706 861 2731; x_wconf 91' lang='lat' dir='ltr'><strong>ea</strong></span> <span class='ocrx_word' id='word_1_336' title='bbox 880 2706 967 2743; x_wconf 83' lang='lat' dir='ltr'><strong>quae</strong></span> <span class='ocrx_word' id='word_1_337' title='bbox 981 2692 1148 2739; x_wconf 89' lang='lat' dir='ltr'><strong>dicebat,</strong></span> <span class='ocrx_word' id='word_1_338' title='bbox 1167 2693 1425 2744; x_wconf 67' lang='lat' dir='ltr'><strong>praesentibus</strong></span> <span class='ocrx_word' id='word_1_339' title='bbox 1447 2693 1601 2745; x_wconf 80' lang='lat' dir='ltr'><strong>legatis,</strong></span> 
     </span>
     <span class='ocr_line' id='line_1_40' title="bbox 130 2754 1603 2806; baseline 0.001 -13"><span class='ocrx_word' id='word_1_340' title='bbox 130 2763 174 2794; x_wconf 91' lang='lat' dir='ltr'><strong>ut</strong></span> <span class='ocrx_word' id='word_1_341' title='bbox 200 2754 364 2793; x_wconf 87' lang='lat' dir='ltr'><strong>breviter</strong></span> <span class='ocrx_word' id='word_1_342' title='bbox 384 2755 636 2806; x_wconf 89' lang='lat' dir='ltr'><strong>complectar,</strong></span> <span class='ocrx_word' id='word_1_343' title='bbox 656 2755 776 2794; x_wconf 87' lang='lat' dir='ltr'><strong>totius</strong></span> <span class='ocrx_word' id='word_1_344' title='bbox 804 2755 986 2803; x_wconf 86' lang='lat' dir='ltr'><strong>Graeciae,</strong></span> <span class='ocrx_word' id='word_1_345' title='bbox 1005 2754 1111 2793; x_wconf 87' lang='lat' dir='ltr'><strong>unde</strong></span> <span class='ocrx_word' id='word_1_346' title='bbox 1135 2755 1234 2793; x_wconf 88' lang='lat' dir='ltr'><strong>risus</strong></span> <span class='ocrx_word' id='word_1_347' title='bbox 1255 2755 1446 2793; x_wconf 80' lang='lat' dir='ltr'><strong>maximus</strong></span> <span class='ocrx_word' id='word_1_348' title='bbox 1471 2757 1603 2794; x_wconf 83' lang='lat' dir='ltr'><strong>conci-</strong></span> 
     </span>
     <span class='ocr_line' id='line_1_41' title="bbox 131 2816 300 2854; baseline -0.012 0"><span class='ocrx_word' id='word_1_349' title='bbox 131 2816 300 2854; x_wconf 81' lang='lat' dir='ltr'><strong>tabatur.</strong></span> 
     </span>
    </p>

    <p class='ocr_par' dir='ltr' id='par_1_5' title="bbox 132 2876 1603 2993">
     <span class='ocr_line' id='line_1_42' title="bbox 187 2876 1603 2932; baseline 0.002 -17"><span class='ocrx_word' id='word_1_350' title='bbox 187 2879 252 2915; x_wconf 88' lang='lat'><strong>35.</strong></span> <span class='ocrx_word' id='word_1_351' title='bbox 281 2876 338 2915; x_wconf 85' lang='lat' dir='ltr'><strong>Ut</strong></span> <span class='ocrx_word' id='word_1_352' title='bbox 374 2883 502 2915; x_wconf 89' lang='lat' dir='ltr'><strong>autem</strong></span> <span class='ocrx_word' id='word_1_353' title='bbox 538 2877 748 2930; x_wconf 89' lang='lat' dir='ltr'><strong>aliquando</strong></span> <span class='ocrx_word' id='word_1_354' title='bbox 781 2877 946 2923; x_wconf 86' lang='lat' dir='ltr'><strong>finierat,</strong></span> <span class='ocrx_word' id='word_1_355' title='bbox 982 2878 1165 2928; x_wconf 81' lang='lat' dir='ltr'><strong>factoque</strong></span> <span class='ocrx_word' id='word_1_356' title='bbox 1204 2878 1368 2924; x_wconf 88' lang='lat' dir='ltr'><strong>silentio,</strong></span> <span class='ocrx_word' id='word_1_357' title='bbox 1407 2892 1481 2930; x_wconf 82' lang='lat' dir='ltr'><strong>ego</strong></span> <span class='ocrx_word' id='word_1_358' title='bbox 1513 2889 1603 2932; x_wconf 90' lang='lat' dir='ltr'><strong>post</strong></span> 
     </span>
     <span class='ocr_line' id='line_1_43' title="bbox 132 2938 1600 2993; baseline 0.003 -16"><span class='ocrx_word' id='word_1_359' title='bbox 132 2946 280 2978; x_wconf 86' lang='lat' dir='ltr'><strong>tantam</strong></span> <span class='ocrx_word' id='word_1_360' title='bbox 302 2938 571 2986; x_wconf 80' lang='lat' dir='ltr'><strong>rusticitatem,</strong></span> <span class='ocrx_word' id='word_1_361' title='bbox 591 2945 630 2978; x_wconf 85' lang='lat' dir='ltr'><strong>et</strong></span> <span class='ocrx_word' id='word_1_362' title='bbox 653 2947 731 2979; x_wconf 89' lang='lat' dir='ltr'><strong>tam</strong></span> <span class='ocrx_word' id='word_1_363' title='bbox 752 2940 945 2990; x_wconf 84' lang='lat' dir='ltr'><strong>insignem</strong></span> <span class='ocrx_word' id='word_1_364' title='bbox 974 2939 1235 2979; x_wconf 79' lang='lat' dir='ltr'><strong>adulationem</strong></span> <span class='ocrx_word' id='word_1_365' title='bbox 1265 2939 1392 2978; x_wconf 81' lang='lat' dir='ltr'><strong>dicere</strong></span> <span class='ocrx_word' id='word_1_366' title='bbox 1421 2944 1600 2993; x_wconf 81' lang='lat' dir='ltr'><strong>cogebar.</strong></span> 
     </span>
    </p>
   </div>
  </div>
 </body>
</html>
