1981 3356
243 219 530 258 ADVERSUS
564 221 982 261 NAUSIMACHUM
1016 221 1081 259 ET
1112 222 1495 263 XENOPITHEM.
1544 227 1622 265 575

159 332 308 363 tantum
346 327 661 365 transactio
697 326 826 365 valeat
858 333 1019 377 rataque
1047 326 1108 373 sit,
1140 327 1179 364 in
1211 328 1359 367 ratione
1398 329 1626 380 pecuniaria

156 387 362 438 causisque
383 388 595 428 minoribus
615 402 694 427 non
714 388 890 428 valebit?
938 389 1095 427 Valebit
1114 389 1303 441 profecto.
1362 392 1499 443 Neque
1520 392 1624 431 enim

158 446 233 486 hoc
267 449 535 500 gravissimum
567 461 639 497 est,
660 451 692 488 si
723 464 797 502 ego
822 454 888 500 jus
920 464 1048 490 meum
1080 465 1103 490 a
1127 451 1237 490 vobis
1269 466 1348 491 non
1382 466 1622 505 consequar:

159 509 244 557 sed,
264 512 296 549 si
308 511 418 563 justa
436 526 496 551 res
517 514 565 551 ab
585 513 691 551 omni
710 526 794 552 aevo
816 520 985 565 recepta,
1007 526 1111 551 nunc
1132 515 1396 565 abrogabitur.

215 574 252 610 8.
282 572 374 612 Non
406 575 584 612 locarunt
610 582 783 613 nostram
813 575 986 621 domum,
1016 575 1182 614 sortasse
1215 575 1368 614 dicent:
1413 589 1492 615 non
1523 578 1624 616 enim

160 632 284 671 voluit
312 641 474 685 patruus
500 642 629 673 vester
661 636 916 687 XenopitheS‚
951 636 1035 682 sed,
1067 650 1158 675 cum
1190 649 1273 675 rem
1304 650 1391 676 eam
1423 630 1627 677 detulisset

160 694 337 742 Nicidas‚
356 695 556 747 judicibus
588 697 784 748 persuasit
813 706 855 735 ut
882 698 952 735 sibi
982 698 1066 749 ejus
1101 698 1366 750 gubernandae
1398 699 1626 738 facultatem

158 756 309 795 darent,
380 757 433 795 Et
464 757 540 796 hoc
573 758 700 796 sciunt
733 771 884 797 omnes.
957 760 1086 798 Multa
1122 759 1231 798 vobis
1268 760 1323 798 illi
1359 760 1627 811 diripuerunt:

158 817 320 869 proinde
359 831 444 857 eam
475 832 633 870 poenam
666 820 714 857 de
748 821 803 858 eis
838 821 1073 872 sumpsistis,
1106 834 1226 872 quam
1260 821 1484 872 persuaderi
1519 822 1628 860 vobis

159 879 316 926 sivistis,
333 893 404 919 nec
424 881 557 932 utique
577 881 706 920 denuo
724 882 833 920 vobis
853 882 904 920 de
918 895 980 920 me
1000 895 1116 934 poena
1136 883 1327 921 sumenda
1348 889 1422 921 est.

215 943 254 981 9.
286 942 340 980 Ut
359 956 407 981 ne
427 957 518 982 vero
538 944 613 982 ista
643 944 787 996 putetis
817 957 900 983 esse
925 944 1085 996 aliquid,
1105 951 1146 983 et
1174 944 1206 982 si
1232 943 1307 983 hoc
1336 952 1440 983 certe
1469 945 1628 997 quidem

160 1003 336 1056 iniquum
356 1013 441 1044 est:
473 1007 538 1057 qui
567 1006 669 1044 eni-m
702 1013 806 1045 esset
835 1006 1015 1057 aequum?
1048 1007 1096 1045 ab
1124 1006 1169 1044 iis
1198 1006 1262 1058 qui
1288 1019 1377 1045 cum
1405 1008 1629 1046 auctoribus

161 1073 436 1119 transegerunt
472 1068 524 1107 rei
562 1069 718 1120 ignaros
747 1069 936 1107 accusari.
962 1080 967 1085 ‘
994 1068 1072 1106 Sed
1110 1075 1253 1115 tamen,
1282 1081 1305 1106 o
1340 1069 1561 1121 Xenopithe
1592 1077 1632 1108 et

162 1127 439 1177 Nausimache,
460 1130 490 1169 si
510 1144 652 1182 magna
666 1131 776 1169 vobis
798 1138 837 1169 et
858 1130 1102 1169 admirabilia
1113 1131 1202 1182 jura
1220 1143 1309 1170 esse
1327 1130 1487 1182 putatis,
1508 1131 1630 1170 tribus

159 1190 313 1230 talentis
332 1192 409 1230 hue
426 1193 679 1231 renumeratis
698 1193 888 1243 pergitote
904 1206 912 1230 ε
943 1206 967 1230 a
985 1192 1124 1243 quibus
1140 1205 1231 1231 vero
1250 1206 1299 1230 ne
1315 1205 1383 1231 eos
1398 1194 1631 1231 accusaretis

159 1259 308 1291 tantam
327 1255 534 1306 pecuniam
554 1254 752 1306 exegistis,
773 1254 998 1306 priusquam
1027 1254 1194 1293 eandem
1220 1253 1481 1300 reddideritis,
1502 1261 1632 1293 tacere

158 1327 227 1353 vos
257 1328 412 1368 aequum
440 1324 513 1364 est,
542 1324 582 1355 et
607 1329 685 1355 non
706 1329 888 1356 accusare
908 1316 1052 1368 pariter
1077 1323 1116 1355 et
1135 1324 1280 1356 tenere.
1341 1316 1441 1354 Nam
1463 1329 1509 1355 ea
1527 1325 1633 1355 esset

161 1389 313 1416 summa
330 1378 529 1431 iniquitas.

222 1441 282 1480 10.
314 1441 501 1482 Fortassis
522 1450 650 1481 autem
672 1450 712 1481 et
739 1443 949 1482 instructas
971 1457 993 1480 a
1013 1456 1055 1482 se
1076 1443 1250 1481 triremes
1281 1442 1566 1494 praedicabunt,
1594 1451 1634 1481 et

163 1515 255 1542 suas
288 1517 382 1556 opes
416 1505 454 1543 in
474 1518 544 1544 vos
577 1514 785 1557 erogatasa
831 1505 916 1557 Ego
936 1518 1027 1543 vero
1059 1504 1158 1543 illud
1183 1504 1372 1551 omittam,
1401 1505 1631 1543 mentituros

160 1578 246 1604 esse
266 1578 347 1613 eos,
368 1574 407 1606 et
426 1581 515 1606 cum
535 1568 719 1619 pleraque
749 1581 822 1606 sua
840 1568 944 1606 bona
965 1567 1215 1619 perdiderint,
1238 1579 1531 1619 paucorumque
1552 1581 1635 1606 res-

161 1627 319 1678 publica
352 1636 502 1680 partem
523 1631 684 1681 ceperit,
704 1643 771 1669 eos
792 1630 974 1679 injustam
1003 1636 1043 1668 et
1069 1629 1281 1668 indebitam
1301 1628 1465 1680 gratiam
1486 1642 1509 1667 a
1525 1631 1635 1668 vobis

161 1690 416 1741 repetiturosz
446 1705 536 1730 nam
568 1699 608 1730 et
629 1693 711 1744 ipse
742 1692 911 1743 postulo,
939 1691 1115 1738 Judices,
1144 1699 1187 1729 ut
1212 1691 1392 1730 omnibus
1426 1691 1537 1730 nobis
1569 1692 1634 1742 qui

161 1753 260 1791 bene
280 1766 469 1793 meremur
490 1755 539 1793 de
557 1755 758 1806 republica
774 1756 899 1807 gratia
912 1755 1093 1805 quaedam
1114 1767 1137 1792 a
1156 1755 1265 1792 vobis
1278 1754 1482 1801 habeatur,
1495 1754 1635 1806 quibus

160 1827 252 1853 vero
272 1817 466 1855 maxima?
507 1817 589 1855 Illis
611 1818 804 1863 nimirum,
820 1818 886 1868 qui
902 1816 1085 1868 quicquid
1104 1818 1140 1854 in
1164 1830 1209 1855 ea
1229 1830 1268 1854 re
1285 1817 1440 1868 publice
1459 1816 1634 1869 prodest,

160 1877 322 1925 faciunt,
349 1878 389 1916 id
409 1892 500 1918 vero
520 1879 625 1931 quod
653 1887 766 1931 turpe
796 1892 880 1917 esse
913 1891 1047 1917 omnes
1071 1878 1204 1917 dicant
1237 1884 1276 1916 et
1295 1878 1536 1923 indecorum,
1556 1891 1635 1917 non

161 1939 391 1992 suscipiunt.
450 1941 526 1986 Qui
557 1949 687 1980 autem
717 1941 831 1980 simul
865 1948 903 1980 et
929 1941 1087 1992 publica
1115 1953 1274 1978 munera
1294 1942 1440 1979 obeunt
1459 1947 1497 1978 et
1525 1953 1635 1978 suam

161 1995 242 2040 rem
260 2002 488 2042 familiarem
519 2004 697 2056 perdunt,
718 2003 969 2056 opprobrium
1002 2003 1225 2055 reipublicae
1252 2003 1433 2041 beneficii
1460 2003 1547 2041 loco
1577 2015 1636 2041 re-

161 2063 370 2116 linquunt3
399 2079 513 2105 nemo
529 2067 631 2105 enim
649 2067 733 2118 ipse
753 2079 839 2105 sese
861 2078 1029 2116 unquam
1050 2064 1266 2112 accusavit,
1282 2065 1353 2103 sed
1373 2065 1528 2116 publice
1543 2079 1636 2117 opes

165 2126 238 2166 sibi
267 2134 420 2180 ereptas
453 2141 540 2168 esse
574 2128 784 2168 dictitant:
825 2127 887 2177 qui
923 2140 1013 2166 vero
1040 2134 1079 2165 et
1111 2140 1200 2178 quae
1230 2139 1299 2165 vos
1326 2126 1473 2177 jubetis
1508 2127 1638 2165 omnia

164 2194 319 2228 strenue
338 2197 621 2242 exsequuntur,
641 2197 681 2228 et
714 2202 786 2228 sua
810 2189 959 2228 caeteris
989 2189 1028 2226 in
1055 2189 1170 2226 rebus
1196 2187 1421 2238 frugalitate
1455 2201 1534 2226 rem
1568 2189 1638 2227 do-

166 2251 367 2290 mesticam
397 2259 568 2299 tuentur,
596 2265 673 2291 non
703 2265 748 2290 eo
774 2251 929 2290 nomine
961 2251 1152 2288 duntaxat
1178 2250 1253 2288 illis
1282 2250 1514 2301 praeferendi
1534 2259 1637 2297 sunt,

165 2313 271 2364 quod
291 2327 377 2353 sese
396 2314 513 2352 utiles
534 2322 573 2353 et
591 2315 839 2366 praebuerunt
864 2321 903 2352 et
932 2313 1178 2365 praebebunt,
1200 2311 1271 2350 sed
1290 2312 1397 2364 quod
1418 2313 1534 2351 etiam
1556 2314 1636 2352 sine

165 2376 399 2415 contumelia
417 2377 528 2416 vobis
560 2390 607 2416 ea
635 2383 832 2429 praestant.
893 2376 974 2416 Nos
1003 2382 1134 2414 autem
1154 2375 1254 2414 tales
1275 2376 1315 2413 in
1344 2388 1412 2414 vos
1441 2376 1636 2416 exstitisse

164 2439 381 2478 constabit:
409 2439 507 2478 istos
526 2451 617 2477 vero
636 2438 776 2478 missos
796 2439 950 2487 faciam,
970 2452 1019 2477 ne
1039 2437 1110 2476 sibi
1129 2437 1310 2477 maledici
1330 2446 1555 2489 querantur.

223 2501 284 2539 11.
316 2501 456 2553 Neque
484 2501 665 2547 mirabor,
696 2502 728 2539 si
761 2508 802 2539 et
831 2501 925 2539 flere
950 2507 990 2539 et
1024 2514 1066 2539 se
1095 2499 1334 2539 miserabiles
1367 2500 1492 2539 facere
1520 2514 1638 2539 cona-

164 2564 323 2603 buntur.
380 2564 466 2616 Ego
493 2577 585 2604 vero
618 2563 806 2603 adversus
834 2563 908 2602 ista
935 2575 1003 2601 vos
1036 2575 1170 2601 omnes
1191 2561 1248 2600 sic
1268 2562 1488 2601 existimare
1510 2563 1637 2606 velim,

165 2631 276 2677 turpe
305 2639 403 2673 esse,
422 2639 468 2665 ac
496 2626 626 2678 potius
654 2625 854 2678 injustum,
882 2638 948 2664 eos
978 2625 1043 2676 qui
1075 2624 1289 2664 helluando
1315 2632 1355 2662 et
1373 2638 1461 2662 curn
1485 2626 1638 2663 Aristo-

167 2694 274 2727 crate
307 2688 582 2740 Diognetoque
614 2695 654 2726 et
680 2688 765 2740 ejus
799 2687 951 2739 generis
985 2687 1204 2726 hominibus
1249 2686 1532 2725 debacchando
1568 2700 1637 2725 sua

168 2750 269 2789 male
304 2750 571 2803 perdiderunt,
611 2762 715 2788 nunc
748 2756 792 2788 ut
827 2749 956 2788 aliena
985 2748 1138 2801 rapiant
1170 2749 1322 2801 plorare
1355 2755 1394 2786 et
1424 2749 1639 2789 lamentari.

167 2812 242 2852 Illa
259 2814 367 2853 vobis
389 2813 632 2866 deploranda
646 2819 769 2858 erant,
786 2825 875 2864 quae
895 2812 1132 2851 factitabatis
1149 2825 1158 2849 :
1188 2825 1293 2850 nunc
1309 2823 1401 2849 vero
1421 2811 1639 2863 lacryman-

175 2875 267 2913 dum
301 2889 380 2915 non
413 2882 485 2922 est,
507 2876 578 2915 sed
608 2888 679 2915 vos
712 2887 792 2913 non
822 2875 1062 2926 transegisse
1092 2873 1393 2920 ostendendum,
1427 2881 1494 2912 aut
1530 2876 1637 2914 vobis

170 2950 303 2976 rursus
337 2937 530 2977 actionem
560 2951 647 2977 esse
681 2949 815 2976 earum
849 2950 978 2977 rerum
1009 2950 1105 2988 quas
1137 2935 1396 2987 transegistis,
1417 2944 1484 2974 aut
1511 2937 1637 2975 adhuc·

173 3015 258 3040 esse
282 3001 431 3052 justum
459 3001 585 3039 sortiri
612 2999 817 3050 judicium,
848 3013 938 3039 cum
965 3000 1028 3040 lex
1061 2999 1368 3052 quinquennium
1404 2999 1638 3050 praefinierit.
