<?xml version="1.0" encoding="UTF-8"?>
<!DOCTYPE html PUBLIC "-//W3C//DTD XHTML 1.0 Transitional//EN"
    "http://www.w3.org/TR/xhtml1/DTD/xhtml1-transitional.dtd">
<html xmlns="http://www.w3.org/1999/xhtml" xml:lang="en" lang="en">
 <head>
  <title>
</title>
<meta http-equiv="Content-Type" content="text/html;charset=utf-8" />
  <meta name='ocr-system' content='tesseract 3.04.00' />
  <meta name='ocr-capabilities' content='ocr_page ocr_carea ocr_par ocr_line ocrx_word'/>
</head>
<body>
  <div class='ocr_page' id='page_1' title='image "./oratoresatticie16dobs_0396.png"; bbox 0 0 1948 3306; ppageno 0'>
   <div class='ocr_carea' id='block_1_1' title="bbox 319 143 1461 203">
    <p class='ocr_par' dir='ltr' id='par_1_1' title="bbox 319 143 1461 203">
     <span class='ocr_line' id='line_1_1' title="bbox 319 143 1461 203; baseline 0.003 -3"><span class='ocrx_word' id='word_1_1' title='bbox 319 143 382 201; x_wconf 39' lang='lat'>44*</span> <span class='ocrx_word' id='word_1_2' title='bbox 637 162 711 202; x_wconf 83' lang='lat' dir='ltr'>DE</span> <span class='ocrx_word' id='word_1_3' title='bbox 742 162 891 201; x_wconf 84' lang='lat' dir='ltr'><strong>MALE</strong></span> <span class='ocrx_word' id='word_1_4' title='bbox 921 162 1102 202; x_wconf 76' lang='lat' dir='ltr'>GEsTA</span> <span class='ocrx_word' id='word_1_5' title='bbox 1134 162 1461 203; x_wconf 68' lang='lat' dir='ltr'>LEGA&#39;rioNE.</span> 
     </span>
    </p>
   </div>
   <div class='ocr_carea' id='block_1_2' title="bbox 318 265 1835 2782">
    <p class='ocr_par' dir='ltr' id='par_1_2' title="bbox 320 265 1792 620">
     <span class='ocr_line' id='line_1_2' title="bbox 320 265 1784 318; baseline 0.001 -16"><span class='ocrx_word' id='word_1_6' title='bbox 320 265 471 310; x_wconf 84' lang='lat' dir='ltr'>maeleo,</span> <span class='ocrx_word' id='word_1_7' title='bbox 494 270 562 303; x_wconf 88' lang='lat' dir='ltr'>aut</span> <span class='ocrx_word' id='word_1_8' title='bbox 581 265 611 303; x_wconf 76' lang='lat' dir='ltr'>si</span> <span class='ocrx_word' id='word_1_9' title='bbox 629 265 722 316; x_wconf 89' lang='lat' dir='ltr'>quid</span> <span class='ocrx_word' id='word_1_10' title='bbox 742 266 848 304; x_wconf 81' lang='lat' dir='ltr'>aliud</span> <span class='ocrx_word' id='word_1_11' title='bbox 868 273 928 305; x_wconf 89' lang='lat' dir='ltr'>est</span> <span class='ocrx_word' id='word_1_12' title='bbox 953 265 1140 318; x_wconf 83' lang='lat' dir='ltr'>ejusmodi</span> <span class='ocrx_word' id='word_1_13' title='bbox 1170 267 1384 311; x_wconf 80' lang='lat' dir='ltr'>nominum,</span> <span class='ocrx_word' id='word_1_14' title='bbox 1414 267 1519 318; x_wconf 86' lang='lat' dir='ltr'>prius</span> <span class='ocrx_word' id='word_1_15' title='bbox 1538 267 1784 318; x_wconf 79' lang='lat' dir='ltr'>ignorabam:</span> 
     </span>
     <span class='ocr_line' id='line_1_3' title="bbox 320 326 1788 379; baseline 0.002 -17"><span class='ocrx_word' id='word_1_16' title='bbox 320 338 425 363; x_wconf 89' lang='lat' dir='ltr'>nunc</span> <span class='ocrx_word' id='word_1_17' title='bbox 450 326 566 363; x_wconf 88' lang='lat' dir='ltr'>istum</span> <span class='ocrx_word' id='word_1_18' title='bbox 588 327 707 364; x_wconf 85' lang='lat' dir='ltr'>totius</span> <span class='ocrx_word' id='word_1_19' title='bbox 721 327 877 365; x_wconf 77' lang='lat' dir='ltr'>malitiae</span> <span class='ocrx_word' id='word_1_20' title='bbox 898 336 1034 366; x_wconf 83' lang='lat' dir='ltr'>nactus</span> <span class='ocrx_word' id='word_1_21' title='bbox 1048 329 1311 379; x_wconf 77' lang='lat' dir='ltr'><strong>interpretem,</strong></span> <span class='ocrx_word' id='word_1_22' title='bbox 1328 329 1456 366; x_wconf 85' lang='lat' dir='ltr'>didici.</span> <span class='ocrx_word' id='word_1_23' title='bbox 1488 329 1588 366; x_wconf 83' lang='lat' dir='ltr'>Nam</span> <span class='ocrx_word' id='word_1_24' title='bbox 1608 340 1788 378; x_wconf 81' lang='lat' dir='ltr'>unoquo-</span> 
     </span>
     <span class='ocr_line' id='line_1_4' title="bbox 322 389 1792 439; baseline 0.001 -15"><span class='ocrx_word' id='word_1_25' title='bbox 322 400 398 438; x_wconf 87' lang='lat' dir='ltr'>que</span> <span class='ocrx_word' id='word_1_26' title='bbox 420 395 593 425; x_wconf 86' lang='lat' dir='ltr'>nostrum</span> <span class='ocrx_word' id='word_1_27' title='bbox 617 389 793 438; x_wconf 88' lang='lat' dir='ltr'>seducto,</span> <span class='ocrx_word' id='word_1_28' title='bbox 816 389 879 426; x_wconf 90' lang='lat' dir='ltr'>alii</span> <span class='ocrx_word' id='word_1_29' title='bbox 910 390 1114 427; x_wconf 80' lang='lat' dir='ltr'>collectam</span> <span class='ocrx_word' id='word_1_30' title='bbox 1138 402 1180 426; x_wconf 89' lang='lat' dir='ltr'>se</span> <span class='ocrx_word' id='word_1_31' title='bbox 1207 389 1435 426; x_wconf 88' lang='lat' dir='ltr'>collaturum</span> <span class='ocrx_word' id='word_1_32' title='bbox 1464 389 1735 439; x_wconf 69' lang='lat' dir='ltr'>pollicebatur,</span> <span class='ocrx_word' id='word_1_33' title='bbox 1752 394 1792 425; x_wconf 87' lang='lat' dir='ltr'>et</span> 
     </span>
     <span class='ocr_line' id='line_1_5' title="bbox 320 449 1789 502; baseline 0 -15"><span class='ocrx_word' id='word_1_34' title='bbox 320 449 369 487; x_wconf 93' lang='lat' dir='ltr'>de</span> <span class='ocrx_word' id='word_1_35' title='bbox 390 462 461 487; x_wconf 87' lang='lat' dir='ltr'>suo</span> <span class='ocrx_word' id='word_1_36' title='bbox 475 450 642 488; x_wconf 82' lang='lat' dir='ltr'>laturum</span> <span class='ocrx_word' id='word_1_37' title='bbox 662 464 746 488; x_wconf 89' lang='lat' dir='ltr'>esse</span> <span class='ocrx_word' id='word_1_38' title='bbox 766 464 893 501; x_wconf 86' lang='lat' dir='ltr'>opem,</span> <span class='ocrx_word' id='word_1_39' title='bbox 914 451 1030 488; x_wconf 83' lang='lat' dir='ltr'>alium</span> <span class='ocrx_word' id='word_1_40' title='bbox 1052 452 1100 488; x_wconf 84' lang='lat' dir='ltr'>ad</span> <span class='ocrx_word' id='word_1_41' title='bbox 1122 449 1583 502; x_wconf 84' lang='lat' dir='ltr'>imperiumevecturum,</span> <span class='ocrx_word' id='word_1_42' title='bbox 1610 463 1671 497; x_wconf 87' lang='lat' dir='ltr'>me</span> <span class='ocrx_word' id='word_1_43' title='bbox 1699 461 1789 487; x_wconf 86' lang='lat' dir='ltr'>vero</span> 
     </span>
     <span class='ocr_line' id='line_1_6' title="bbox 322 511 1789 563; baseline 0 -15"><span class='ocrx_word' id='word_1_44' title='bbox 322 517 541 556; x_wconf 78' lang='lat' dir='ltr'>assectans,</span> <span class='ocrx_word' id='word_1_45' title='bbox 563 518 601 549; x_wconf 89' lang='lat' dir='ltr'>et</span> <span class='ocrx_word' id='word_1_46' title='bbox 620 511 763 562; x_wconf 75' lang='lat' dir='ltr'>ingenii</span> <span class='ocrx_word' id='word_1_47' title='bbox 786 512 857 548; x_wconf 85' lang='lat' dir='ltr'>inei</span> <span class='ocrx_word' id='word_1_48' title='bbox 877 512 1100 550; x_wconf 80' lang='lat' dir='ltr'>felicitatem</span> <span class='ocrx_word' id='word_1_49' title='bbox 1121 513 1353 563; x_wconf 78' lang='lat' dir='ltr'>praedicans,</span> <span class='ocrx_word' id='word_1_50' title='bbox 1377 519 1495 563; x_wconf 90' lang='lat' dir='ltr'>atque</span> <span class='ocrx_word' id='word_1_51' title='bbox 1513 511 1683 550; x_wconf 75' lang='lat' dir='ltr'><strong>habitam</strong></span> <span class='ocrx_word' id='word_1_52' title='bbox 1703 523 1789 549; x_wconf 86' lang='lat' dir='ltr'>ora-</span> 
     </span>
     <span class='ocr_line' id='line_1_7' title="bbox 322 572 1547 620; baseline 0.001 -10"><span class='ocrx_word' id='word_1_53' title='bbox 322 572 466 610; x_wconf 86' lang='lat' dir='ltr'>tionem</span> <span class='ocrx_word' id='word_1_54' title='bbox 490 573 705 619; x_wconf 84' lang='lat' dir='ltr'>celebrans,</span> <span class='ocrx_word' id='word_1_55' title='bbox 722 573 867 610; x_wconf 84' lang='lat' dir='ltr'>multus</span> <span class='ocrx_word' id='word_1_56' title='bbox 884 581 966 610; x_wconf 85' lang='lat' dir='ltr'>erat</span> <span class='ocrx_word' id='word_1_57' title='bbox 982 586 1041 610; x_wconf 89' lang='lat' dir='ltr'>me</span> <span class='ocrx_word' id='word_1_58' title='bbox 1059 574 1273 620; x_wconf 80' lang='lat' dir='ltr'>laudando,</span> <span class='ocrx_word' id='word_1_59' title='bbox 1294 581 1332 611; x_wconf 90' lang='lat' dir='ltr'>et</span> <span class='ocrx_word' id='word_1_60' title='bbox 1351 574 1547 611; x_wconf 87' lang='lat' dir='ltr'>molestus.</span> 
     </span>
    </p>

    <p class='ocr_par' dir='ltr' id='par_1_3' title="bbox 322 634 1835 1726">
     <span class='ocr_line' id='line_1_8' title="bbox 381 634 1835 689; baseline -0.001 -18"><span class='ocrx_word' id='word_1_61' title='bbox 381 636 441 671; x_wconf 70' lang='lat'>18.</span> <span class='ocrx_word' id='word_1_62' title='bbox 475 635 574 673; x_wconf 91' lang='lat' dir='ltr'>Cum</span> <span class='ocrx_word' id='word_1_63' title='bbox 605 642 732 672; x_wconf 81' lang='lat' dir='ltr'>autern</span> <span class='ocrx_word' id='word_1_64' title='bbox 761 647 830 671; x_wconf 89' lang='lat' dir='ltr'>nos</span> <span class='ocrx_word' id='word_1_65' title='bbox 864 647 996 671; x_wconf 80' lang='lat' dir='ltr'>omnes</span> <span class='ocrx_word' id='word_1_66' title='bbox 1028 635 1189 672; x_wconf 85' lang='lat' dir='ltr'>Larissae</span> <span class='ocrx_word' id='word_1_67' title='bbox 1224 648 1557 680; x_wconf 83' lang='lat' dir='ltr'>concoenaremus,</span> <span class='ocrx_word' id='word_1_68' title='bbox 1588 648 1629 673; x_wconf 89' lang='lat' dir='ltr'>se</span> <span class='ocrx_word' id='word_1_69' title='bbox 1661 634 1791 685; x_wconf 76' lang='lat' dir='ltr'>ipsum</span> <span class='ocrx_word' id='word_1_70' title='bbox 1831 679 1835 689; x_wconf 32' lang='grc' dir='ltr'>ἱ</span> 
     </span>
     <span class='ocr_line' id='line_1_9' title="bbox 322 695 1792 747; baseline 0.001 -16"><span class='ocrx_word' id='word_1_71' title='bbox 322 695 498 742; x_wconf 82' lang='lat' dir='ltr'>ludebat,</span> <span class='ocrx_word' id='word_1_72' title='bbox 516 709 559 733; x_wconf 91' lang='lat' dir='ltr'>ac</span> <span class='ocrx_word' id='word_1_73' title='bbox 576 696 730 733; x_wconf 81' lang='lat' dir='ltr'>(licendi</span> <span class='ocrx_word' id='word_1_74' title='bbox 743 702 826 746; x_wconf 69' lang='lat' dir='ltr'>‘qua</span> <span class='ocrx_word' id='word_1_75' title='bbox 847 709 940 733; x_wconf 88' lang='lat' dir='ltr'>usus</span> <span class='ocrx_word' id='word_1_76' title='bbox 957 703 1039 733; x_wconf 88' lang='lat' dir='ltr'>erat</span> <span class='ocrx_word' id='word_1_77' title='bbox 1055 696 1221 746; x_wconf 82' lang='lat' dir='ltr'>inopiam</span> <span class='ocrx_word' id='word_1_78' title='bbox 1240 709 1248 733; x_wconf 90' lang='lat'>:</span> <span class='ocrx_word' id='word_1_79' title='bbox 1281 697 1500 747; x_wconf 78' lang='lat' dir='ltr'>Philippum</span> <span class='ocrx_word' id='word_1_80' title='bbox 1516 703 1640 734; x_wconf 88' lang='lat' dir='ltr'>autem</span> <span class='ocrx_word' id='word_1_81' title='bbox 1658 708 1792 734; x_wconf 90' lang='lat' dir='ltr'>eorum</span> 
     </span>
     <span class='ocr_line' id='line_1_10' title="bbox 325 757 1793 808; baseline 0 -14"><span class='ocrx_word' id='word_1_82' title='bbox 325 758 390 807; x_wconf 88' lang='lat' dir='ltr'>qui</span> <span class='ocrx_word' id='word_1_83' title='bbox 406 758 477 794; x_wconf 88' lang='lat' dir='ltr'>sub</span> <span class='ocrx_word' id='word_1_84' title='bbox 501 757 583 794; x_wconf 87' lang='lat' dir='ltr'>sole</span> <span class='ocrx_word' id='word_1_85' title='bbox 604 765 734 794; x_wconf 76' lang='lat' dir='ltr'>essent</span> <span class='ocrx_word' id='word_1_86' title='bbox 754 757 1116 808; x_wconf 82' lang='lat' dir='ltr'>eloquentissimum</span> <span class='ocrx_word' id='word_1_87' title='bbox 1143 770 1230 795; x_wconf 87' lang='lat' dir='ltr'>esse</span> <span class='ocrx_word' id='word_1_88' title='bbox 1258 758 1469 796; x_wconf 76' lang='lat' dir='ltr'>asserebat.</span> <span class='ocrx_word' id='word_1_89' title='bbox 1528 759 1579 796; x_wconf 92' lang='lat' dir='ltr'>Ut</span> <span class='ocrx_word' id='word_1_90' title='bbox 1598 764 1724 796; x_wconf 85' lang='lat' dir='ltr'>autem</span> <span class='ocrx_word' id='word_1_91' title='bbox 1753 764 1793 794; x_wconf 85' lang='lat' dir='ltr'>et</span> 
     </span>
     <span class='ocr_line' id='line_1_11' title="bbox 325 819 1792 871; baseline 0.001 -15"><span class='ocrx_word' id='word_1_92' title='bbox 325 833 398 870; x_wconf 81' lang='lat' dir='ltr'>ego</span> <span class='ocrx_word' id='word_1_93' title='bbox 420 820 498 857; x_wconf 82' lang='lat' dir='ltr'>tale</span> <span class='ocrx_word' id='word_1_94' title='bbox 520 819 666 871; x_wconf 81' lang='lat' dir='ltr'>aliquid</span> <span class='ocrx_word' id='word_1_95' title='bbox 686 820 998 870; x_wconf 77' lang='lat' dir='ltr'>pronunciaram,</span> <span class='ocrx_word' id='word_1_96' title='bbox 1015 834 1130 870; x_wconf 85' lang='lat' dir='ltr'>quam</span> <span class='ocrx_word' id='word_1_97' title='bbox 1152 821 1370 858; x_wconf 77' lang='lat' dir='ltr'>memoriter</span> <span class='ocrx_word' id='word_1_98' title='bbox 1391 821 1534 860; x_wconf 87' lang='lat' dir='ltr'>nostris</span> <span class='ocrx_word' id='word_1_99' title='bbox 1554 822 1792 859; x_wconf 83' lang='lat' dir='ltr'>orationibus</span> 
     </span>
     <span class='ocr_line' id='line_1_12' title="bbox 324 881 1791 932; baseline 0.001 -15"><span class='ocrx_word' id='word_1_100' title='bbox 324 881 605 931; x_wconf 77' lang='lat' dir='ltr'>respondisset,</span> <span class='ocrx_word' id='word_1_101' title='bbox 632 888 671 919; x_wconf 89' lang='lat' dir='ltr'>et</span> <span class='ocrx_word' id='word_1_102' title='bbox 700 881 890 932; x_wconf 83' lang='lat' dir='ltr'>Ctesipho</span> <span class='ocrx_word' id='word_1_103' title='bbox 930 882 993 931; x_wconf 85' lang='lat' dir='ltr'>qui</span> <span class='ocrx_word' id='word_1_104' title='bbox 1027 889 1202 920; x_wconf 81' lang='lat' dir='ltr'>nostrum</span> <span class='ocrx_word' id='word_1_105' title='bbox 1234 889 1317 919; x_wconf 89' lang='lat' dir='ltr'>erat</span> <span class='ocrx_word' id='word_1_106' title='bbox 1342 889 1436 919; x_wconf 88' lang='lat' dir='ltr'>natu</span> <span class='ocrx_word' id='word_1_107' title='bbox 1470 882 1672 927; x_wconf 83' lang='lat' dir='ltr'>maximus,</span> <span class='ocrx_word' id='word_1_108' title='bbox 1698 882 1791 920; x_wconf 89' lang='lat' dir='ltr'>insi-</span> 
     </span>
     <span class='ocr_line' id='line_1_13' title="bbox 326 944 1789 995; baseline 0.001 -16"><span class='ocrx_word' id='word_1_109' title='bbox 326 956 441 993; x_wconf 81' lang='lat' dir='ltr'>gnem</span> <span class='ocrx_word' id='word_1_110' title='bbox 463 950 704 981; x_wconf 87' lang='lat' dir='ltr'>senectutem</span> <span class='ocrx_word' id='word_1_111' title='bbox 728 957 834 981; x_wconf 84' lang='lat' dir='ltr'>suam</span> <span class='ocrx_word' id='word_1_112' title='bbox 857 951 895 981; x_wconf 91' lang='lat' dir='ltr'>et</span> <span class='ocrx_word' id='word_1_113' title='bbox 915 957 1103 981; x_wconf 78' lang='lat' dir='ltr'>annorum</span> <span class='ocrx_word' id='word_1_114' title='bbox 1129 944 1418 982; x_wconf 68' lang='lat' dir='ltr'>multitudinem</span> <span class='ocrx_word' id='word_1_115' title='bbox 1445 951 1651 990; x_wconf 83' lang='lat' dir='ltr'>narrasset,</span> <span class='ocrx_word' id='word_1_116' title='bbox 1666 945 1789 995; x_wconf 76' lang='lat' dir='ltr'>&#39;atque</span> 
     </span>
     <span class='ocr_line' id='line_1_14' title="bbox 325 1005 1795 1057; baseline 0 -15"><span class='ocrx_word' id='word_1_117' title='bbox 325 1005 536 1055; x_wconf 84' lang='lat' dir='ltr'>adjecisset</span> <span class='ocrx_word' id='word_1_118' title='bbox 567 1018 608 1043; x_wconf 88' lang='lat' dir='ltr'>se</span> <span class='ocrx_word' id='word_1_119' title='bbox 630 1012 738 1043; x_wconf 82' lang='lat' dir='ltr'>tanto</span> <span class='ocrx_word' id='word_1_120' title='bbox 765 1006 948 1057; x_wconf 84' lang='lat' dir='ltr'>temporis</span> <span class='ocrx_word' id='word_1_121' title='bbox 970 1007 1095 1057; x_wconf 87' lang='lat' dir='ltr'>spatio</span> <span class='ocrx_word' id='word_1_122' title='bbox 1116 1006 1267 1043; x_wconf 88' lang='lat' dir='ltr'>nullum</span> <span class='ocrx_word' id='word_1_123' title='bbox 1290 1006 1485 1043; x_wconf 87' lang='lat' dir='ltr'>hominem</span> <span class='ocrx_word' id='word_1_124' title='bbox 1516 1007 1615 1044; x_wconf 88' lang='lat' dir='ltr'>adeo</span> <span class='ocrx_word' id='word_1_125' title='bbox 1635 1018 1795 1050; x_wconf 81' lang='lat' dir='ltr'>suavem</span> 
     </span>
     <span class='ocr_line' id='line_1_15' title="bbox 325 1067 1795 1118; baseline 0 -14"><span class='ocrx_word' id='word_1_126' title='bbox 325 1073 365 1104; x_wconf 89' lang='lat' dir='ltr'>et</span> <span class='ocrx_word' id='word_1_127' title='bbox 384 1067 562 1103; x_wconf 75' lang='lat' dir='ltr'>festivum</span> <span class='ocrx_word' id='word_1_128' title='bbox 584 1067 742 1113; x_wconf 87' lang='lat' dir='ltr'>vidisse,</span> <span class='ocrx_word' id='word_1_129' title='bbox 764 1067 954 1118; x_wconf 82' lang='lat' dir='ltr'>Sisyphus</span> <span class='ocrx_word' id='word_1_130' title='bbox 971 1067 1043 1104; x_wconf 88' lang='lat' dir='ltr'>iste</span> <span class='ocrx_word' id='word_1_131' title='bbox 1060 1081 1147 1105; x_wconf 89' lang='lat' dir='ltr'>cum</span> <span class='ocrx_word' id='word_1_132' title='bbox 1168 1068 1308 1118; x_wconf 85' lang='lat' dir='ltr'>plausu</span> <span class='ocrx_word' id='word_1_133' title='bbox 1325 1081 1511 1105; x_wconf 86' lang='lat' dir='ltr'>manuum</span> <span class='ocrx_word' id='word_1_134' title='bbox 1529 1067 1613 1105; x_wconf 88' lang='lat' dir='ltr'>haec</span> <span class='ocrx_word' id='word_1_135' title='bbox 1626 1067 1795 1118; x_wconf 87' lang='lat' dir='ltr'>quidem,</span> 
     </span>
     <span class='ocr_line' id='line_1_16' title="bbox 325 1128 1795 1180; baseline 0.001 -16"><span class='ocrx_word' id='word_1_136' title='bbox 325 1128 462 1178; x_wconf 86' lang='lat' dir='ltr'>inquit,</span> <span class='ocrx_word' id='word_1_137' title='bbox 485 1128 689 1179; x_wconf 78' lang='lat' dir='ltr'>Ctesipho,</span> <span class='ocrx_word' id='word_1_138' title='bbox 717 1142 844 1180; x_wconf 88' lang='lat' dir='ltr'>neque</span> <span class='ocrx_word' id='word_1_139' title='bbox 865 1136 920 1174; x_wconf 90' lang='lat' dir='ltr'>tu,</span> <span class='ocrx_word' id='word_1_140' title='bbox 940 1142 1067 1180; x_wconf 89' lang='lat' dir='ltr'>neque</span> <span class='ocrx_word' id='word_1_141' title='bbox 1089 1128 1279 1167; x_wconf 89' lang='lat' dir='ltr'>iste—me</span> <span class='ocrx_word' id='word_1_142' title='bbox 1300 1135 1429 1167; x_wconf 83' lang='lat' dir='ltr'>autem</span> <span class='ocrx_word' id='word_1_143' title='bbox 1450 1128 1795 1180; x_wconf 78' lang='lat' dir='ltr'>intelligebat—ad</span> 
     </span>
     <span class='ocr_line' id='line_1_17' title="bbox 327 1189 1799 1242; baseline 0.001 -17"><span class='ocrx_word' id='word_1_144' title='bbox 327 1189 512 1240; x_wconf 87' lang='lat' dir='ltr'>populum</span> <span class='ocrx_word' id='word_1_145' title='bbox 539 1190 669 1228; x_wconf 77' lang='lat' dir='ltr'>dicere</span> <span class='ocrx_word' id='word_1_146' title='bbox 691 1191 863 1234; x_wconf 83' lang='lat' dir='ltr'>audebit,</span> <span class='ocrx_word' id='word_1_147' title='bbox 890 1191 1008 1229; x_wconf 79' lang='lat' dir='ltr'>fuisse</span> <span class='ocrx_word' id='word_1_148' title='bbox 1031 1191 1251 1242; x_wconf 86' lang='lat' dir='ltr'>Philippum</span> <span class='ocrx_word' id='word_1_149' title='bbox 1273 1191 1534 1242; x_wconf 88' lang='lat' dir='ltr'>eloquentem,</span> <span class='ocrx_word' id='word_1_150' title='bbox 1555 1197 1595 1229; x_wconf 87' lang='lat' dir='ltr'>et</span> <span class='ocrx_word' id='word_1_151' title='bbox 1614 1190 1799 1228; x_wconf 87' lang='lat' dir='ltr'>memoria</span> 
     </span>
     <span class='ocr_line' id='line_1_18' title="bbox 326 1251 1795 1303; baseline 0.001 -15"><span class='ocrx_word' id='word_1_152' title='bbox 326 1251 509 1289; x_wconf 86' lang='lat' dir='ltr'>valuisse.</span> <span class='ocrx_word' id='word_1_153' title='bbox 560 1252 644 1289; x_wconf 93' lang='lat' dir='ltr'>Nos</span> <span class='ocrx_word' id='word_1_154' title='bbox 676 1259 804 1290; x_wconf 86' lang='lat' dir='ltr'>autem</span> <span class='ocrx_word' id='word_1_155' title='bbox 839 1253 903 1303; x_wconf 86' lang='lat' dir='ltr'>qui</span> <span class='ocrx_word' id='word_1_156' title='bbox 932 1253 999 1290; x_wconf 85' lang='lat' dir='ltr'>illa</span> <span class='ocrx_word' id='word_1_157' title='bbox 1024 1266 1102 1290; x_wconf 86' lang='lat' dir='ltr'>non</span> <span class='ocrx_word' id='word_1_158' title='bbox 1130 1253 1448 1303; x_wconf 81' lang='lat' dir='ltr'>intelligeremus,</span> <span class='ocrx_word' id='word_1_159' title='bbox 1478 1266 1603 1303; x_wconf 88' lang='lat' dir='ltr'>neque</span> <span class='ocrx_word' id='word_1_160' title='bbox 1634 1252 1795 1290; x_wconf 83' lang='lat' dir='ltr'>insidias</span> 
     </span>
     <span class='ocr_line' id='line_1_19' title="bbox 326 1314 1799 1364; baseline 0 -14"><span class='ocrx_word' id='word_1_161' title='bbox 326 1314 653 1363; x_wconf 81' lang='lat' dir='ltr'>prospiceremus,</span> <span class='ocrx_word' id='word_1_162' title='bbox 673 1327 770 1364; x_wconf 79' lang='lat' dir='ltr'>quas</span> <span class='ocrx_word' id='word_1_163' title='bbox 792 1315 919 1351; x_wconf 82' lang='lat' dir='ltr'>statim</span> <span class='ocrx_word' id='word_1_164' title='bbox 940 1315 1117 1358; x_wconf 85' lang='lat' dir='ltr'>audietis,</span> <span class='ocrx_word' id='word_1_165' title='bbox 1139 1314 1318 1364; x_wconf 83' lang='lat' dir='ltr'>pactione</span> <span class='ocrx_word' id='word_1_166' title='bbox 1339 1314 1507 1364; x_wconf 84' lang='lat' dir='ltr'>quadam</span> <span class='ocrx_word' id='word_1_167' title='bbox 1527 1314 1731 1359; x_wconf 85' lang='lat' dir='ltr'>conclusit,</span> <span class='ocrx_word' id='word_1_168' title='bbox 1753 1320 1799 1351; x_wconf 90' lang='lat' dir='ltr'>ut</span> 
     </span>
     <span class='ocr_line' id='line_1_20' title="bbox 327 1375 1797 1425; baseline 0.002 -15"><span class='ocrx_word' id='word_1_169' title='bbox 327 1375 430 1424; x_wconf 83' lang='lat' dir='ltr'>apud</span> <span class='ocrx_word' id='word_1_170' title='bbox 448 1375 632 1425; x_wconf 85' lang='lat' dir='ltr'>populum</span> <span class='ocrx_word' id='word_1_171' title='bbox 655 1389 696 1412; x_wconf 67' lang='lat' dir='ltr'>ee</span> <span class='ocrx_word' id='word_1_172' title='bbox 691 1376 792 1413; x_wconf 84' lang='lat' dir='ltr'>dem</span> <span class='ocrx_word' id='word_1_173' title='bbox 813 1388 946 1413; x_wconf 89' lang='lat' dir='ltr'>omnes</span> <span class='ocrx_word' id='word_1_174' title='bbox 967 1376 1198 1421; x_wconf 86' lang='lat' dir='ltr'>dice1emus,</span> <span class='ocrx_word' id='word_1_175' title='bbox 1219 1389 1281 1413; x_wconf 90' lang='lat' dir='ltr'>me</span> <span class='ocrx_word' id='word_1_176' title='bbox 1303 1389 1394 1413; x_wconf 62' lang='lat' dir='ltr'>reio</span> <span class='ocrx_word' id='word_1_177' title='bbox 1414 1376 1662 1413; x_wconf 88' lang='lat' dir='ltr'>vehementer</span> <span class='ocrx_word' id='word_1_178' title='bbox 1682 1375 1797 1413; x_wconf 88' lang='lat' dir='ltr'>etiam</span> 
     </span>
     <span class='ocr_line' id='line_1_21' title="bbox 326 1431 1798 1488; baseline 0.002 -16"><span class='ocrx_word' id='word_1_179' title='bbox 326 1431 545 1474; x_wconf 79' lang='lat' dir='ltr'>obtestatus</span> <span class='ocrx_word' id='word_1_180' title='bbox 576 1444 648 1483; x_wconf 81' lang='lat' dir='ltr'>est,</span> <span class='ocrx_word' id='word_1_181' title='bbox 669 1451 717 1475; x_wconf 84' lang='lat' dir='ltr'>ne</span> <span class='ocrx_word' id='word_1_182' title='bbox 739 1437 1071 1488; x_wconf 71' lang='lat' dir='ltr'>praetermitterem</span> <span class='ocrx_word' id='word_1_183' title='bbox 1092 1437 1184 1486; x_wconf 87' lang='lat' dir='ltr'>quin</span> <span class='ocrx_word' id='word_1_184' title='bbox 1213 1437 1393 1482; x_wconf 87' lang='lat' dir='ltr'>dicerem,</span> <span class='ocrx_word' id='word_1_185' title='bbox 1426 1436 1542 1474; x_wconf 89' lang='lat' dir='ltr'>etiam</span> <span class='ocrx_word' id='word_1_186' title='bbox 1564 1437 1798 1483; x_wconf 75' lang='lat' dir='ltr'>Demosthe-</span> 
     </span>
     <span class='ocr_line' id='line_1_22' title="bbox 328 1492 1800 1550; baseline 0.002 -17"><span class='ocrx_word' id='word_1_187' title='bbox 328 1510 415 1534; x_wconf 84' lang='lat' dir='ltr'>nem</span> <span class='ocrx_word' id='word_1_188' title='bbox 437 1497 583 1547; x_wconf 85' lang='lat' dir='ltr'>aliquid</span> <span class='ocrx_word' id='word_1_189' title='bbox 604 1499 749 1536; x_wconf 80' lang='lat' dir='ltr'>dixisse</span> <span class='ocrx_word' id='word_1_190' title='bbox 765 1499 813 1537; x_wconf 90' lang='lat' dir='ltr'>de</span> <span class='ocrx_word' id='word_1_191' title='bbox 831 1499 1072 1550; x_wconf 83' lang='lat' dir='ltr'>Amphipoli.</span> <span class='ocrx_word' id='word_1_192' title='bbox 1103 1492 1310 1536; x_wconf 85' lang='lat' dir='ltr'>Hactenus</span> <span class='ocrx_word' id='word_1_193' title='bbox 1327 1498 1445 1548; x_wconf 87' lang='lat' dir='ltr'>igitur</span> <span class='ocrx_word' id='word_1_194' title='bbox 1461 1505 1581 1536; x_wconf 89' lang='lat' dir='ltr'>testes</span> <span class='ocrx_word' id='word_1_195' title='bbox 1602 1499 1692 1536; x_wconf 88' lang='lat' dir='ltr'>mihi</span> <span class='ocrx_word' id='word_1_196' title='bbox 1708 1505 1800 1537; x_wconf 85' lang='lat' dir='ltr'>sunt</span> 
     </span>
     <span class='ocr_line' id='line_1_23' title="bbox 327 1560 1798 1613; baseline 0.001 -16"><span class='ocrx_word' id='word_1_197' title='bbox 327 1560 392 1611; x_wconf 88' lang='lat' dir='ltr'>leo</span> <span class='ocrx_word' id='word_1_198' title='bbox 395 1560 534 1598; x_wconf 84' lang='lat' dir='ltr'>ationis</span> <span class='ocrx_word' id='word_1_199' title='bbox 551 1561 728 1612; x_wconf 72' lang='lat' dir='ltr'>collegae,</span> <span class='ocrx_word' id='word_1_200' title='bbox 743 1575 842 1613; x_wconf 87' lang='lat' dir='ltr'>quos</span> <span class='ocrx_word' id='word_1_201' title='bbox 861 1575 929 1613; x_wconf 79' lang='lat' dir='ltr'>pei</span> <span class='ocrx_word' id='word_1_202' title='bbox 943 1568 1064 1599; x_wconf 88' lang='lat' dir='ltr'>totam</span> <span class='ocrx_word' id='word_1_203' title='bbox 1081 1561 1296 1599; x_wconf 84' lang='lat' dir='ltr'>orationem</span> <span class='ocrx_word' id='word_1_204' title='bbox 1315 1561 1515 1611; x_wconf 82' lang='lat' dir='ltr'>exagitare</span> <span class='ocrx_word' id='word_1_205' title='bbox 1535 1573 1611 1598; x_wconf 90' lang='lat' dir='ltr'>non</span> <span class='ocrx_word' id='word_1_206' title='bbox 1625 1561 1798 1599; x_wconf 87' lang='lat' dir='ltr'>destitit:</span> 
     </span>
     <span class='ocr_line' id='line_1_24' title="bbox 329 1622 1799 1675; baseline 0.001 -16"><span class='ocrx_word' id='word_1_207' title='bbox 329 1622 523 1660; x_wconf 72' lang='lat' dir='ltr'>orationes</span> <span class='ocrx_word' id='word_1_208' title='bbox 541 1631 683 1669; x_wconf 79' lang='lat' dir='ltr'>autem,</span> <span class='ocrx_word' id='word_1_209' title='bbox 703 1637 770 1674; x_wconf 58' lang='grc' dir='ltr'>(μὴ</span> <span class='ocrx_word' id='word_1_210' title='bbox 758 1638 788 1661; x_wconf 84' lang='lat' dir='ltr'>e</span> <span class='ocrx_word' id='word_1_211' title='bbox 804 1637 873 1675; x_wconf 83' lang='lat' dir='ltr'>pio</span> <span class='ocrx_word' id='word_1_212' title='bbox 888 1630 1076 1675; x_wconf 68' lang='lat' dir='ltr'>suggestu</span> <span class='ocrx_word' id='word_1_213' title='bbox 1095 1623 1202 1674; x_wconf 89' lang='lat' dir='ltr'>apud</span> <span class='ocrx_word' id='word_1_214' title='bbox 1222 1636 1288 1660; x_wconf 89' lang='lat' dir='ltr'>vos</span> <span class='ocrx_word' id='word_1_215' title='bbox 1309 1622 1455 1660; x_wconf 83' lang='lat' dir='ltr'>habitae</span> <span class='ocrx_word' id='word_1_216' title='bbox 1475 1629 1578 1669; x_wconf 86' lang='lat' dir='ltr'>sunt,</span> <span class='ocrx_word' id='word_1_217' title='bbox 1598 1622 1668 1674; x_wconf 89' lang='lat' dir='ltr'>ipsi</span> <span class='ocrx_word' id='word_1_218' title='bbox 1688 1623 1799 1661; x_wconf 87' lang='lat' dir='ltr'>audi-</span> 
     </span>
     <span class='ocr_line' id='line_1_25' title="bbox 328 1653 1153 1726; baseline 0.002 -6"><span class='ocrx_word' id='word_1_219' title='bbox 328 1683 451 1721; x_wconf 89' lang='lat' dir='ltr'>vistis.</span> <span class='ocrx_word' id='word_1_220' title='bbox 482 1686 612 1726; x_wconf 78' lang='lat' dir='ltr'>Quare</span> <span class='ocrx_word' id='word_1_221' title='bbox 634 1653 723 1722; x_wconf 86' lang='lat' dir='ltr'>mihi</span> <span class='ocrx_word' id='word_1_222' title='bbox 741 1686 891 1723; x_wconf 87' lang='lat' dir='ltr'>mentiri</span> <span class='ocrx_word' id='word_1_223' title='bbox 913 1699 991 1722; x_wconf 87' lang='lat' dir='ltr'>non</span> <span class='ocrx_word' id='word_1_224' title='bbox 1008 1685 1153 1722; x_wconf 87' lang='lat' dir='ltr'>licebit.</span> 
     </span>
    </p>

    <p class='ocr_par' dir='ltr' id='par_1_4' title="bbox 318 1718 1821 2782">
     <span class='ocr_line' id='line_1_26' title="bbox 390 1718 1799 1798; baseline 0.001 -15"><span class='ocrx_word' id='word_1_225' title='bbox 390 1746 450 1783; x_wconf 74' lang='lat'>19.</span> <span class='ocrx_word' id='word_1_226' title='bbox 483 1745 584 1783; x_wconf 83' lang='lat' dir='ltr'>Oio</span> <span class='ocrx_word' id='word_1_227' title='bbox 578 1753 707 1784; x_wconf 82' lang='lat' dir='ltr'>autem</span> <span class='ocrx_word' id='word_1_228' title='bbox 726 1760 810 1792; x_wconf 90' lang='lat' dir='ltr'>vos,</span> <span class='ocrx_word' id='word_1_229' title='bbox 832 1753 875 1784; x_wconf 90' lang='lat' dir='ltr'>ut</span> <span class='ocrx_word' id='word_1_230' title='bbox 894 1747 932 1784; x_wconf 84' lang='lat' dir='ltr'>id</span> <span class='ocrx_word' id='word_1_231' title='bbox 954 1746 1094 1784; x_wconf 82' lang='lat' dir='ltr'>laboris</span> <span class='ocrx_word' id='word_1_232' title='bbox 1113 1746 1292 1797; x_wconf 69' lang='lat' dir='ltr'>capiatiS,</span> <span class='ocrx_word' id='word_1_233' title='bbox 1311 1752 1354 1784; x_wconf 88' lang='lat' dir='ltr'>ut</span> <span class='ocrx_word' id='word_1_234' title='bbox 1369 1754 1407 1784; x_wconf 83' lang='lat' dir='ltr'>et</span> <span class='ocrx_word' id='word_1_235' title='bbox 1427 1718 1615 1798; x_wconf 83' lang='lat' dir='ltr'>reliquam</span> <span class='ocrx_word' id='word_1_236' title='bbox 1631 1746 1799 1785; x_wconf 85' lang='lat' dir='ltr'>audiatis</span> 
     </span>
     <span class='ocr_line' id='line_1_27' title="bbox 330 1809 1801 1860; baseline 0.001 -16"><span class='ocrx_word' id='word_1_237' title='bbox 330 1809 750 1847; x_wconf 79' lang='lat' dir='ltr'>nariationcm.N1m</span> <span class='ocrx_word' id='word_1_238' title='bbox 772 1822 965 1860; x_wconf 83' lang='lat' dir='ltr'>quemque</span> <span class='ocrx_word' id='word_1_239' title='bbox 985 1815 1156 1847; x_wconf 86' lang='lat' dir='ltr'>vestrum</span> <span class='ocrx_word' id='word_1_240' title='bbox 1184 1810 1232 1847; x_wconf 88' lang='lat' dir='ltr'>de</span> <span class='ocrx_word' id='word_1_241' title='bbox 1262 1810 1516 1860; x_wconf 84' lang='lat' dir='ltr'>Cersoblepte</span> <span class='ocrx_word' id='word_1_242' title='bbox 1541 1816 1581 1848; x_wconf 90' lang='lat' dir='ltr'>et</span> <span class='ocrx_word' id='word_1_243' title='bbox 1606 1809 1801 1848; x_wconf 85' lang='lat' dir='ltr'>Phocensi</span> 
     </span>
     <span class='ocr_line' id='line_1_28' title="bbox 329 1864 1821 1921; baseline 0.002 -15"><span class='ocrx_word' id='word_1_244' title='bbox 329 1870 489 1907; x_wconf 87' lang='lat' dir='ltr'>crimine</span> <span class='ocrx_word' id='word_1_245' title='bbox 511 1870 644 1908; x_wconf 80' lang='lat' dir='ltr'>audire</span> <span class='ocrx_word' id='word_1_246' title='bbox 666 1884 820 1921; x_wconf 85' lang='lat' dir='ltr'>cupere,</span> <span class='ocrx_word' id='word_1_247' title='bbox 844 1872 937 1908; x_wconf 79' lang='lat' dir='ltr'>satis</span> <span class='ocrx_word' id='word_1_248' title='bbox 959 1871 1054 1915; x_wconf 82' lang='lat' dir='ltr'>scio,</span> <span class='ocrx_word' id='word_1_249' title='bbox 1078 1878 1117 1908; x_wconf 90' lang='lat' dir='ltr'>et</span> <span class='ocrx_word' id='word_1_250' title='bbox 1144 1871 1192 1908; x_wconf 85' lang='lat' dir='ltr'>ad</span> <span class='ocrx_word' id='word_1_251' title='bbox 1219 1871 1284 1908; x_wconf 91' lang='lat' dir='ltr'>illa</span> <span class='ocrx_word' id='word_1_252' title='bbox 1310 1870 1464 1907; x_wconf 84' lang='lat' dir='ltr'>festino.</span> <span class='ocrx_word' id='word_1_253' title='bbox 1495 1871 1639 1908; x_wconf 75' lang='lat' dir='ltr'>Verum</span> <span class='ocrx_word' id='word_1_254' title='bbox 1661 1872 1732 1908; x_wconf 88' lang='lat' dir='ltr'>nisi</span> <span class='ocrx_word' id='word_1_255' title='bbox 1754 1864 1821 1909; x_wconf 80' lang='lat' dir='ltr'>ea</span> 
     </span>
     <span class='ocr_line' id='line_1_29' title="bbox 318 1931 1801 1984; baseline 0.003 -18"><span class='ocrx_word' id='word_1_256' title='bbox 318 1944 419 1980; x_wconf 70' lang='lat' dir='ltr'>rquae</span> <span class='ocrx_word' id='word_1_257' title='bbox 441 1933 693 1976; x_wconf 83' lang='lat' dir='ltr'>antecedunt,</span> <span class='ocrx_word' id='word_1_258' title='bbox 715 1932 954 1978; x_wconf 80' lang='lat' dir='ltr'>audiveritis,</span> <span class='ocrx_word' id='word_1_259' title='bbox 977 1933 1040 1970; x_wconf 86' lang='lat' dir='ltr'>illa</span> <span class='ocrx_word' id='word_1_260' title='bbox 1066 1933 1180 1970; x_wconf 76' lang='lat' dir='ltr'>etiam</span> <span class='ocrx_word' id='word_1_261' title='bbox 1206 1931 1331 1969; x_wconf 77' lang='lat' dir='ltr'>minus</span> <span class='ocrx_word' id='word_1_262' title='bbox 1362 1932 1583 1983; x_wconf 71' lang='lat' dir='ltr'>accipietis:</span> <span class='ocrx_word' id='word_1_263' title='bbox 1613 1934 1801 1984; x_wconf 21' lang='lat' dir='ltr'>sinlperi-</span> 
     </span>
     <span class='ocr_line' id='line_1_30' title="bbox 330 1993 1801 2044; baseline 0.003 -15"><span class='ocrx_word' id='word_1_264' title='bbox 330 1993 480 2030; x_wconf 85' lang='lat' dir='ltr'>clitanti</span> <span class='ocrx_word' id='word_1_265' title='bbox 501 1993 593 2030; x_wconf 84' lang='lat' dir='ltr'>milii</span> <span class='ocrx_word' id='word_1_266' title='bbox 614 1994 800 2031; x_wconf 84' lang='lat' dir='ltr'>arbitratu</span> <span class='ocrx_word' id='word_1_267' title='bbox 820 2007 906 2031; x_wconf 88' lang='lat' dir='ltr'>meo</span> <span class='ocrx_word' id='word_1_268' title='bbox 928 1994 1084 2032; x_wconf 87' lang='lat' dir='ltr'>dicendi</span> <span class='ocrx_word' id='word_1_269' title='bbox 1104 2000 1336 2044; x_wconf 86' lang='lat' dir='ltr'>potestatem</span> <span class='ocrx_word' id='word_1_270' title='bbox 1356 1993 1558 2039; x_wconf 86' lang='lat' dir='ltr'>dederitis,</span> <span class='ocrx_word' id='word_1_271' title='bbox 1584 2000 1624 2032; x_wconf 91' lang='lat' dir='ltr'>et</span> <span class='ocrx_word' id='word_1_272' title='bbox 1645 2007 1801 2037; x_wconf 83' lang='lat' dir='ltr'>conser-</span> 
     </span>
     <span class='ocr_line' id='line_1_31' title="bbox 331 2051 1800 2106; baseline 0.002 -16"><span class='ocrx_word' id='word_1_273' title='bbox 331 2067 422 2091; x_wconf 85' lang='lat' dir='ltr'>vare</span> <span class='ocrx_word' id='word_1_274' title='bbox 439 2061 512 2099; x_wconf 85' lang='lat' dir='ltr'>me,</span> <span class='ocrx_word' id='word_1_275' title='bbox 527 2055 559 2092; x_wconf 88' lang='lat' dir='ltr'>si</span> <span class='ocrx_word' id='word_1_276' title='bbox 580 2051 764 2092; x_wconf 78' lang='lat' dir='ltr'>innocens</span> <span class='ocrx_word' id='word_1_277' title='bbox 785 2069 883 2100; x_wconf 88' lang='lat' dir='ltr'>sum,</span> <span class='ocrx_word' id='word_1_278' title='bbox 905 2056 1078 2106; x_wconf 87' lang='lat' dir='ltr'>poteritis</span> <span class='ocrx_word' id='word_1_279' title='bbox 1095 2055 1187 2093; x_wconf 88' lang='lat' dir='ltr'>satis</span> <span class='ocrx_word' id='word_1_280' title='bbox 1204 2055 1347 2100; x_wconf 87' lang='lat' dir='ltr'>edocti,</span> <span class='ocrx_word' id='word_1_281' title='bbox 1369 2062 1408 2092; x_wconf 85' lang='lat' dir='ltr'>et</span> <span class='ocrx_word' id='word_1_282' title='bbox 1422 2067 1473 2092; x_wconf 84' lang='lat' dir='ltr'>ex</span> <span class='ocrx_word' id='word_1_283' title='bbox 1492 2055 1536 2092; x_wconf 91' lang='lat' dir='ltr'>iis</span> <span class='ocrx_word' id='word_1_284' title='bbox 1552 2055 1688 2105; x_wconf 88' lang='lat' dir='ltr'>quaein</span> <span class='ocrx_word' id='word_1_285' title='bbox 1707 2069 1800 2094; x_wconf 89' lang='lat' dir='ltr'>con-</span> 
     </span>
     <span class='ocr_line' id='line_1_32' title="bbox 331 2115 1802 2168; baseline 0.002 -16"><span class='ocrx_word' id='word_1_286' title='bbox 331 2115 437 2152; x_wconf 82' lang='lat' dir='ltr'>fesso</span> <span class='ocrx_word' id='word_1_287' title='bbox 454 2123 545 2153; x_wconf 86' lang='lat' dir='ltr'>sunt</span> <span class='ocrx_word' id='word_1_288' title='bbox 558 2118 673 2153; x_wconf 87' lang='lat' dir='ltr'>etiam</span> <span class='ocrx_word' id='word_1_289' title='bbox 693 2124 944 2163; x_wconf 86' lang='lat' dir='ltr'>controversa</span> <span class='ocrx_word' id='word_1_290' title='bbox 957 2117 1210 2168; x_wconf 82' lang='lat' dir='ltr'>perspicietis.</span> <span class='ocrx_word' id='word_1_291' title='bbox 1243 2117 1296 2153; x_wconf 94' lang='lat' dir='ltr'>Ut</span> <span class='ocrx_word' id='word_1_292' title='bbox 1310 2115 1411 2154; x_wconf 90' lang='lat' dir='ltr'>enim</span> <span class='ocrx_word' id='word_1_293' title='bbox 1427 2116 1504 2154; x_wconf 88' lang='lat' dir='ltr'>huc</span> <span class='ocrx_word' id='word_1_294' title='bbox 1524 2117 1677 2163; x_wconf 80' lang='lat' dir='ltr'>reversi,</span> <span class='ocrx_word' id='word_1_295' title='bbox 1696 2117 1802 2168; x_wconf 84' lang='lat' dir='ltr'>apud</span> 
     </span>
     <span class='ocr_line' id='line_1_33' title="bbox 332 2178 1802 2229; baseline 0.003 -16"><span class='ocrx_word' id='word_1_296' title='bbox 332 2184 508 2214; x_wconf 84' lang='lat' dir='ltr'>senatum</span> <span class='ocrx_word' id='word_1_297' title='bbox 542 2178 669 2228; x_wconf 79' lang='lat' dir='ltr'>capita</span> <span class='ocrx_word' id='word_1_298' title='bbox 696 2178 899 2228; x_wconf 73' lang='lat' dir='ltr'>legationis</span> <span class='ocrx_word' id='word_1_299' title='bbox 920 2179 1187 2229; x_wconf 83' lang='lat' dir='ltr'>exposuimus,</span> <span class='ocrx_word' id='word_1_300' title='bbox 1218 2184 1258 2215; x_wconf 89' lang='lat' dir='ltr'>et</span> <span class='ocrx_word' id='word_1_301' title='bbox 1282 2178 1411 2215; x_wconf 84' lang='lat' dir='ltr'>literas</span> <span class='ocrx_word' id='word_1_302' title='bbox 1440 2178 1606 2229; x_wconf 88' lang='lat' dir='ltr'>Philippi</span> <span class='ocrx_word' id='word_1_303' title='bbox 1632 2178 1802 2221; x_wconf 82' lang='lat' dir='ltr'>reddidi-</span> 
     </span>
     <span class='ocr_line' id='line_1_34' title="bbox 332 2238 1801 2290; baseline 0.003 -15"><span class='ocrx_word' id='word_1_304' title='bbox 332 2252 432 2282; x_wconf 84' lang='lat' dir='ltr'>mus,</span> <span class='ocrx_word' id='word_1_305' title='bbox 454 2238 635 2276; x_wconf 83' lang='lat' dir='ltr'>laudator</span> <span class='ocrx_word' id='word_1_306' title='bbox 654 2246 787 2279; x_wconf 83' lang='lat' dir='ltr'>noster</span> <span class='ocrx_word' id='word_1_307' title='bbox 806 2240 880 2277; x_wconf 84' lang='lat' dir='ltr'>fuit</span> <span class='ocrx_word' id='word_1_308' title='bbox 897 2241 1185 2278; x_wconf 86' lang='lat' dir='ltr'>Demosthenes</span> <span class='ocrx_word' id='word_1_309' title='bbox 1201 2240 1305 2290; x_wconf 87' lang='lat' dir='ltr'>apud</span> <span class='ocrx_word' id='word_1_310' title='bbox 1325 2245 1537 2285; x_wconf 84' lang='lat' dir='ltr'>senatores,</span> <span class='ocrx_word' id='word_1_311' title='bbox 1558 2246 1599 2277; x_wconf 92' lang='lat' dir='ltr'>et</span> <span class='ocrx_word' id='word_1_312' title='bbox 1612 2253 1681 2290; x_wconf 88' lang='lat' dir='ltr'>per</span> <span class='ocrx_word' id='word_1_313' title='bbox 1695 2254 1801 2279; x_wconf 89' lang='lat' dir='ltr'>aram</span> 
     </span>
     <span class='ocr_line' id='line_1_35' title="bbox 332 2299 1801 2353; baseline 0.003 -17"><span class='ocrx_word' id='word_1_314' title='bbox 332 2299 515 2337; x_wconf 85' lang='lat' dir='ltr'>curialem</span> <span class='ocrx_word' id='word_1_315' title='bbox 533 2300 690 2350; x_wconf 87' lang='lat' dir='ltr'>juravit,</span> <span class='ocrx_word' id='word_1_316' title='bbox 714 2315 755 2338; x_wconf 90' lang='lat' dir='ltr'>se</span> <span class='ocrx_word' id='word_1_317' title='bbox 772 2302 955 2351; x_wconf 80' lang='lat' dir='ltr'>gratulari</span> <span class='ocrx_word' id='word_1_318' title='bbox 972 2302 1130 2347; x_wconf 79' lang='lat' dir='ltr'>civitati,</span> <span class='ocrx_word' id='word_1_319' title='bbox 1150 2315 1238 2351; x_wconf 87' lang='lat' dir='ltr'>quae</span> <span class='ocrx_word' id='word_1_320' title='bbox 1254 2301 1353 2339; x_wconf 84' lang='lat' dir='ltr'>tales</span> <span class='ocrx_word' id='word_1_321' title='bbox 1369 2301 1518 2351; x_wconf 81' lang='lat' dir='ltr'>legatos</span> <span class='ocrx_word' id='word_1_322' title='bbox 1534 2301 1717 2348; x_wconf 77' lang='lat' dir='ltr'>misisset,</span> <span class='ocrx_word' id='word_1_323' title='bbox 1734 2303 1801 2353; x_wconf 93' lang='lat' dir='ltr'>qui</span> 
     </span>
     <span class='ocr_line' id='line_1_36' title="bbox 331 2361 1802 2415; baseline 0.003 -17"><span class='ocrx_word' id='word_1_324' title='bbox 331 2368 372 2398; x_wconf 86' lang='lat' dir='ltr'>et</span> <span class='ocrx_word' id='word_1_325' title='bbox 391 2361 612 2410; x_wconf 82' lang='lat' dir='ltr'>eloquentia</span> <span class='ocrx_word' id='word_1_326' title='bbox 632 2368 671 2399; x_wconf 85' lang='lat' dir='ltr'>et</span> <span class='ocrx_word' id='word_1_327' title='bbox 699 2362 774 2399; x_wconf 89' lang='lat' dir='ltr'>fide</span> <span class='ocrx_word' id='word_1_328' title='bbox 794 2376 836 2399; x_wconf 90' lang='lat' dir='ltr'>se</span> <span class='ocrx_word' id='word_1_329' title='bbox 858 2364 1058 2414; x_wconf 84' lang='lat' dir='ltr'>republica</span> <span class='ocrx_word' id='word_1_330' title='bbox 1076 2364 1231 2413; x_wconf 85' lang='lat' dir='ltr'>dignos,</span> <span class='ocrx_word' id='word_1_331' title='bbox 1251 2362 1430 2408; x_wconf 80' lang='lat' dir='ltr'>dicendo,</span> <span class='ocrx_word' id='word_1_332' title='bbox 1452 2362 1683 2413; x_wconf 81' lang='lat' dir='ltr'>agendoque</span> <span class='ocrx_word' id='word_1_333' title='bbox 1703 2377 1802 2415; x_wconf 82' lang='lat' dir='ltr'>prae-</span> 
     </span>
     <span class='ocr_line' id='line_1_37' title="bbox 332 2423 1802 2475; baseline 0.003 -16"><span class='ocrx_word' id='word_1_334' title='bbox 332 2423 533 2460; x_wconf 76' lang='lat' dir='ltr'>buissent:</span> <span class='ocrx_word' id='word_1_335' title='bbox 564 2423 611 2459; x_wconf 88' lang='lat' dir='ltr'>de</span> <span class='ocrx_word' id='word_1_336' title='bbox 633 2436 693 2461; x_wconf 85' lang='lat' dir='ltr'>me</span> <span class='ocrx_word' id='word_1_337' title='bbox 716 2432 844 2461; x_wconf 84' lang='lat' dir='ltr'>autem</span> <span class='ocrx_word' id='word_1_338' title='bbox 864 2425 1084 2472; x_wconf 85' lang='lat' dir='ltr'>hujusmodi</span> <span class='ocrx_word' id='word_1_339' title='bbox 1103 2424 1297 2475; x_wconf 84' lang='lat' dir='ltr'>quippiam</span> <span class='ocrx_word' id='word_1_340' title='bbox 1316 2423 1425 2469; x_wconf 88' lang='lat' dir='ltr'>dixit,</span> <span class='ocrx_word' id='word_1_341' title='bbox 1445 2437 1506 2463; x_wconf 86' lang='lat' dir='ltr'>me</span> <span class='ocrx_word' id='word_1_342' title='bbox 1527 2430 1636 2474; x_wconf 88' lang='lat' dir='ltr'>spem</span> <span class='ocrx_word' id='word_1_343' title='bbox 1655 2436 1802 2472; x_wconf 86' lang='lat' dir='ltr'>eorum,</span> 
     </span>
     <span class='ocr_line' id='line_1_38' title="bbox 333 2484 1802 2536; baseline 0.003 -16"><span class='ocrx_word' id='word_1_344' title='bbox 333 2485 398 2535; x_wconf 90' lang='lat' dir='ltr'>qui</span> <span class='ocrx_word' id='word_1_345' title='bbox 415 2497 473 2521; x_wconf 86' lang='lat' dir='ltr'>me</span> <span class='ocrx_word' id='word_1_346' title='bbox 488 2484 657 2535; x_wconf 79' lang='lat' dir='ltr'>legatum</span> <span class='ocrx_word' id='word_1_347' title='bbox 674 2493 884 2531; x_wconf 80' lang='lat' dir='ltr'>creassent,</span> <span class='ocrx_word' id='word_1_348' title='bbox 898 2499 974 2523; x_wconf 87' lang='lat' dir='ltr'>non</span> <span class='ocrx_word' id='word_1_349' title='bbox 993 2486 1191 2525; x_wconf 83' lang='lat' dir='ltr'>fefellisse.</span> <span class='ocrx_word' id='word_1_350' title='bbox 1226 2486 1428 2524; x_wconf 85' lang='lat' dir='ltr'>Postremo</span> <span class='ocrx_word' id='word_1_351' title='bbox 1444 2485 1618 2526; x_wconf 86' lang='lat' dir='ltr'>omnium</span> <span class='ocrx_word' id='word_1_352' title='bbox 1634 2486 1802 2536; x_wconf 83' lang='lat' dir='ltr'>scripsit,</span> 
     </span>
     <span class='ocr_line' id='line_1_39' title="bbox 334 2547 1803 2597; baseline 0.002 -15"><span class='ocrx_word' id='word_1_353' title='bbox 334 2553 506 2582; x_wconf 85' lang='lat' dir='ltr'>nostrum</span> <span class='ocrx_word' id='word_1_354' title='bbox 530 2559 847 2597; x_wconf 87' lang='lat' dir='ltr'>unumquemque</span> <span class='ocrx_word' id='word_1_355' title='bbox 877 2561 998 2585; x_wconf 85' lang='lat' dir='ltr'>sacrae</span> <span class='ocrx_word' id='word_1_356' title='bbox 1019 2547 1116 2584; x_wconf 82' lang='lat' dir='ltr'>oleae</span> <span class='ocrx_word' id='word_1_357' title='bbox 1137 2560 1283 2585; x_wconf 82' lang='lat' dir='ltr'>corona</span> <span class='ocrx_word' id='word_1_358' title='bbox 1303 2547 1522 2585; x_wconf 75' lang='lat' dir='ltr'>ornandum</span> <span class='ocrx_word' id='word_1_359' title='bbox 1543 2559 1642 2592; x_wconf 71' lang='lat' dir='ltr'>esse,</span> <span class='ocrx_word' id='word_1_360' title='bbox 1665 2548 1714 2584; x_wconf 94' lang='lat' dir='ltr'>ob</span> <span class='ocrx_word' id='word_1_361' title='bbox 1734 2548 1803 2591; x_wconf 86' lang='lat' dir='ltr'>be-</span> 
     </span>
     <span class='ocr_line' id='line_1_40' title="bbox 334 2606 1801 2658; baseline 0.001 -14"><span class='ocrx_word' id='word_1_362' title='bbox 334 2607 591 2644; x_wconf 85' lang='lat' dir='ltr'>nevolentiam</span> <span class='ocrx_word' id='word_1_363' title='bbox 613 2620 707 2657; x_wconf 80' lang='lat' dir='ltr'>erga</span> <span class='ocrx_word' id='word_1_364' title='bbox 733 2608 937 2658; x_wconf 86' lang='lat' dir='ltr'>populum,</span> <span class='ocrx_word' id='word_1_365' title='bbox 965 2616 1004 2646; x_wconf 87' lang='lat' dir='ltr'>et</span> <span class='ocrx_word' id='word_1_366' title='bbox 1032 2609 1081 2646; x_wconf 89' lang='lat' dir='ltr'>ad</span> <span class='ocrx_word' id='word_1_367' title='bbox 1102 2621 1251 2646; x_wconf 82' lang='lat' dir='ltr'>coenam</span> <span class='ocrx_word' id='word_1_368' title='bbox 1282 2608 1319 2645; x_wconf 87' lang='lat' dir='ltr'>in</span> <span class='ocrx_word' id='word_1_369' title='bbox 1348 2608 1494 2646; x_wconf 88' lang='lat' dir='ltr'>curiam</span> <span class='ocrx_word' id='word_1_370' title='bbox 1522 2607 1560 2644; x_wconf 86' lang='lat' dir='ltr'>in</span> <span class='ocrx_word' id='word_1_371' title='bbox 1586 2606 1801 2653; x_wconf 86' lang='lat' dir='ltr'>crastinum</span> 
     </span>
     <span class='ocr_line' id='line_1_41' title="bbox 335 2667 1800 2720; baseline 0.002 -15"><span class='ocrx_word' id='word_1_372' title='bbox 335 2668 589 2717; x_wconf 82' lang='lat' dir='ltr'>invitandum.</span> <span class='ocrx_word' id='word_1_373' title='bbox 639 2669 692 2705; x_wconf 88' lang='lat' dir='ltr'>Ut</span> <span class='ocrx_word' id='word_1_374' title='bbox 721 2676 849 2706; x_wconf 85' lang='lat' dir='ltr'>autem</span> <span class='ocrx_word' id='word_1_375' title='bbox 879 2676 1046 2714; x_wconf 81' lang='lat' dir='ltr'>constet,</span> <span class='ocrx_word' id='word_1_376' title='bbox 1072 2683 1133 2706; x_wconf 86' lang='lat' dir='ltr'>me</span> <span class='ocrx_word' id='word_1_377' title='bbox 1160 2669 1253 2706; x_wconf 87' lang='lat' dir='ltr'>nihil</span> <span class='ocrx_word' id='word_1_378' title='bbox 1283 2668 1370 2708; x_wconf 78' lang='lat' dir='ltr'>falsi</span> <span class='ocrx_word' id='word_1_379' title='bbox 1398 2667 1547 2705; x_wconf 83' lang='lat' dir='ltr'>dixisse</span> <span class='ocrx_word' id='word_1_380' title='bbox 1583 2669 1689 2720; x_wconf 83' lang='lat' dir='ltr'>apud</span> <span class='ocrx_word' id='word_1_381' title='bbox 1719 2682 1800 2716; x_wconf 80' lang='lat' dir='ltr'>vos,</span> 
     </span>
     <span class='ocr_line' id='line_1_42' title="bbox 333 2729 1560 2782; baseline 0.002 -16"><span class='ocrx_word' id='word_1_382' title='bbox 333 2729 464 2780; x_wconf 71' lang='lat' dir='ltr'>capiat</span> <span class='ocrx_word' id='word_1_383' title='bbox 483 2729 609 2768; x_wconf 79' lang='lat' dir='ltr'>scriba</span> <span class='ocrx_word' id='word_1_384' title='bbox 628 2729 840 2776; x_wconf 74' lang='lat' dir='ltr'>decretum,</span> <span class='ocrx_word' id='word_1_385' title='bbox 861 2737 900 2769; x_wconf 90' lang='lat' dir='ltr'>et</span> <span class='ocrx_word' id='word_1_386' title='bbox 917 2731 1151 2782; x_wconf 78' lang='lat' dir='ltr'>collegarum</span> <span class='ocrx_word' id='word_1_387' title='bbox 1170 2729 1560 2772; x_wconf 78' lang='lat' dir='ltr'>testimonia&#39;recitet.</span> 
     </span>
    </p>
   </div>
  </div>
 </body>
</html>
