1998 3306
336 208 414 245 550
853 204 957 241 PRO
994 203 1343 243 l'HORMlONE.

335 309 504 359 gissetis,
526 308 557 346 si
577 309 670 359 quid
691 316 878 360 praeterea
898 309 1005 347 vobis
1026 308 1237 347 debuisset.
1279 308 1404 356 Atque
1424 313 1468 344 ut
1486 306 1570 345 haec
1590 319 1679 345 vere
1698 319 1721 344 a
1735 318 1795 343 me

335 371 408 408 dici
429 376 596 417 constet,
613 378 651 409 et
675 372 790 409 istum
817 384 904 409 cum
928 372 1046 409 fratre
1065 384 1186 422 puero
1206 370 1415 408 etiamnum
1437 368 1614 407 divisisse
1633 367 1796 406 haeredi-

333 439 465 478 tatem,
492 445 633 483 eosque
658 432 761 471 hunc
782 440 820 471 et
846 433 1035 471 locatione
1056 439 1094 470 et
1115 432 1293 470 omnibus
1326 431 1409 469 aliis
1443 431 1667 469 criminibus
1699 430 1796 468 libe-

335 507 453 538 rasse,
474 507 569 546 cape
589 495 662 532 hoc
680 495 954 532 testimonium.

862 605 1275 643 TESTIMONIUM.

386 703 423 738 4.
455 701 594 752 Statim
633 699 761 751 igitur,
791 699 1064 744 Athenienses,
1097 704 1141 736 ut
1171 698 1261 736 huic
1292 697 1524 736 locationem
1558 697 1796 743 remiserant,

331 762 507 800 dividunt
525 775 697 800 mensam
719 770 757 800 et
776 769 975 800 scutorum
1000 760 1213 804 officinam;
1244 769 1372 811 atque,
1405 759 1562 811 optione
1587 759 1693 807 data,
1712 759 1797 797 offi-

331 824 457 862 cinam
487 836 630 862 mensae
656 825 811 875 praefert
836 823 1111 875 Apollodorus.
1170 815 1285 866 Quae'
1303 823 1334 860 si
1366 834 1482 872 quam
1511 821 1701 873 privatam
1730 833 1798 872 pe·

329 886 483 924 cuniam
504 892 542 923 et
562 892 704 923 sortem
725 885 939 931 habuisset,
968 899 1036 924 cur
1057 885 1162 923 illam
1182 897 1298 936 quam
1321 884 1425 923 hanc
1449 883 1684 922 maluisset?
1714 883 1796 921 Ne-

331 960 407 997 que
434 947 535 985 enim
563 953 773 998 proventus
800 955 882 986 erat
912 948 1087 999 amplior,
1109 947 1180 984 sed
1209 946 1343 992 minor,
1373 955 1464 984 nam
1490 944 1645 984 officina
1672 945 1798 984 talen-

330 1006 427 1053 tum,
460 1022 594 1046 mensa
626 1015 783 1046 centurn
822 1009 945 1046 minas
986 1008 1206 1059 pendebat3
1244 1020 1370 1058 neque
1402 1007 1539 1046 fuisset
1569 1006 1670 1045 illius
1707 1019 1798 1058 pos-

329 1070 449 1108 sessio
462 1068 685 1121 jucundior,
711 1071 742 1108 si
775 1082 910 1108 mensa
936 1070 1141 1121 pecuniam
1168 1069 1357 1121 privatam
1385 1068 1599 1116 habuisset,
1620 1068 1692 1106 sed
1719 1076 1797 1107 non

330 1130 478 1170 habuit.
548 1132 794 1183 Quapropter
823 1132 897 1171 iste
929 1132 1142 1183 prudenter
1173 1131 1369 1170 officinam
1402 1130 1595 1183 praetulit:
1629 1143 1720 1169 narn
1752 1144 1799 1169 ea

328 1192 527 1243 possessio
555 1200 614 1232 est
645 1200 754 1232 extra
782 1194 1010 1245 periculum,
1039 1199 1212 1245 quaestus
1243 1200 1375 1232 autem
1407 1192 1619 1235 mensarius
1651 1193 1798 1231 reditus

328 1253 448 1292 habet
476 1255 717 1307 periculosos
748 1256 796 1294 de
830 1256 1001 1307 pecuniis
1037 1256 1185 1295 alienis.
1244 1255 1373 1294 Multa
1402 1255 1477 1293 dici
1502 1261 1542 1294 et
1571 1255 1726 1294 ostendi
1749 1255 1799 1293 si-

329 1329 410 1366 gna
436 1324 617 1368 possunt,
638 1331 707 1369 per
733 1332 820 1369 quae
845 1325 1044 1371 appareat,
1073 1320 1121 1357 ab
1155 1319 1229 1358 isto
1261 1332 1329 1370 per
1356 1318 1593 1357 calumniam
1624 1318 1800 1357 accusari

283 1381 292 1386 “
330 1376 619 1417 Phormionem.
655 1402 657 1405 <
691 1380 771 1418 Sed
803 1381 880 1418 hoc
917 1394 990 1432 ego
1029 1381 1196 1419 maxime
1233 1380 1406 1418 omnium
1446 1387 1677 1432 argumento
1711 1391 1800 1434 esse

327 1445 437 1489 puto,
470 1440 574 1478 hunc
607 1441 757 1479 nullam
787 1442 993 1493 pecuniam
1025 1455 1071 1481 eo
1105 1443 1260 1480 nomine
1292 1442 1507 1494 accepisse,
1537 1441 1643 1493 quod
1672 1442 1712 1479 in
1741 1440 1800 1479 lo—

327 1500 480 1539 catione
501 1503 689 1553 scriptum
715 1510 789 1549 est,
809 1503 950 1541 debere
977 1504 1092 1541 etiarn
1114 1504 1318 1543 Pasionem
1342 1504 1393 1542 ad
1413 1515 1601 1548 mensam,
1622 1515 1700 1540 non
1731 1502 1801 1541 de-

328 1562 431 1601 disse
449 1563 540 1601 huic
559 1560 777 1614 pecuniam.
837 1564 991 1602 Deinde
1010 1565 1118 1616 quod
1138 1566 1257 1604 istum
1277 1565 1371 1603 nihil
1399 1565 1436 1602 in
1465 1564 1724 1602 herciscunda
1741 1564 1799 1603 fa-

329 1624 434 1662 milia
446 1631 631 1675 questum
652 1638 740 1664 esse
760 1631 929 1664 constat.
987 1626 1208 1674 Postremo,
1227 1627 1333 1678 quod
1352 1639 1443 1664 eum
1464 1625 1600 1664 eadem
1616 1625 1702 1664 haec
1716 1625 1801 1666 aliis

328 1685 536 1733 locantem,
557 1687 748 1725 tantidem
770 1688 922 1726 locasse
938 1688 1074 1739 liquet,
1087 1689 1255 1740 pecunia
1273 1689 1322 1727 de
1343 1700 1416 1727 suo
1436 1687 1546 1726 nulla
1564 1687 1801 1726 conducenti

327 1747 598 1799 suppeditata:
630 1749 734 1799 quod
758 1749 789 1787 si
810 1750 858 1788 ab
884 1748 959 1788 hoc
989 1751 1157 1802 pecunia
1183 1751 1217 1789 ei
1244 1763 1266 1788 a
1294 1756 1406 1801 patre
1425 1749 1520 1788 data
1538 1749 1798 1795 fraudaretur,

327 1809 453 1860 ipsum
469 1822 573 1847 nunc
589 1811 848 1849 conveniebat
862 1811 1019 1850 aliunde
1038 1813 1192 1863 uspiam
1212 1819 1476 1865 comparatam
1497 1811 1667 1851 dedisse.
1698 1813 1799 1850 Haec

327 1877 370 1908 ut
389 1884 412 1908 a
429 1883 490 1908 me
512 1884 601 1909 vere
616 1871 692 1910 dici
712 1878 908 1923 appareat,
930 1879 969 1910 et
983 1879 1124 1922 postea
1139 1873 1306 1919 Xenoni,
1322 1873 1531 1924 Euphraeo,
1547 1873 1746 1925 Euphroni
1762 1879 1801 1912 et

329 1932 556 1971 Callistrato
570 1933 736 1980 locasse,
753 1941 792 1972 et
812 1946 859 1971 ne
876 1933 936 1971 his
956 1932 1113 1984 quidem
1130 1933 1179 1972 de
1195 1947 1265 1972 suo
1279 1935 1490 1986 quicquam
1510 1935 1797 1987 suppeditasse,

330 1994 398 2032 sed
419 1993 609 2045 deposita,
632 2001 670 2032 et
687 2001 878 2046 quaestum
900 1994 989 2033 inde
1007 1995 1237 2034 redeuntem
1259 2007 1327 2034 eos
1347 1995 1601 2043 conduxisse,
1620 2003 1661 2035 et
1679 1997 1796 2036 istum

328 2054 523 2093 officinam
544 2056 722 2106 elegisse,
742 2056 797 2093 uti
819 2061 986 2101 constet,
1005 2067 1102 2108 cape
1121 2056 1214 2094 mihi
1235 2057 1369 2095 horum
1392 2057 1669 2096 testimonium.

857 2195 1264 2233 TESTIMONIUM.

329 2292 361 2329 E
380 2291 546 2330 testibus
567 2291 684 2342 igitur
703 2290 918 2336 audivistis,
941 2290 1221 2337 Athenienses,
1241 2293 1306 2327 eos
1334 2296 1372 2328 et
1398 2289 1458 2328 his
1488 2289 1640 2328 locasse
1669 2295 1798 2342 neque

328 2355 379 2393 de
406 2366 477 2392 suo
500 2354 708 2405 quiequam
744 2352 1032 2405 suppeditasse,
1063 2363 1210 2403 eosque
1239 2359 1359 2391 manu
1389 2351 1544 2391 misisse
1576 2353 1689 2403 quasi
1713 2359 1796 2392 ma-

327 2417 414 2468 gnis
434 2416 563 2455 affecti
590 2417 638 2454 ab
668 2414 724 2453 eis
755 2415 887 2454 essent
903 2414 1117 2462 beneficiis,
1139 2426 1266 2465 neque
1294 2414 1333 2452 in
1356 2415 1423 2467 jus
1442 2423 1605 2454 vocasse
1624 2414 1685 2453 vel
1706 2414 1796 2455 illos

328 2486 410 2516 tum
431 2479 491 2516 vel
507 2478 624 2515 hun'c.

380 2542 417 2578 5.
449 2540 507 2578 Ac
524 2539 615 2577 dum
635 2545 758 2578 mater
777 2539 885 2584 vixit,
908 2550 996 2589 quae
1016 2537 1145 2576 omnia
1165 2537 1258 2576 satis
1279 2543 1403 2585 norat,
1425 2536 1517 2576 nihil
1545 2545 1717 2589 unquam
1747 2535 1797 2576 de

328 2602 562 2641 Phormione
587 2607 749 2652 questus
779 2607 838 2639 est
859 2600 1141 2653 Apollodorus:
1170 2605 1215 2636 ut
1235 2605 1368 2638 autem
1398 2599 1466 2638 illa
1491 2598 1651 2647 obierat,
1680 2598 1795 2638 tri-um

326 2664 487 2702 millium
518 2662 791 2701 drachmarum
820 2663 973 2701 actione
1000 2661 1191 2708 instituta,
1218 2674 1339 2713 supra
1365 2660 1450 2700 illas
1477 2659 1535 2699 bis
1563 2660 1670 2699 mille
1699 2667 1803 2712 quas*

327 2727 414 2777 ipsa
449 2725 557 2764 istius
590 2724 719 2763 liberis
753 2724 929 2772 dederat,
955 2730 995 2762 et
1037 2715 1251 2762 tuniculam
1285 2723 1482 2774 quandam
1516 2729 1557 2761 et
1598 2722 1796 2769 ancillam,

326 2787 646 2826 calumniabatur.
702 2787 761 2825 Ac
791 2799 840 2825 ne
873 2785 924 2824 ibi
958 2785 1117 2837 quidem
1156 2796 1289 2822 eorum
1318 2782 1540 2836 quicquam,
1570 2783 1619 2823 de
1651 2784 1795 2835 quibus

326 2858 433 2887 nunc
461 2855 631 2896 accusat,
662 2849 809 2888 dixisse
841 2848 1118 2900 comperietur:
1148 2846 1216 2885 sed
1238 2860 1278 2885 re
1299 2853 1338 2885 et
1356 2845 1492 2884 uxoris
1514 2859 1597 2884 suae
1622 2845 1724 2898 patri
1755 2851 1795 2884 et

326 2911 431 2949 affini
452 2923 522 2949 suo
541 2917 580 2949 et
600 2911 742 2964 Lysino
760 2917 800 2950 et
819 2909 1060 2949 Andromeni
1082 2907 1285 2961 permissa,
1306 2921 1394 2947 cum
1422 2904 1479 2946 illi
1510 2907 1799 2960 persuasissent

328 2972 551 3011 Phormioni
583 2980 625 3011 ut
656 2974 761 3013 dono
782 2973 893 3013 daret
918 2972 981 3011 isti
1008 2971 1081 3010 tria
1106 2969 1228 3011 millia
1255 2981 1344 3009 cum
1373 2968 1602 3010 accessione
1628 2975 1669 3009 et
1699 2968 1794 3008 ami-
