1915 3356
190 635 591 675 ARGUMENTUM
624 634 935 673 ORATIONIS
967 634 1190 673 CONTRA
1219 634 1575 672 TIMARCHUM.

197 744 276 774 Cum
296 743 534 773 Atheniensibus
548 746 620 782 post
632 742 746 772 bellum
764 742 982 782 Olynthiacum
999 742 1097 772 visum
1110 746 1193 771 esset
1209 752 1316 780 pacem
1333 752 1402 771 eum
1418 740 1564 780 Philippo
1578 741 1618 769 fa-

150 804 235 830 cere,
257 793 405 823 societate
420 793 483 833 ipsi
501 799 532 823 et
554 794 689 833 posteris
705 796 771 832 ejus
793 794 930 828 decreta,
947 794 1053 823 decem
1072 793 1108 822 ad
1125 803 1195 823 eum
1210 793 1345 832 legatos,
1369 793 1449 822 inter
1471 802 1549 831 quos
1565 791 1619 821 ΑΞ-

150 846 273 875 schines
286 845 377 875 etiam
394 850 424 875 et
442 846 668 876 Demosthenes
682 846 818 881 fuerunt,
832 845 977 884 exigendi
991 845 1193 884 jurisjurandi
1211 846 1307 884 gratia
1317 845 1475 874 miserunt.
1500 845 1622 874 Rever-

151 906 185 925 sa
199 896 364 935 legatione,
377 897 602 927 Demosthenes
615 902 731 933 orator,
747 902 777 927 et
791 897 974 926 Timarchus
989 897 1102 926 Arizeli
1117 898 1149 926 F.
1163 897 1337 936 Sphettius,
1352 897 1400 925 vir
1412 897 1441 925 in
1458 895 1621 934 republica

148 947 292 984 illustris,
302 953 334 978 et
345 948 510 979 conciones
527 949 640 978 habere
651 948 772 985 solitus,
790 948 903 987 quique
919 948 1052 987 amplius
1066 950 1101 978 C.
1116 949 1242 978 decreta
1254 949 1431 987 scripserat,
1442 947 1620 976 AEschinem

147 1008 310 1037 perperam
325 999 417 1028 obitae
442 999 608 1038 legationis
624 1010 709 1029 reum
726 999 851 1029 faciunt.
881 1001 1001 1029 Recens
1029 1004 1130 1029 autem
1158 998 1460 1028 senatusconsultum
1484 998 1621 1036 promul-

148 1054 248 1088 garat,
261 1055 294 1079 ut
305 1049 332 1079 is
349 1050 402 1089 qui
416 1051 453 1079 ad
466 1050 645 1090 Philippum
660 1060 742 1080 arma
755 1050 893 1086 veheret,
904 1050 1005 1088 capite
1019 1050 1218 1089 plecteretur.
1242 1049 1373 1079 Actione
1390 1059 1480 1088 porro
1493 1049 1530 1078 ad
1542 1059 1621 1088 prae-

150 1104 250 1130 torem
266 1100 374 1136 relata,
390 1106 550 1141 antequam
568 1102 599 1131 iu
612 1101 765 1140 judicium
782 1107 908 1131 ventum
924 1107 1022 1137 esset,
1041 1102 1207 1131 AEschines
1231 1102 1427 1130 Timarchum
1451 1101 1620 1136 accusavit,

149 1156 183 1180 ut
199 1152 251 1190 qui
267 1157 373 1182 contra
386 1153 490 1191 legum
508 1153 644 1182 edictum
661 1152 825 1182 conciones
841 1153 986 1182 haberet:
1012 1163 1111 1192 neque
1129 1153 1209 1182 enim
1226 1152 1272 1182 fas
1289 1163 1359 1182 esse
1374 1153 1404 1182 ei
1421 1153 1534 1182 habere
1549 1162 1621 1182 con-

147 1201 267 1237 ciones,
281 1213 350 1232 cum
366 1203 550 1242 pudicitiara
563 1203 769 1242 prostituerit.
798 1204 906 1242 Itaque
920 1203 972 1233 alii
985 1204 1103 1239 dicunt,
1114 1204 1309 1233 Timarchum
1320 1203 1431 1242 laqueo
1444 1203 1503 1232 sibi
1514 1212 1621 1232 necem

147 1252 352 1288 conscivisse,
375 1263 434 1281 non
452 1253 766 1292 exspectatojudicio
782 1264 789 1282 :
813 1254 876 1289 alii,
892 1254 1140 1289 condemnatum,
1157 1259 1248 1292 atque
1270 1253 1301 1283 in
1317 1253 1459 1283 ordinem
1479 1258 1621 1283 coactum

146 1313 228 1339 esse,
245 1308 278 1332 ut
297 1303 524 1334 Demosthenes
541 1303 572 1332 in
586 1303 725 1333 oratione
742 1303 826 1333 falsae
843 1304 1018 1343 legationis.
1052 1305 1117 1334 Res
1133 1309 1233 1334 autem
1251 1304 1317 1333 haec
1332 1304 1377 1333 ita
1393 1305 1548 1334 celebrata
1563 1309 1621 1339 est,

147 1359 183 1384 ut
192 1354 230 1384 ab
245 1354 304 1384 hoc
316 1355 449 1393 judicio,
464 1354 604 1384 homines
620 1354 809 1394 impudicos,
832 1355 1013 1384 Timarchos
1030 1355 1235 1395 appellarent.
1268 1355 1442 1385 Exordium
1458 1356 1621 1385 vehemen-

147 1404 210 1434 tius
233 1410 294 1440 est,
310 1404 341 1434 in
357 1416 417 1444 quo
431 1409 463 1434 et
482 1416 538 1435 sua
558 1406 711 1435 modestia
730 1407 954 1441 commendata,
969 1406 1130 1444 captandae
1148 1406 1375 1435 benevolentiae
1392 1416 1496 1441 cansa,
1522 1412 1553 1435 et
1569 1407 1622 1435 'ri-

147 1455 272 1485 marcho
289 1455 319 1485 in
336 1456 439 1485 odium
456 1456 603 1492 adducto,
626 1461 657 1485 et
672 1456 882 1495 disputatione
898 1457 937 1486 de
953 1457 1113 1497 republica
1134 1457 1287 1493 absoluta,
1311 1457 1422 1487 transit
1441 1457 1478 1486 ad
1506 1457 1621 1496 capita,

145 1517 204 1537 non
216 1508 340 1548 propria
352 1517 464 1543 causae,
483 1508 537 1537 sed
554 1508 727 1538 communia
738 1508 768 1537 in
783 1518 889 1538 omnes
905 1519 972 1545 eos,
988 1508 1040 1548 qui
1056 1508 1235 1548 prostitutae
1248 1508 1408 1546 pudicitiae
1421 1513 1618 1538 accusantur.

146 1558 225 1587 Sunt
241 1563 343 1588 autem
358 1559 438 1587 haec:
464 1569 499 1587 an
519 1566 641 1588 veteres
656 1564 741 1588 recte
754 1557 785 1588 et
801 1565 944 1588 accurate
960 1559 1046 1598 leges
1057 1560 1096 1588 de
1112 1558 1265 1588 modestia
1280 1567 1458 1597 puerorum,
1472 1562 1504 1587 et
1515 1558 1619 1587 adole-

148 1614 299 1645 scentum,
322 1614 555 1649 ceterarumque
573 1614 697 1640 aetatum
713 1609 859 1640 tulerint:
887 1620 924 1639 an
947 1609 1143 1639 effoeminatis
1159 1614 1243 1638 recte
1259 1609 1480 1638 interdixerint
1495 1610 1620 1639 concio-

146 1659 252 1689 nibus:
278 1665 322 1696 et,
339 1670 374 1690 an
391 1660 588 1696 Timarchus,
605 1661 658 1699 qui
676 1659 857 1700 pudicitiam
874 1660 1083 1699 prostituerit,
1096 1664 1202 1689 contra
1217 1659 1319 1698 legum
1334 1659 1532 1689 interdictum
1548 1669 1621 1689 con-

146 1710 307 1741 cionetur:
333 1712 363 1741 in
381 1722 440 1751 quo
458 1712 537 1741 illud
554 1712 645 1741 etiam
670 1712 760 1748 inest,
778 1717 879 1741 utrum
898 1711 1078 1741 Timarchus
1093 1709 1297 1750 impudicitiae
1314 1709 1431 1739 crimen
1447 1710 1478 1739 in
1490 1721 1569 1746 sese,
1587 1716 1621 1740 ut

146 1767 322 1798 accusetur,
339 1762 518 1792 admiserit:
543 1762 631 1799 item,
643 1773 679 1792 an
697 1762 779 1802 apud
796 1762 963 1802 Misgolam
980 1761 1012 1791 in
1029 1762 1087 1791 hoc
1105 1772 1216 1801 genere
1233 1761 1454 1798 exercitatum,
1470 1766 1619 1801 quaestum

145 1824 279 1853 corpore
295 1815 424 1845 fecerit:
447 1825 484 1844 an
502 1815 583 1852 apud
600 1814 752 1844 Anticlem
770 1815 801 1843 in
818 1824 915 1853 ganeo
932 1824 1074 1849 versans,
1100 1817 1131 1843 et
1147 1813 1214 1843 alea
1230 1814 1352 1849 ludens,
1368 1818 1514 1852 receptus
1537 1813 1578 1843 sit
1603 1824 1620 1843 a

146 1865 300 1896 Pittalaco
317 1866 458 1896 ministro
478 1865 624 1906 publico:
648 1869 679 1895 et
703 1865 786 1904 apud
810 1864 909 1901 illum,
927 1869 1018 1904 atque
1035 1865 1127 1894 etiam
1154 1864 1238 1904 apud
1256 1864 1494 1903 Hegesandrum
1514 1864 1620 1894 Timo-

145 1917 246 1947 machi
264 1922 466 1956 quaestorem‚
478 1927 535 1956 pro
553 1921 656 1947 scorto
673 1917 711 1946 ad
727 1921 850 1955 tempus
868 1926 902 1946 se
919 1914 1062 1955 gesserit.

775 2054 991 2092 ALITER.

191 2149 374 2179 Ounsoma
396 2153 444 2178 est
469 2149 535 2178 haec
552 2147 710 2179 AEschiuis
732 2149 763 2178 in
779 2149 976 2179 Timarchum
997 2146 1108 2182 oratio,
1123 2147 1275 2177 hominem
1302 2152 1469 2184 oratorem,
1485 2151 1517 2176 et
1536 2147 1620 2177 calu-

145 2198 323 2228 mniatorem
339 2209 438 2229 suum.
463 2199 541 2228 Sunt
556 2203 659 2229 autem
675 2199 746 2230 latae
763 2199 849 2239 leges
863 2199 902 2229 de
919 2198 1102 2233 oratoribus,
1123 2198 1175 2237 qui
1193 2199 1254 2228 sint
1270 2208 1287 2227 a
1302 2198 1505 2228 concionibus
1518 2198 1620 2237 repel-

146 2249 232 2279 lendi
246 2260 253 2278 :
280 2250 367 2279 velut
383 2249 419 2286 ii,
435 2249 488 2289 qui
501 2250 718 2289 patrimonium
733 2250 950 2289 profuderunt,
962 2250 1012 2288 qui
1027 2248 1209 2288 pudicitiam
1221 2249 1465 2287 prostituerunt:
1490 2249 1543 2288 qui
1561 2249 1621 2279 nisi

142 2300 183 2330 iis
199 2301 321 2340 legibus
337 2300 507 2340 paruerint,
520 2301 622 2331 cuivis
635 2301 730 2331 licere
740 2300 860 2340 judicio
871 2300 901 2330 in
913 2310 1017 2330 eorum
1033 2310 1135 2329 mores
1148 2299 1316 2339 inquirere,
1331 2305 1432 2330 utrum
1450 2300 1510 2330 sint
1526 2300 1618 2336 tales,

146 2354 180 2380 ut
195 2351 234 2381 ad
256 2351 403 2392 populum
419 2352 513 2381 verba
528 2352 630 2382 facere
645 2351 777 2390 possint.
809 2351 913 2387 Quum
930 2355 1032 2381 autem
1048 2351 1177 2380 duarum
1194 2361 1296 2380 rerum
1319 2350 1482 2380 AEschines
1498 2351 1617 2380 Timar-

145 2403 238 2433 chum
254 2403 480 2440 criminaretur,
497 2407 528 2433 et
542 2403 700 2442 pudicitiae
716 2403 904 2442 prostitutae,
917 2407 948 2433 et
960 2402 1116 2442 absumpti
1129 2413 1185 2442 per
1196 2403 1302 2433 luxum
1315 2403 1504 2441 patrimonii,
1517 2402 1617 2432 oratio

145 2454 186 2484 de
201 2455 395 2493 impudicitia
409 2454 600 2490 inscribitur,
616 2455 700 2494 quod
716 2457 814 2494 major
825 2455 891 2493 ejus
906 2465 978 2494 pars
991 2453 1022 2483 in
1039 2464 1076 2484 eo
1093 2453 1222 2484 crimine
1239 2454 1400 2484 tractando
1414 2453 1615 2483 consumitur.

149 2505 232 2535 Vicit
247 2509 348 2536 autem
366 2515 490 2535 causam
506 2506 594 2540 hanc,
612 2510 644 2534 ut
667 2516 705 2535 ex
724 2505 923 2536 affirmatione
944 2510 1080 2535 veterum
1099 2510 1230 2535 constat.
1269 2504 1434 2536 Orationes
1457 2515 1529 2534 vero
1545 2510 1617 2543 post

145 2561 232 2587 actas
246 2566 353 2587 causas
365 2556 440 2586 mihi
456 2566 526 2587 esse
543 2555 669 2595 scriptae
683 2555 838 2586 videntur.
