1948 3306
334 149 411 184 840
912 149 1210 188 EPISTOLAE.

333 257 489 289 aetatem
509 251 799 292 afflictationem
817 253 923 292 illam
944 254 1112 305 corporis
1132 254 1277 306 perpeti
1297 267 1373 292 nou
1393 260 1577 306 poteram.
1616 255 1795 308 Denique

331 319 370 350 et
399 325 466 351 vos
500 326 577 351 non
611 314 712 353 nolle
745 317 932 367 putabam
966 316 1070 354 illam
1103 316 1377 354 contumeliam
1411 330 1473 354 me
1503 317 1685 369 effugere,
1707 331 1794 370 quae

331 387 456 425 neque
491 389 559 414 vos
592 377 797 429 quicquam
824 378 986 429 juvabat
1016 385 1056 416 et
1085 391 1146 415 me
1167 377 1369 429 perdebat.
1427 378 1495 416 Me
1525 385 1655 417 autem
1680 380 1797 418 vestri

331 449 458 487 neque
478 441 705 490 cujusquam
736 440 895 479 alterius
923 440 1042 479 fuisse
1069 440 1302 487 studiosum,
1321 440 1453 479 multis
1479 440 1631 479 indiciis
1660 440 1797 492 depre-

331 498 524 538 hendetis.
582 501 681 540 Nam
704 509 741 540 et
759 502 797 539 in
818 503 952 540 urbem
972 516 1032 541 me
1048 503 1207 549 contuli,
1228 517 1308 541 non
1327 503 1366 541 in
1387 515 1462 554 qua
1481 515 1541 541 me
1562 502 1797 554 splendidis-

332 560 427 599 sime
453 561 644 600 victurum
673 564 922 611 confiderem,
945 564 1013 602 sed
1032 578 1109 616 quo
1128 565 1242 604 etiam
1269 566 1433 618 majores
1460 573 1629 613 nostros,
1651 565 1799 606 Persici

328 621 417 660 belli
449 623 734 663 discriminibus
766 624 1064 673 circumventos,
1083 627 1236 666 venisse
1267 628 1452 674 sciebam,
1474 633 1515 666 et
1547 640 1663 678 quam
1687 629 1799 666 vobis
1828 650 1833 659 ι

328 697 415 722 esse
435 685 838 725 benevolentissimam
859 687 1139 739 intelligebam.
1197 689 1270 727 Est
1288 696 1416 728 autem
1436 703 1483 729 ea
1500 690 1800 738 Troezeniorum,

329 746 393 784 cui
422 744 559 798 precor
588 754 632 785 ut
663 748 716 785 dii
751 750 996 800 potissimum
1027 751 1265 789 immortales
1297 759 1380 790 tum
1411 753 1462 790 ob
1487 752 1800 791 benevolentiam

328 822 422 861 erga
452 823 518 847 vos
542 816 626 847 tum
645 811 694 848 ob
714 810 857 849 collata
877 812 915 849 in
937 825 998 851 me
1016 812 1204 851 beneficia
1233 814 1333 852 bene
1351 814 1472 852 velint
1490 827 1641 862 omnes,
1657 814 1800 853 deinde

328 877 372 908 ut
390 878 428 908 et
447 884 521 922 ego
541 885 564 909 a
584 872 693 910 vobis
714 882 968 912 conservatus
986 874 1151 924 gratiam
1170 874 1314 914 referre
1336 875 1496 927 possim.
1554 876 1600 913 In
1620 889 1698 927 qua
1711 889 1801 915 cum

327 932 486 984 quidam
507 932 751 984 gratificandi
772 936 863 974 mihi
886 936 1027 983 studio,
1048 949 1117 974 vos
1138 937 1187 975 ob
1207 937 1324 975 istum
1347 936 1386 974 in
1415 949 1477 975 me
1505 936 1720 975 admissum
1741 950 1801 976 er-

327 1007 452 1033 rorem
486 996 768 1047 reprehendere
793 1004 1040 1045 conarentur,
1069 1011 1144 1050 ego
1167 1011 1320 1038 summa
1338 1011 1416 1050 qua
1434 1011 1496 1037 me
1526 997 1659 1038 decuit
1678 1001 1799 1050 aequi-

328 1063 406 1095 tate
419 1064 489 1096 'vos
505 1057 677 1096 defendi.
711 1060 885 1112 Eamque
905 1062 955 1100 ob
976 1074 1135 1099 causam
1154 1060 1193 1098 in
1208 1060 1342 1113 primis
1355 1060 1502 1099 factum
1522 1073 1608 1100 esse
1626 1060 1803 1106 arbitror,

329 1126 374 1157 ut
403 1120 495 1158 mihi
524 1119 648 1175 honos
678 1122 836 1174 publice
870 1123 1090 1162 haberetur.
1149 1123 1252 1162 Cum
1281 1136 1372 1162 vero
1402 1123 1608 1163 hominum
1632 1123 1802 1162 benevo-

327 1181 484 1220 lentiam
515 1182 705 1234 insignem
729 1185 885 1236 quidem
914 1185 1033 1233 illam,
1067 1185 1138 1224 sed
1170 1185 1272 1225 vires
1304 1187 1343 1225 in
1375 1185 1585 1238 praesentia
1614 1197 1702 1224 esse
1732 1185 1803 1223 mi-

327 1256 457 1292 nores,
489 1258 701 1295 cernerem,
732 1248 933 1299 digressus
963 1248 1002 1286 in
1033 1248 1207 1300 Neptuni
1238 1248 1426 1300 templum
1454 1248 1495 1286 in
1526 1247 1710 1287 Calauria
1740 1260 1803 1286 me

329 1307 492 1355 contuli,
511 1321 589 1347 non
616 1309 731 1348 modo
762 1310 868 1361 quod
896 1317 1056 1363 propter
1087 1310 1256 1350 numinis
1285 1310 1512 1362 religionem
1532 1322 1595 1348 me
1617 1308 1670 1348 ibi
1689 1309 1805 1349 tutio-

328 1381 411 1407 rem
443 1369 523 1408 fore
550 1361 906 1422 speross—-necenim
928 1372 968 1411 id
990 1373 1237 1424 exploratum
1257 1373 1411 1412 habeo:
1442 1385 1533 1411 nam
1552 1385 1640 1423 quae
1671 1384 1734 1410 res
1763 1372 1804 1410 in

327 1431 489 1470 aliorum
509 1440 704 1483 potestate
726 1434 810 1472 sitae
833 1441 936 1481 sunt,
957 1448 1014 1475 eae
1037 1448 1147 1486 spem
1166 1442 1323 1474 tenuem
1348 1440 1389 1473 et
1420 1434 1627 1472 obscuram
1651 1432 1805 1485 pericli-

327 1495 426 1532 tanti
447 1496 770 1548 suppeditant—,
792 1497 862 1536 sed
888 1510 935 1535 eo
964 1498 1082 1536 etiam
1104 1498 1212 1549 quod
1242 1497 1335 1537 hinc
1361 1496 1536 1553 quotidie
1561 1495 1725 1548 patriam
1745 1495 1804 1534 in-

329 1563 454 1605 tueor,
487 1557 527 1596 in
561 1572 677 1611 quam
709 1565 828 1598 tantae
857 1560 947 1598 mihi
979 1573 1064 1598 sum
1096 1559 1382 1599 benevolentiae
1402 1559 1598 1607 conscius,
1617 1564 1803 1610 quantam

327 1618 476 1659 utinam
508 1634 531 1659 a
550 1621 660 1661 vobis
686 1635 916 1674 consequar.
975 1623 1038 1661 Ne
1067 1622 1196 1674 igitur,
1215 1622 1492 1669 Athenienses,
1514 1621 1659 1660 diutius
1688 1620 1806 1659 etiam

327 1680 389 1720 his
422 1683 533 1722 malis
561 1697 696 1736 angar,
716 1698 764 1723 ea
793 1684 887 1723 mihi
920 1685 1179 1732 decernitote,
1201 1698 1290 1737 quae
1311 1685 1395 1737 jam
1415 1684 1500 1724 aliis
1521 1696 1679 1735 quoque
1707 1696 1808 1721 non-

329 1745 446 1783 nullis
478 1746 677 1794 tribuistis,
698 1754 742 1785 ut
772 1760 899 1799 neque
931 1747 1136 1799 indignum
1155 1747 1267 1786 vobis
1297 1747 1443 1799 aliquid
1476 1746 1570 1784 mihi
1591 1744 1807 1792 usuveniat‚

329 1819 457 1858 neque
475 1808 559 1847 aliis
580 1808 797 1860 supplicare
828 1822 970 1860 cogar:
1000 1808 1040 1847 id
1075 1809 1183 1861 quod
1211 1823 1284 1848 nec
1304 1809 1413 1848 vobis
1445 1809 1657 1848 honestum
1687 1813 1805 1845 esset.

330 1868 450 1916 Nam,
469 1870 500 1908 si
519 1877 650 1909 vestra
669 1871 872 1910 iracundia
891 1871 1038 1923 placari
1060 1871 1153 1909 mihi
1173 1871 1280 1910 nulla
1295 1871 1444 1909 ratione
1462 1876 1608 1922 potest,
1628 1869 1724 1908 mori
1745 1882 1807 1908 me

330 1932 568 1982 praestiterit.
624 1933 720 1972 Jure
751 1940 879 1972 autem
911 1934 986 1972 hoc
1023 1934 1151 1972 animo
1182 1946 1268 1972 esse
1296 1946 1360 1972 me
1385 1946 1512 1984 neque
1539 1932 1622 1971 sine
1649 1945 1690 1970 re
1719 1931 1808 1970 haec

323 1993 475 2044 jactare
503 1995 699 2035 credetis:
728 2009 817 2035 nam
852 2003 893 2035 et
924 2002 1090 2035 vestram
1119 1995 1392 2035 auctoritatem
1421 1994 1520 2033 subii
1551 2000 1591 2033 et
1613 1993 1808 2046 judicium

331 2067 415 2092 non
436 2055 663 2105 detrectavi,
683 2064 727 2095 ut
757 2071 884 2110 neque
921 2058 1123 2096 veritatem
1154 2057 1398 2097 indefensam
1431 2057 1650 2096 desererem
1682 2069 1809 2108 neque

330 2124 501 2156 vestrum
521 2119 726 2171 quisquam
748 2119 786 2157 in
806 2133 867 2159 me
887 2126 1124 2172 potestatem
1143 2133 1221 2159 non
1241 2121 1418 2167 haberet,
1441 2119 1511 2158 sed
1531 2125 1572 2157 ut
1590 2124 1721 2158 vestro
1747 2132 1809 2157 ar-

330 2178 472 2218 bitratu
503 2181 554 2219 de
587 2195 650 2220 me
683 2182 929 2221 statueretis:
961 2182 1173 2222 arbitrabar
1206 2184 1310 2222 enim
1342 2196 1425 2231 eos,
1443 2181 1510 2234 qui
1540 2181 1671 2220 omnia
1688 2180 1727 2218 in
1746 2193 1808 2219 me

331 2249 558 2282 ornamenta
576 2244 848 2293 contulissent,
869 2246 984 2284 etiam
1005 2258 1100 2297 erga
1122 2258 1186 2284 me
1226 2245 1258 2284 si
1290 2245 1344 2284 ita
1375 2244 1538 2292 vellent,
1558 2242 1810 2295 delinquendi

331 2303 475 2342 habere
494 2311 728 2356 potestatem
760 2314 953 2359 oportere.
1011 2308 1115 2352 Quia
1135 2320 1225 2346 vero
1243 2307 1354 2359 justa
1383 2307 1551 2354 fortuna,
1570 2306 1626 2347 ita
1653 2305 1710 2344 uti
1740 2305 1810 2343 de-

332 2365 426 2412 cuit,
439 2365 579 2417 injusta
598 2375 781 2419 superata
799 2370 859 2408 bis
879 2370 988 2408 vobis
1008 2369 1146 2408 iisdem
1161 2370 1212 2408 de
1232 2370 1346 2408 rebus
1366 2368 1562 2408 statuendi
1580 2368 1809 2414 facultatem

331 2427 453 2475 dedit,
471 2437 676 2481 propterea
706 2431 811 2482 quod
832 2431 926 2469 nihil
945 2433 984 2470 in
1014 2445 1076 2471 me
1095 2433 1159 2471 cui
1188 2432 1337 2471 mederi
1364 2445 1444 2470 non
1461 2431 1578 2471 liceat
1606 2429 1809 2477 statuistis,

331 2497 526 2529 servatote
546 2505 621 2540 me,
652 2493 931 2542 Athenienses,
959 2500 999 2533 et
1019 2508 1108 2546 quae
1127 2502 1211 2533 tum
1231 2494 1342 2534 vobis
1370 2493 1464 2546 ipsis
1489 2501 1571 2533 tum
1602 2506 1665 2532 me
1688 2492 1810 2544 digna

332 2559 423 2591 sunt
451 2553 704 2594 decernitote.
764 2555 872 2594 Nihil
903 2558 1005 2595 enim
1025 2570 1048 2595 a
1068 2570 1129 2596 me
1147 2570 1350 2609 perperam
1371 2563 1412 2595 et
1439 2556 1628 2596 scelerate
1658 2555 1809 2594 factum

331 2616 544 2668 reperietis,
569 2631 698 2670 neque
727 2631 786 2657 me
806 2620 1077 2659 commeritum
1096 2626 1140 2658 ut
1165 2620 1226 2659 vel
1255 2619 1448 2672 dignitate
1468 2619 1532 2657 vel
1553 2619 1632 2656 vita
1650 2617 1808 2668 spolier,

333 2679 405 2717 sed
420 2686 460 2718 et
476 2680 736 2720 multitudinis
752 2681 807 2720 ita
825 2695 912 2721 esse
933 2682 1153 2721 studiosum
1178 2689 1221 2720 ut
1239 2681 1306 2732 qui
1324 2679 1506 2727 maxime,
1529 2692 1580 2718 ne
1596 2677 1692 2730 quid
1710 2677 1807 2721 invi-

333 2741 487 2780 diosum
514 2743 694 2790 scribam,
716 2750 756 2782 et
773 2744 1034 2796 pulcherrima
1052 2757 1101 2783 ex
1119 2743 1181 2782 his
1200 2743 1266 2795 qui
1292 2742 1422 2782 adhuc
1441 2741 1578 2781 vivunt
1607 2753 1678 2793 pro
1696 2739 1807 2780 vobis

333 2804 508 2854 gerenda
522 2806 755 2858 suscepisse,
770 2806 1016 2858 maximaque
1032 2820 1053 2846 e
1068 2807 1162 2846 meis
1182 2805 1397 2858 aequalibus
1415 2803 1700 2843 benevolentiae
1715 2815 1808 2854 erga

334 2879 403 2905 vos
424 2868 568 2908 indicia
581 2869 797 2922 reliquisse.
856 2870 996 2922 Neque
1016 2883 1108 2909 vero
1127 2869 1331 2921 quisquam
1347 2874 1520 2908 vestrum
1539 2872 1665 2919 putet,
1685 2864 1801 2904 Athe-

332 2927 501 2977 nienseS‚
526 2945 587 2970 me
607 2931 667 2972 vel
687 2945 734 2971 ex
754 2931 1017 2972 imbecillitate
1049 2932 1167 2972 animi
1187 2932 1250 2972 vel
1278 2930 1358 2971 ulla
1389 2930 1466 2971 alia
1488 2928 1592 2982 turpi
1610 2928 1660 2968 de
1686 2938 1806 2971 causa

1647 3298 1655 3306 i.
1673 3299 1684 3306 A
1697 3295 1710 3306 ι,
1728 3170 1948 3306 .»„;1m1
