1948 3306
297 154 347 190 76
786 149 842 185 IN
874 146 1324 187 CTESIPHONTEM.

299 254 391 305 quin
413 260 451 291 et
470 252 622 290 armarii
647 252 937 290 fabricationem
959 260 998 290 et
1018 251 1268 290 refectionem
1296 252 1486 288 curabant
1511 251 1670 298 viarum,
1699 250 1769 289 ἀε-

299 317 415 366 nique
441 315 560 351 totius
590 314 669 351 fere
689 314 854 352 civitatis
875 314 1250 352 administrationem
1276 313 1465 350 obierunt.
1515 312 1651 362 Neque
1685 312 1771 349 haec

301 377 405 421 dico,
429 389 507 427 quo
527 388 594 412 eos
615 381 684 413 aut
702 375 872 413 incusem
894 381 962 413 aut
981 374 1277 425 reprehendam,
1299 373 1370 411 sed
1389 373 1485 410 illud
1512 374 1619 411 vobis
1639 381 1769 411 osten-

302 451 388 476 sum
408 437 511 483 volo,
531 436 694 475 latorem
714 437 827 488 legis,
845 437 875 474 si
893 437 977 487 quis
992 437 1109 474 unius
1126 436 1186 473 vel
1199 435 1318 473 infimi
1332 436 1583 486 magistratus
1602 435 1772 472 rationes

301 501 441 539 referre
462 500 618 547 debeat,
638 500 743 538 nolle
770 513 872 545 eum,
894 500 1114 550 priusquam
1146 499 1313 536 rationes
1343 498 1430 535 illas
1457 496 1685 541 reddiderit,
1707 509 1772 533 co-

303 575 399 600 rona
413 562 571 599 donari:
603 561 817 612 Ctesiphon
838 567 967 598 autem
988 561 1260 606 Demostheni,
1281 560 1346 610 qui
1367 559 1416 597 ad
1431 571 1621 597 summam
1639 571 1775 595 omnes

305 625 552 662 Athenarum
579 624 830 675 magistratus
851 635 930 660 una
951 624 1124 673 gerebat,
1152 635 1334 660 coronam
1366 621 1575 659 decernere
1599 632 1676 657 non
1705 619 1777 657 du·
1819 659 1824 669 „

304 687 457 724 bitavit.

365 749 427 785 12.
457 747 547 785 Jam
574 746 694 784 muris
714 758 804 783 eum
831 744 1053 782 reficiendis
1085 751 1304 782 curatorem
1324 744 1459 790 fuisse,
1488 756 1576 782 curn
1600 743 1675 780 iste
1702 742 1778 780 hoc

305 809 557 862 plebiscitum
580 806 747 858 scripsit,
770 813 809 844 et
836 806 1034 858 publicam
1065 812 1257 844 tractasse
1282 805 1502 856 pecuniam,
1521 810 1561 841 et
1585 804 1779 854 irrogasse

306 871 492 915 mulctas,
524 869 858 921 quemadmodum
879 875 918 906 et
937 868 1000 905 alii
1029 868 1298 918 magistratus,
1317 874 1356 904 et
1375 866 1448 905 fori
1461 865 1657 917 judicialis
1677 865 1779 915 prin-

307 933 479 984 cipatum
491 931 720 978 obtinuisse,
741 930 876 970 harum
897 943 970 980 ego
990 942 1117 968 rerum
1133 936 1252 967 testes
1267 929 1378 967 vobis
1397 929 1525 980 ipsum
1547 927 1782 965 Demosthe-

308 1007 398 1032 nem
431 1000 471 1032 et
506 993 806 1044 Ctesiphontem
838 992 979 1030 citabo.
1029 990 1132 1029 Nam
1169 990 1392 1028 Chaeronda
1421 995 1603 1041 praetore,
1639 987 1783 1026 mensis

310 1056 585 1107 Thargelionis
615 1055 678 1094 die
700 1068 856 1099 XXIX„
877 1067 965 1092 cum
995 1053 1132 1092 concio
1159 1053 1380 1100 haberetur,
1413 1052 1555 1090 scitum
1583 1050 1676 1088 fecit
1704 1050 1784 1088 De-

309 1118 550 1164 mosthenes,
570 1123 616 1154 ut
643 1124 953 1155 convocarentur
971 1116 1110 1153 Tribus
1132 1115 1271 1154 diebus
1296 1114 1473 1154 secundo
1502 1118 1542 1151 et
1565 1113 1680 1151 tertio
1700 1111 1785 1149 Sci·

312 1179 569 1231 rophorionis,
604 1178 822 1230 eodemque
854 1178 952 1216 scito
980 1177 1235 1228 praescripsit,
1265 1182 1310 1215 ut
1342 1190 1389 1215 ex
1420 1171 1658 1226 unaquaque
1683 1173 1785 1212 tribu

311 1243 535 1293 deligantur
568 1241 755 1279 moenium
788 1240 1084 1277 reficiendorum
1117 1246 1316 1277 curatores
1345 1245 1386 1276 et
1408 1243 1637 1289 quaestores.
1686 1235 1784 1272 Pru-

313 1304 453 1342 denter
473 1316 581 1349 sane,
602 1301 782 1339 nimirum
803 1308 845 1338 ut
864 1307 990 1338 certos
1010 1300 1188 1337 homines
1208 1300 1371 1337 haberet
1389 1299 1527 1337 civitas
1550 1296 1787 1347 inquisitioni

315 1364 520 1409 obnoxios,
543 1376 566 1400 a
585 1362 727 1413 quibus
747 1369 853 1400 esset
887 1366 1112 1411 sumptuum
1134 1360 1327 1398 factorum
1356 1359 1545 1398 rationem
1564 1357 1789 1409 repetitura.

316 1426 457 1464 Recita
475 1425 569 1462 mihi
589 1424 762 1462 decreta.

915 1523 1194 1563 DECRETA.

377 1624 439 1660 13.
470 1622 580 1668 Esto,
599 1634 732 1659 verum
754 1620 843 1658 huic
858 1620 986 1658 statim
1005 1634 1025 1658 e
1046 1620 1239 1658 contrario
1254 1619 1472 1670 replicabit,
1494 1619 1567 1657 sibi
1583 1631 1655 1657 nec
1676 1626 1792 1667 sorte,

320 1698 393 1723 nec
414 1683 601 1735 suffragio
616 1683 751 1734 populi
771 1683 956 1720 moenium
975 1682 1300 1720 instaurationem
1319 1681 1536 1720 obvenisse.
1578 1682 1631 1719 Et
1650 1681 1698 1719 de
1717 1682 1793 1720 hoc

320 1747 477 1799 quidem
498 1746 785 1784 Demosthenes
801 1752 841 1783 et
861 1745 1080 1796 Ctesiphon
1098 1745 1312 1783 orationem
1333 1745 1433 1783 bene
1449 1745 1608 1796 longam
1627 1744 1796 1783 habituri

322 1816 428 1855 sunt,
451 1821 544 1847 vera
558 1814 688 1846 autem
710 1807 833 1845 oratio
852 1814 892 1844 et
909 1807 1037 1845 brevis
1052 1813 1092 1845 et
1109 1806 1320 1859 perspicua
1335 1797 1408 1844 erit
1426 1819 1594 1857 quaeque
1608 1806 1686 1844 cito
1699 1806 1794 1844 isto-

322 1885 406 1909 rum
427 1871 619 1909 dissolvet
648 1869 839 1907 fallacias.
895 1869 1030 1906 Pauca
1058 1874 1190 1907 tamen
1218 1868 1405 1919 imprimis
1443 1868 1518 1906 hac
1548 1867 1598 1905 de
1624 1881 1665 1905 re
1695 1881 1795 1918 prae-

322 1933 447 1970 fabor.
475 1932 566 1969 Tria
584 1937 676 1968 sunt
697 1931 794 1979 apud
812 1943 888 1976 7108,
909 1929 1188 1976 Athenienses,
1211 1929 1512 1980 magistratuum
1539 1942 1707 1980 genera:
1747 1943 1795 1967 ex

323 1995 464 2046 quibus
482 2006 604 2030 unum
632 1993 890 2042 omnibusque
915 1992 1162 2029 notissimum
1182 1998 1241 2029 est
1260 2004 1392 2029 eorum
1411 1991 1478 2041 qui
1498 1997 1602 2028 sorte
1634 1998 1702 2028 aut
1724 2004 1796 2042 po-

322 2057 406 2109 puli
437 2054 623 2106 suffragio
655 2061 860 2092 creantur:
892 2054 1071 2100 alterum,
1109 2053 1174 2103 qui
1205 2052 1352 2103 aliquid
1383 2052 1492 2103 quod
1521 2052 1571 2089 ad
1602 2052 1796 2090 civitatem

324 2118 492 2170 pertinet
518 2117 621 2154 ultra
639 2117 799 2167 triginta
818 2115 901 2153 dies
925 2121 1093 2153 tractant
1123 2115 1267 2165 quique
1296 2114 1464 2165 publicis
1497 2113 1675 2166 operibus
1707 2123 1798 2152 sunt

325 2180 501 2231 praefecti
518 2193 527 2216 :
567 2179 723 2217 tertium
759 2177 887 2215 verbis
924 2177 1024 2227 legis
1061 2189 1291 2228 expressum
1325 2182 1398 2222 est,
1437 2181 1483 2213 et
1521 2175 1558 2213 si
1597 2176 1677 2226 qui
1715 2177 1740 2214 d
1756 2190 1796 2215 e-

327 2241 449 2279 lecti
485 2241 531 2277 in
568 2240 676 2278 foro
713 2239 868 2289 aliquo
899 2237 1137 2289 judiciali
1173 2237 1517 2288 praefecturam
1556 2250 1574 2274 s
1591 2250 1615 2274 u
1630 2251 1797 2290 scepe-

327 2303 438 2348 rint,
472 2302 505 2338 ii
539 2314 732 2352 quoque
764 2307 1023 2351 postquam
1052 2313 1103 2350 sp
1118 2298 1269 2336 ectati
1294 2298 1478 2337 fuerint
1507 2311 1545 2335 m
1558 2299 1800 2349 agistratu

327 2366 617 2415 fungantur.
674 2361 764 2401 Jam
784 2363 816 2400 si
844 2362 1051 2400 demantur
1077 2361 1345 2412 magistratus,
1366 2359 1432 2411 qui
1455 2360 1590 2411 populi
1615 2360 1800 2412 suffragio

329 2433 369 2465 et
382 2426 449 2478 qui
465 2432 570 2463 sorte
584 2431 675 2463 sunt
689 2422 822 2469 creati,
845 2430 1025 2474 superest
1038 2429 1080 2460 ut
1091 2422 1130 2469 ii,
1146 2436 1243 2473 quos
1258 2422 1380 2460 tribus
1399 2429 1440 2460 et
1458 2421 1618 2459 trientes
1632 2423 1800 2462 tribuum

329 2498 368 2528 et
388 2487 598 2538 municipia
625 2498 674 2524 ex
695 2486 776 2523 suis
802 2484 982 2535 deligunt
1010 2484 1060 2522 ad
1086 2485 1292 2536 pecuniam
1316 2484 1515 2536 publicam
1542 2485 1801 2534 tractandam,

333 2552 412 2590 sint
431 2548 573 2588 delecti
591 2547 868 2598 magistratus:
898 2546 939 2583 id
972 2553 1103 2584 autem
1124 2547 1180 2593 fit,
1210 2547 1383 2598 quando,
1412 2547 1468 2584 uti
1487 2559 1605 2594 nunc,
1625 2547 1803 2587 tribubus

332 2612 480 2664 aliquid
499 2610 726 2649 mandatum
747 2609 877 2656 fuerit,
898 2609 977 2647 sive
997 2609 1073 2648 sint
1088 2609 1206 2646 fossae
1228 2608 1435 2659 egerendae
1454 2609 1534 2647 sive
1553 2608 1726 2648 triremes
1745 2611 1802 2649 fa-

334 2673 547 2713 brieandae.
579 2671 680 2715 Quae
698 2683 786 2708 vere
809 2683 904 2708 ame
924 2670 1015 2717 dici,
1035 2683 1082 2708 ex
1095 2669 1188 2721 ipsis
1207 2669 1360 2720 legibus
1380 2669 1640 2720 cognoscetis.

973 2797 1164 2835 LEGES.

342 2885 386 2921 In
408 2882 631 2922 memoriam
651 2882 765 2934 igitur
785 2888 981 2928 revocate,
1002 2896 1090 2933 quae
1111 2882 1227 2921 modo
1247 2882 1429 2931 diximus,
1446 2883 1608 2923 latorem
1626 2884 1723 2936 legis
1737 2886 1802 2937 ju—
