1915 3356
619 185 823 223 ORATIO
856 184 1164 223 AMATORIA.
1541 190 1616 226 803

157 287 305 333 theam,
319 299 396 326 non
415 288 460 328 iis
476 289 593 327 rebus
610 289 747 340 quibus
768 289 995 327 adolescens
1017 287 1176 332 studuit,
1200 289 1268 326 sed
1289 297 1442 342 propter
1462 305 1508 330 ea
1528 305 1617 345 quae

159 354 249 400 post
278 347 561 389 institutionem
583 349 763 389 Isocratis
793 348 928 401 gessit,
946 355 985 387 et
1003 361 1193 386 summam
1221 349 1379 399 gloriam
1399 359 1438 390 et
1457 353 1613 405 amplis-

157 409 273 449 simos
302 410 467 451 honores
487 412 623 451 merito
647 425 731 451 esse
759 416 1013 449 consecutum
1036 423 1270 461 cognosces:
1299 418 1380 449 tum
1402 415 1611 466 Archytam

156 469 222 524 qui
241 472 487 512 Tarentinam
507 473 797 525 rempublicam,
818 486 969 511 summa
988 486 1116 511 rerum
1136 472 1185 510 ad
1206 473 1330 523 ipsum
1347 473 1490 521 delata,
1518 477 1616 515 adeo

153 534 341 586 praeclare
361 541 401 574 et
418 536 636 575 humaniter
666 534 960 581 administravit,
991 541 1035 573 ut
1062 534 1146 586 ejus
1172 547 1315 573 nomen
1347 536 1451 585 apud
1482 549 1616 576 omnes

153 594 397 635 celebretur:
425 596 458 635 is
490 597 606 648 igitur
636 610 725 636 cum
758 604 1002 649 sperneretur
1038 596 1157 642 initio,
1180 609 1201 634 e
1227 595 1402 634 Platonis
1433 609 1616 648 congres-

153 655 260 695 sibus
287 663 436 696 tantam
464 658 733 697 auctoritatem
761 666 822 697 est
850 659 1027 710 adeptus.
1087 658 1226 709 Neque
1254 658 1391 696 horum
1411 658 1616 709 quicquam

150 717 236 756 sine
264 718 412 758 ratione
444 720 590 758 factum
625 727 711 759 est:
741 720 817 758 imo
845 721 963 771 longe
995 726 1101 758 esset
1129 721 1346 767 absurdius,
1367 720 1398 758 si
1421 720 1471 759 ad
1499 734 1618 772 parva

151 780 332 832 quaedam
351 782 586 833 perficienda
606 783 718 821 nobis
738 783 828 822 artis
853 791 969 835 atque
988 782 1271 821 exercitationis
1289 796 1386 835 opus
1416 790 1521 821 esset
1548 783 1616 821 ad-

143 841 346 893 jumentis,
373 855 435 881 res
465 857 557 882 vero
582 845 756 883 maximae
783 844 929 883 nullam
958 851 1094 891 artem,
1122 844 1271 882 nullum
1288 844 1615 896 hujusmodi-stu-

150 903 257 942 dium
276 905 530 956 postularent.
589 908 650 945 Ac
667 907 714 945 de
733 907 792 945 his
813 907 970 958 quidem
990 906 1103 958 plura
1119 906 1244 944 dicere
1265 919 1344 945 non
1365 906 1479 945 video
1500 920 1614 959 quor-

150 980 237 1006 sum
257 969 433 1008 attineat.
490 969 629 1022 Neque
656 970 758 1009 enim
778 970 887 1009 initio
911 970 965 1008 sic
987 969 1024 1006 in
1053 968 1155 1006 hanc
1176 968 1411 1007 mentionem
1445 982 1531 1007 sum
1555 969 1614 1006 in-

149 1043 307 1082 gressus
325 1032 436 1083 quasi
456 1038 497 1071 tu
517 1045 563 1071 ea
580 1045 738 1084 prorsus
758 1033 957 1084 ignorares
974 1045 983 1070 t
1015 1032 1085 1070 sed
1118 1032 1236 1081 liujus
1268 1030 1411 1082 gereris
1433 1030 1613 1070 exhorta-

149 1091 318 1132 tionibus
338 1093 495 1146 ignaros
515 1095 687 1143 excitari,
709 1095 877 1134 scientes
897 1084 1141 1142 inflammari,
1161 1094 1361 1145 putabam.

203 1156 267 1193 13.
299 1154 361 1193 Ne
388 1169 478 1194 vero
497 1163 610 1208 putes
640 1170 716 1204 me,
737 1157 843 1208 quod
871 1157 947 1195 ista
967 1156 1144 1203 dixerim,
1163 1156 1213 1195 de
1243 1169 1304 1194 me
1339 1155 1512 1206 polliceri
1545 1155 1612 1193 tibi

146 1215 364 1256 doctrinam
383 1217 517 1256 harum
539 1231 677 1256 rerum.
736 1219 821 1257 Nec
842 1219 944 1256 enim
964 1232 1025 1257 me
1045 1218 1157 1257 fateri
1177 1218 1310 1270 pudet,
1335 1217 1405 1269 ipsi
1436 1217 1526 1254 mihi
1547 1217 1613 1255 ad-

141 1279 224 1318 huc
243 1279 367 1318 multa
385 1293 471 1318 esse
493 1279 693 1330 discenda,
716 1287 831 1333 atque
852 1280 982 1332 ipsum
1001 1280 1193 1333 rempubl.
1210 1280 1326 1318 malle
1343 1292 1476 1331 gerere
1496 1291 1612 1330 quam

145 1341 232 1381 aliis
262 1354 348 1386 eam
380 1342 597 1382 doctrinam
629 1344 806 1382 tradere:
837 1356 966 1394 neque
997 1343 1083 1382 haec
1113 1343 1169 1382 sic
1202 1342 1324 1393 accipi
1354 1340 1466 1379 velim
1502 1341 1613 1391 quasi

145 1417 330 1457 asperner
355 1418 454 1452 eam,
473 1419 562 1457 quae
582 1406 783 1458 sapientiae
802 1412 841 1444 et
859 1405 1094 1458 eloquentiae
1109 1403 1300 1457 magistris
1320 1403 1520 1455 proposita
1539 1409 1612 1449 est,

144 1465 321 1517 gloriam,
341 1466 412 1505 sed
430 1467 522 1518 quia
540 1467 581 1506 id
599 1467 707 1519 quod
736 1467 825 1506 dico
843 1481 976 1506 verum
1004 1474 1076 1506 est.
1135 1466 1227 1508 Scio
1259 1464 1359 1504 enirn
1391 1464 1534 1501 multos
1565 1477 1611 1501 ex

142 1521 318 1567 obscuris
347 1535 387 1566 et
416 1529 649 1582 contemptis
669 1536 737 1581 per
759 1530 842 1569 e'am
866 1529 1148 1582 professionem
1166 1527 1338 1566 illustres
1357 1540 1442 1565 esse
1471 1526 1610 1572 factos,

143 1602 190 1629 ac
209 1590 394 1630 Solonem
413 1591 452 1629 et
471 1591 664 1630 viventem
691 1599 732 1631 et
763 1599 958 1631 mortuum
990 1593 1158 1630 maxima
1187 1590 1311 1642 gloria
1338 1588 1528 1634 floruisse,
1549 1588 1610 1626 cui

142 1651 280 1704 reliqui
312 1653 480 1691 honores
509 1654 641 1704 negati
669 1666 748 1692 non
776 1654 962 1692 fuerunt:
990 1667 1079 1692 nam
1109 1660 1148 1691 et
1176 1651 1410 1690 fortitudinis
1430 1665 1511 1690 suae
1532 1657 1610 1688 tro-

143 1725 273 1764 paeum
294 1714 528 1764 Megarense
547 1714 827 1753 monimentum
845 1714 1014 1765 reliquit,
1033 1720 1073 1753 et
1090 1713 1242 1752 consilii
1264 1712 1470 1750 Salaminis
1498 1726 1608 1761 recu-

141 1767 393 1827 perationem,
413 1782 452 1814 et
467 1776 617 1815 caeteris
636 1777 675 1814 in
694 1777 809 1815 rebus
830 1776 1031 1828 sapientiae
1052 1776 1176 1827 leges,
1196 1775 1337 1826 quibus
1358 1775 1473 1813 etiam
1494 1774 1608 1813 hodie

141 1835 296 1890 plurimi
317 1837 545 1876 Graecorum
564 1844 789 1877 constanter
808 1845 983 1877 utuntur.
1041 1838 1132 1885 Qui,
1164 1850 1385 1889 quanquam
1411 1844 1468 1875 tot
1495 1850 1608 1875 orna-

141 1900 284 1939 mentis
312 1899 548 1947 cumulatus,
567 1906 697 1940 tamen
717 1900 813 1939 nihil
831 1900 992 1953 perinde
1013 1899 1178 1945 studuit,
1200 1907 1319 1952 atque
1338 1907 1382 1938 ut
1401 1900 1439 1937 in
1460 1907 1608 1951 septem

142 1963 360 2016 sapientum
378 1976 580 2001 numerum
599 1961 819 2010 referretur,
841 1962 1040 2015 sapientiae
1061 1962 1233 2001 studium
1264 1973 1339 2001 non
1359 1962 1498 2013 probro
1525 1962 1606 2000 cui-

141 2037 273 2077 quam,
291 2024 360 2063 sed
393 2024 499 2063 laudi
519 2025 697 2064 omnibus
731 2038 817 2065 esse
844 2025 1018 2064 dandum
1038 2025 1288 2071 existimans3
1316 2023 1355 2062 in
1388 2037 1465 2076 quo
1495 2037 1606 2075 aeque

141 2093 246 2127 recte
264 2087 399 2133 sensit,
412 2093 455 2124 ut
473 2087 511 2125 in
530 2088 693 2134 caeteris,
712 2088 751 2126 in
770 2088 911 2139 quibus
931 2087 1124 2127 excelluit.

199 2150 262 2187 14.
292 2150 424 2201 Atque
460 2162 534 2200 ego
565 2163 637 2189 nec
665 2150 749 2202 ipse
781 2149 892 2189 aliter
923 2151 1061 2196 sentio,
1090 2157 1130 2188 et
1154 2149 1220 2187 tibi
1251 2147 1604 2200 philosophandum

140 2224 296 2258 censeo,
315 2224 388 2249 nec
401 2211 705 2251 obliviscendum
726 2213 878 2263 quantis
897 2219 937 2250 te
955 2211 1068 2251 bonis
1086 2218 1225 2249 natura
1244 2218 1282 2248 et
1298 2210 1454 2248 fortuna
1468 2222 1605 2247 cumu-

139 2272 241 2311 larit.
298 2273 398 2316 Quae
425 2273 528 2312 hanc
561 2274 682 2325 ipsam
716 2275 764 2312 ob
800 2287 960 2312 causam
990 2287 1063 2325 ego
1098 2285 1249 2323 quoque
1279 2271 1461 2310 orationis
1497 2270 1603 2308 initio

140 2334 451 2379 commemoravi,
472 2348 549 2373 non
570 2342 647 2374 tam
668 2335 823 2387 quidem
844 2343 888 2374 ut
915 2335 1138 2374 laudatione
1170 2333 1311 2385 ingenii
1343 2333 1399 2371 tui
1433 2332 1602 2371 animum

140 2403 251 2436 tuum
270 2396 364 2435 mihi
384 2397 645 2445 conciliarem,
664 2410 782 2448 quam
803 2403 847 2435 ut
864 2405 903 2436 te
923 2397 974 2435 ad
994 2395 1280 2448 philosophiam
1299 2394 1539 2439 adho1tarer,
1561 2402 1603 2432 ut

139 2465 179 2498 et
203 2472 289 2498 eam
316 2470 394 2497 non
417 2459 522 2510 parvi
541 2458 719 2504 duceres,
742 2471 830 2509 nec,
849 2458 963 2496 bonis
996 2458 1078 2497 istis
1107 2457 1247 2503 elatus,
1265 2469 1311 2495 ea
1341 2469 1426 2507 quae
1457 2462 1604 2494 restant

139 2521 370 2572 negligeres,
387 2533 474 2568 nec,
495 2520 528 2559 si
544 2521 591 2559 iis
618 2527 782 2573 praestas
815 2521 1045 2572 quibuscum
1075 2519 1185 2566 vivis,
1221 2517 1377 2557 studere
1406 2517 1488 2556 aliis
1516 2531 1602 2556 esse

139 2582 385 2635 praestantior
412 2582 525 2621 nolis.
583 2583 663 2622 Sed
692 2582 888 2622 existimes
915 2582 1097 2620 eximium
1118 2595 1205 2620 esse
1227 2580 1418 2619 excellere
1448 2580 1485 2617 in
1519 2592 1601 2617 om-

140 2646 276 2684 nibus:
305 2643 509 2697 magisque
541 2645 721 2697 expedire
750 2651 795 2683 ut
826 2645 860 2682 ei
893 2643 946 2682 rei
980 2643 1136 2683 studere
1156 2643 1336 2689 videaris,
1354 2655 1468 2693 quam
1497 2648 1538 2679 ut
1564 2641 1600 2679 in

137 2707 360 2758 vulgaribus
396 2707 580 2755 emineas,
614 2714 680 2746 aut
710 2707 908 2759 ingenium
945 2712 1053 2744 tuum
1093 2705 1321 2749 dedecores,
1361 2711 1428 2742 aut
1471 2717 1601 2742 eorum

138 2770 205 2821 qui
238 2771 308 2809 sibi
343 2769 391 2807 de
419 2775 457 2808 te
484 2783 627 2822 magna
654 2770 886 2823 pollicentur
914 2783 1020 2821 spem
1053 2769 1270 2812 frustreris3
1302 2768 1379 2806 imo
1411 2767 1486 2805 tuis
1515 2767 1602 2805 viri-

134 2831 207 2870 bus
243 2831 396 2871 vincere
437 2832 610 2872 studebis
656 2831 1111 2871 benevolentissimorum
1148 2830 1396 2869 desiderium.
1473 2829 1600 2880 Atque

138 2892 371 2933 existimabis
416 2894 584 2946 reliquas
623 2894 832 2939 orationes,
869 2894 898 2931 si
935 2893 1177 2932 mediocriter
1214 2892 1407 2944 placeant,
1444 2892 1602 2930 oratori

136 2953 209 2992 bus
240 2967 326 2993 esse
352 2955 500 3006 gloriae,
520 2957 799 3008 praeceptiones
831 2963 959 2994 autem
989 2955 1032 2992 iis
1061 2955 1126 3006 qui
1156 2961 1315 3005 pareant
1345 2961 1381 2993 et
1410 2955 1496 2993 usui
1516 2967 1601 2992 esse
