1948 3306
359 186 436 223 662
646 184 703 222 IN
734 184 1004 223 EVERGUM
1037 184 1101 222 ET
1131 184 1520 225 MNESIBULUM.

358 296 499 343 sertim,
515 295 581 347 qui
598 295 695 347 legis
715 302 754 334 et
773 296 1014 334 decretorum
1031 303 1243 334 vestrorum
1257 298 1487 336 auctoritate
1503 310 1551 336 ea
1564 310 1651 350 quae
1667 297 1813 337 deben-

360 365 422 396 tur
441 357 574 409 exigit.
633 358 735 409 Lege
756 358 847 395 mihi
869 358 1039 404 decreta,
1059 365 1098 395 et
1117 358 1351 396 testimonia.

753 505 1026 544 DECRETA.
1084 504 1436 543 TESTIMONIA.

418 601 478 638 12.
508 600 608 638 Cum
625 606 752 638 autem
773 606 906 651 erepta
925 599 1016 637 mihi
1037 606 1165 637 essent
1184 600 1346 651 pignora
1364 614 1387 638 a
1407 600 1657 652 Theophemo
1683 605 1722 638 et
1741 613 1823 652 egon

359 662 581 700 verberibus
602 661 779 708 affectus,
793 675 1021 713 progressus
1042 661 1079 698 in
1101 670 1291 715 senatum,
1311 663 1469 701 verbera
1489 662 1656 707 ostendi,
1675 668 1713 700 et
1730 675 1817 713 quae

360 731 566 776 perpessus
601 737 725 762 essem
757 724 922 770 narravi,
954 724 1070 774 idque
1098 723 1297 773 exigendis
1331 724 1425 776 reip.
1449 724 1709 763 armamentis.
1765 724 1820 762 At

361 794 532 831 senatus,
555 787 603 824 ob
621 798 667 823 ea
685 799 772 836 quae
795 786 886 823 mibi
909 785 1132 824 acciderant
1148 785 1384 836 indignatus,
1405 800 1493 825 cum
1513 800 1574 824 me
1593 794 1636 824 ut
1654 785 1818 825 affectus

366 861 493 886 essem
524 848 695 894 vidisset,
727 861 888 898 eamque
913 847 1187 885 contumeliam
1222 861 1299 886 non
1329 848 1432 894 mihi,
1459 848 1527 886 sed
1560 849 1631 886 sibi
1662 848 1744 899 ipsi,
1780 854 1820 886 et

360 910 505 962 populo
536 910 682 948 decreti
712 910 871 954 auctori,
895 916 934 947 et
964 909 1041 960 legi
1075 922 1162 959 quae
1189 910 1342 960 exigere
1373 917 1612 948 armamenta
1648 916 1819 961 cogeret,

360 973 505 1011 factam
525 972 772 1017 existimaret,
793 971 884 1009 mihi
912 971 1123 1018 mandavit,
1143 978 1186 1009 ut
1219 985 1307 1009 eum
1337 972 1551 1022 majestatis
1581 984 1818 1018 accusarem,

358 1041 399 1073 et
417 1035 594 1073 curiones
613 1034 647 1073 ei
667 1034 815 1073 dictare
838 1033 1028 1083 judicium
1047 1033 1147 1072 intra
1164 1033 1337 1080 biduum,
1354 1041 1398 1072 ut
1429 1033 1565 1085 injurio
1584 1040 1623 1072 et
1640 1033 1818 1072 navalem

360 1097 645 1148 expeditionem
662 1096 901 1148 impedienti,
914 1096 1046 1145 jussit,
1065 1103 1270 1147 propterea
1288 1096 1394 1148 quod
1420 1102 1459 1134 et
1479 1102 1716 1135 armamenta
1741 1109 1820 1134 non

360 1158 553 1204 redderet,
575 1166 614 1197 et
631 1159 795 1211 pignora
821 1158 1038 1210 eripuisset,
1059 1165 1099 1197 et
1130 1171 1191 1196 me
1223 1158 1288 1210 qui
1311 1159 1503 1210 exigerem
1523 1149 1727 1210 etreipub.
1760 1157 1819 1196 in-

362 1221 542 1260 servirem
562 1222 784 1260 verberibus
804 1221 1009 1259 affecisset.
1053 1221 1174 1259 Facto
1200 1220 1318 1272 igitur
1337 1221 1386 1259 de
1408 1219 1822 1272 Theophemojudicio

360 1283 399 1320 in
418 1292 567 1330 senatu,
581 1297 627 1322 ea
645 1284 798 1322 actione
813 1297 889 1335 qua
907 1296 980 1334 ego
993 1296 1082 1320 eum
1098 1283 1324 1328 detuleram,
1340 1289 1379 1321 et
1393 1283 1543 1333 utrique
1559 1282 1652 1320 data
1667 1281 1821 1319 dicendi

358 1353 566 1398 potestate,
586 1345 740 1387 occulte
761 1347 920 1385 seorsim
940 1345 1238 1383 decernentibus
1258 1345 1512 1391 senatoribus,
1534 1345 1741 1383 damnatus
1763 1350 1822 1382 est

360 1408 525 1447 incuria
556 1416 595 1447 et
627 1410 767 1458 injuste
799 1409 936 1447 fecisse
966 1408 1094 1445 visus:
1124 1421 1210 1446 cum
1244 1415 1373 1445 autem
1397 1407 1479 1459 jam
1513 1406 1552 1444 in
1584 1419 1629 1444 eo
1653 1407 1821 1444 ‘senatus

359 1478 466 1509 esset
486 1478 528 1509 ut
547 1472 786 1516 decerneret,
807 1478 935 1509 utrum
958 1484 1044 1508 eum
1061 1470 1209 1521 judicio
1229 1470 1411 1516 traderet,
1433 1483 1479 1508 an
1499 1469 1720 1520 quingentis
1735 1467 1825 1506 dra-

360 1532 481 1570 chmis
514 1534 732 1581 mulctaret,
753 1540 910 1585 quantae
947 1532 1104 1570 mulctae
1136 1532 1358 1584 infligendae
1389 1526 1556 1583 exlege
1590 1538 1824 1583 potestatem

359 1593 568 1641 habebant,
590 1596 787 1633 orantibus
815 1596 893 1633 istis
921 1596 1098 1633 omnibus
1119 1601 1158 1632 et
1186 1594 1511 1646 supplicantibus,
1531 1601 1570 1631 et
1603 1607 1718 1644 quem
1745 1605 1825 1630 non

360 1655 649 1707 deprecatorem
671 1657 990 1704 subornantibus,
1009 1664 1049 1694 et
1068 1656 1364 1707 descriptionem
1392 1662 1714 1694 armamentorum
1735 1654 1823 1693 red-

360 1717 542 1757 dentibus
564 1720 691 1758 statim
722 1720 759 1757 in
781 1727 931 1765 senatu,
953 1728 992 1757 et
1012 1719 1060 1757 de
1080 1718 1304 1757 verberibus
1330 1731 1372 1756 se
1399 1718 1582 1756 arbitrum
1602 1725 1824 1769 sumpturos

360 1780 577 1819 dicentibus
609 1793 721 1830 quern
746 1782 923 1832 juberem
953 1781 1261 1828 Atheniensium,
1287 1780 1476 1827 concessi,
1504 1787 1547 1818 ut
1573 1779 1825 1830 Theophemo

359 1842 407 1880 lis
427 1843 732 1894 vigintiquinque
754 1841 948 1880 drachmis
969 1843 1238 1880 aestimaretur.
1297 1843 1396 1885 Quae
1427 1848 1471 1878 ut
1499 1853 1588 1879 vere
1619 1853 1642 1878 a
1667 1853 1728 1878 me
1749 1840 1826 1879 dici

362 1912 529 1951 constet,
550 1913 631 1942 tum
652 1918 720 1942 vos
741 1917 849 1956 rogo,
864 1904 927 1955 qui
949 1911 1114 1955 praetore
1133 1904 1352 1955 Agathocle
1367 1903 1406 1940 in
1426 1909 1602 1941 senatum
1625 1902 1761 1948 itastis,
1781 1909 1827 1940 ut

361 1966 623 2005 assidentibus
642 1966 793 2013 dicatis,
813 1973 895 2004 tum
916 1978 1171 2017 quoscunque
1191 1979 1238 2004 ex
1266 1965 1341 2004 illis
1362 1965 1603 2004 senatoribus
1623 1978 1697 2017 ego
1715 1977 1826 2016 repe-

361 2030 434 2069 rire
452 2030 574 2082 potui,
594 2037 713 2069 testes
733 2030 843 2069 vobis
863 2029 1091 2082 producam.
1444 2041 1447 2044 ’

912 2193 1272 2232 TESTIMONIA.

362 2291 451 2344 Ego
465 2291 596 2343 igitur,
614 2291 787 2339 Judices,
809 2291 909 2330 adeo
924 2303 1060 2343 aequus
1077 2290 1116 2328 in
1136 2290 1232 2328 istos
1253 2288 1322 2328 sui.
1357 2288 1613 2345 ‘Quanquam
1626 2287 1826 2325 decretum
1889 2341 1893 2344 η

363 2355 553 2406 publicari
574 2355 779 2392 facultates
797 2355 974 2405 jubebat,
996 2367 1073 2391 non
1093 2356 1174 2402 ejus
1192 2352 1309 2390 modo
1329 2351 1394 2403 qui
1413 2356 1652 2389 armamenta
1670 2349 1827 2402 publica

364 2430 443 2454 non
461 2417 657 2463 redderet,
678 2417 743 2454 sed
766 2416 848 2467 ejus
869 2416 983 2454 etiam
1004 2415 1068 2466 qui
1089 2415 1238 2466 privata
1270 2427 1342 2452 sua
1373 2412 1572 2451 venderet.
1628 2411 1714 2450 Tali
1742 2417 1825 2449 tum

364 2486 688 2518 armamentorum
707 2478 747 2516 in
766 2479 860 2516 urbe
882 2477 1043 2530 penuria
1062 2477 1323 2515 laborabatur.
1379 2475 1483 2527 Lege
1501 2473 1593 2513 mihi
1612 2473 1826 2514 decretum.

937 2621 1272 2661 DECRETUM.

423 2724 486 2761 13.
518 2722 727 2765 Reversus,
752 2719 930 2764 Judices,
957 2725 1001 2756 ut
1025 2717 1169 2756 nemini
1199 2729 1278 2755 rem
1312 2716 1536 2768 permittere
1554 2713 1826 2766 Theophemus

364 2786 488 2824 voluit
508 2785 556 2823 de
576 2784 704 2836 plagis
724 2796 820 2834 quas
850 2783 899 2820 ab
920 2795 965 2820 eo
986 2781 1026 2819 id
1048 2779 1232 2831 temporis
1252 2791 1492 2829 acceperam,
1509 2790 1597 2815 eum
1617 2776 1655 2814 in
1671 2777 1736 2828 jus
1761 2790 1828 2814 vo-

367 2855 497 2886 catum
516 2846 789 2886 verberationis
811 2844 1003 2883 accusavi.
1056 2843 1157 2880 Cum
1171 2854 1262 2880 vero
1277 2848 1316 2879 et
1330 2841 1410 2892 ipse
1430 2839 1521 2877 mihi
1541 2839 1710 2877 vicissim
1725 2838 1829 2876 diem

367 2911 540 2956 dixisset,
556 2917 594 2948 et
612 2909 742 2948 arbitri
755 2907 906 2960 judicia
924 2907 1127 2953 haberent,
1149 2917 1269 2954 quum
1288 2903 1337 2941 de
1355 2915 1476 2942 causa
1493 2900 1830 2954 pronunciandum

367 2980 485 3021 esset,
505 2973 780 3025 Theophemus
803 2969 1021 3022 excipiebat
1049 2974 1088 3007 et
1111 2965 1336 3005 differebat:
1365 2978 1442 3018 ego
1461 2976 1553 3004 vero
1573 2963 1695 3003 fretus
1723 2963 1831 3000 inno-
