1998 3306
745 450 1463 506 DEMOSTHENIS

904 601 1296 650 EXCEPTIO

553 748 998 792 'ADVERSUS
1054 712 1650 792 PANTAENETUMJ

424 867 458 902 1.
490 865 612 909 Qum
646 864 840 903 dederunt
863 865 970 916 leges
992 865 1207 916 excipiendi
1235 871 1482 916 potestatem,
1504 863 1678 911 Judices,
1708 863 1754 902 iis
1782 864 1831 902 de

366 927 480 965 rebus
510 939 596 977 quae
632 932 728 964 actae
757 932 1044 976 transactaeque
1076 933 1179 970 sunt,
1201 932 1240 964 et
1266 926 1352 964 haec
1380 932 1544 977 utraque
1572 925 1671 963 inter
1702 939 1763 963 me
1791 932 1831 963 et

364 987 638 1025 Pantaenetum
666 988 979 1032 intercesserunt,
1010 986 1240 1037 praescripsi,
1276 993 1319 1023 ut
1353 986 1470 1024 modo
1507 986 1721 1032 audivistis,
1754 999 1830 1024 non

365 1048 534 1086 dandam
564 1060 649 1085 esse
680 1047 713 1084 ei
742 1048 951 1093 actionem,
971 1060 1048 1084 non
1079 1046 1352 1085 abstinendum
1381 1046 1456 1085 hoc
1477 1047 1566 1100 jure
1594 1047 1688 1085 mihi
1711 1053 1830 1097 ratus,

364 1122 489 1159 neque
505 1108 831 1146 committendum
860 1114 901 1145 ut
923 1121 1011 1146 cum
1032 1115 1172 1159 praeter
1188 1116 1332 1147 caetera
1349 1109 1480 1147 omnia
1493 1109 1698 1148 convicero
1713 1109 1832 1148 istum

364 1177 403 1208 et
422 1170 526 1208 omni
546 1175 607 1208 me'
626 1169 797 1221 periculo
818 1169 1001 1207 liberasse
1027 1175 1066 1207 et
1088 1182 1241 1208 mecum
1273 1171 1527 1221 transegisse,
1548 1170 1676 1208 dicere
1701 1178 1835 1222 posset

364 1244 425 1269 me
454 1245 532 1269 non
561 1244 654 1269 vera
682 1231 803 1281 loqui,
836 1243 935 1268 neve
971 1230 1047 1268 hoc
1085 1237 1316 1281 argumento
1345 1237 1531 1277 uteretur,
1565 1231 1596 1269 si
1626 1231 1723 1282 quid
1753 1232 1832 1270 tale

362 1298 493 1330 actum
528 1300 644 1339 esset,
675 1292 795 1331 fuisse
830 1305 891 1331 me
923 1292 994 1330 sibi
1028 1294 1366 1344 praescripturum:
1408 1292 1479 1331 sed
1513 1293 1551 1330 in
1580 1293 1657 1331 hoc
1681 1293 1832 1345 judicio

361 1354 576 1406 eademque
598 1367 718 1393 causa
735 1354 845 1392 'vobis
865 1360 1072 1406 utrumque
1098 1354 1397 1401 ostendendum,
1417 1362 1456 1392 et
1476 1354 1540 1393 isti
1561 1367 1584 1393 a
1603 1367 1664 1393 me
1683 1355 1830 1394 nullam

360 1428 447 1454 esse
468 1417 613 1454 factam
634 1416 823 1465 injuriam,
845 1422 884 1454 et
903 1417 950 1454 ab
972 1429 1018 1454 eo
1038 1415 1131 1454 mihi
1160 1422 1295 1454 contra
1318 1416 1428 1468 leges
1449 1416 1591 1455 facessi
1617 1418 1828 1467 negotium.

362 1478 479 1520 Quod
501 1479 532 1516 si
551 1479 646 1529 quid
665 1492 798 1517 eorum
817 1478 1023 1517 accidisset
1043 1478 1273 1516 Pantaeneto
1304 1491 1393 1529 quae
1425 1491 1530 1516 nunc
1548 1478 1734 1529 queritur,
1753 1478 1838 1517 illis

359 1541 489 1577 statim
510 1541 750 1591 temporibus
771 1540 809 1578 in
826 1542 889 1590 jus
909 1554 970 1578 me
990 1546 1184 1587 vocasset,
1204 1540 1344 1591 quibus
1367 1541 1467 1579 inter
1489 1547 1560 1579 nos
1580 1546 1830 1579 contraxera-

360 1616 460 1650 mus,
483 1617 571 1642 cum
594 1611 633 1643 et
653 1612 853 1642 menstrua
873 1605 952 1643 sint
973 1604 1125 1656 judicia
1145 1604 1244 1650 haec,
1273 1610 1312 1642 et
1330 1604 1481 1655 utrique
1501 1604 1607 1643 domi
1625 1604 1829 1650 fuerimus,

358 1671 398 1702 et
417 1679 552 1703 omnes
570 1666 747 1704 homines
773 1665 994 1703 recentibus
1019 1666 1166 1715 injuriis
1186 1665 1311 1716 magis
1332 1679 1449 1716 quam
1469 1678 1578 1704 mora
1598 1665 1827 1717 interposita

358 1726 551 1777 indignari
580 1727 756 1766 soleant:
791 1727 862 1766 sed
889 1734 1097 1779 postquam
1117 1727 1224 1764 nulla
1244 1727 1406 1766 affectus
1427 1728 1666 1780 injuria—ut
1685 1735 1725 1767 et
1743 1741 1826 1776 VOS,

358 1789 451 1826 satis
467 1790 561 1835 scio,
575 1789 709 1828 audita
725 1804 763 1828 re
776 1791 971 1828 assensuri
992 1791 1328 1828 estis—successu
1343 1790 1672 1842 Everginijudicii
1687 1791 1828 1839 elatus,

357 1851 632 1897 calumniatur,
653 1852 842 1902 reliquum
863 1860 935 1897 est,
956 1851 1129 1897 Judices,
1145 1858 1200 1897 ut,
1222 1851 1327 1902 apud
1347 1864 1415 1890 vos
1431 1858 1588 1891 ostensa
1601 1852 1827 1891 innocentia
1863 1862 1867 1866 ’

358 1923 443 1950 mea
473 1919 511 1950 et
541 1912 586 1950 iis
618 1927 706 1964 quae
740 1914 867 1951 dicam
902 1914 1066 1951 testibus
1098 1912 1375 1964 comprobatiS‚
1407 1914 1506 1951 tueri
1539 1927 1600 1953 me
1633 1914 1825 1953 studeam.

358 1972 496 2011 Petam
519 1981 649 2012 autem
678 1989 702 2012 a
727 1975 835 2012 vobis
865 1975 1044 2013 omnibus
1069 1988 1150 2013 rem
1173 1988 1326 2026 aequam
1349 1982 1387 2013 et
1405 1975 1613 2021 modicam,
1635 1981 1680 2029 ut
1697 1989 1824 2014 meam

355 2036 627 2086 exceptionem
649 2037 817 2088 benigne
837 2036 1020 2082 audiatis,
1039 2043 1241 2087 totumque
1258 2036 1456 2087 negotium
1477 2037 1684 2088 diligenter
1697 2044 1826 2076 atten-

356 2095 478 2134 datis:
509 2108 598 2134 nam
618 2109 704 2134 cum
727 2097 851 2135 multa
874 2097 912 2135 in
939 2099 1033 2135 urbe
1056 2097 1206 2148 judicia
1231 2098 1335 2136 facta
1364 2098 1455 2144 sint,
1474 2098 1624 2136 nullam
1650 2111 1824 2150 unquam

356 2157 547 2195 actionem
566 2158 627 2196 vel
643 2158 903 2210 impudentius
924 2159 985 2197 vel
1001 2158 1167 2209 iniquius
1188 2160 1237 2196 ab
1260 2158 1339 2196 ullo
1359 2172 1446 2197 esse
1465 2158 1684 2197 institutam
1704 2160 1825 2199 senti-

355 2218 439 2264 etis,
458 2226 502 2256 ut
522 2219 696 2266 arbitror,
713 2234 760 2258 ea
785 2234 864 2271 qua
892 2233 1000 2258 nunc
1028 2220 1102 2258 iste
1123 2220 1301 2258 instituta
1319 2220 1358 2258 in
1377 2227 1632 2273 conspectum
1651 2226 1823 2259 vestrum

354 2280 508 2331 prodire
537 2294 614 2319 non
638 2281 841 2320 dubitavit.
899 2282 1016 2321 Dabo
1038 2288 1164 2322 autem
1186 2295 1357 2334 operam,
1376 2290 1421 2321 ut
1437 2296 1517 2321 rem
1535 2282 1644 2320 vobis
1667 2294 1822 2322 omnem

353 2342 402 2380 ab
422 2343 544 2390 initio,
563 2356 680 2394 quam
713 2343 796 2381 fieri
823 2343 1066 2394 paucissimis
1085 2345 1239 2395 poterit,
1261 2344 1462 2395 explicem.

408 2405 445 2442 2.
476 2405 748 2443 Mutuavimus
777 2405 950 2456 quinque
977 2412 1016 2443 et
1042 2412 1199 2444 centum
1222 2406 1363 2453 minas,
1387 2404 1565 2451 Judices,
1588 2405 1819 2445 Pantaeneto

352 2478 426 2516 ego
455 2473 494 2504 et
526 2466 701 2518 Evergus
729 2467 779 2504 ad
812 2466 1002 2505 officinam
1032 2466 1070 2504 in
1101 2466 1242 2505 fodinis
1274 2467 1471 2506 Maroneis
1504 2473 1544 2505 et
1576 2466 1626 2505 ad
1659 2468 1820 2518 triginta

352 2527 566 2578 mancipia:
598 2528 679 2579 ejus
705 2529 883 2579 pecuniae
910 2527 1168 2580 quadraginta
1195 2528 1367 2580 quinque
1394 2529 1509 2567 minae
1528 2541 1626 2567 meae
1644 2527 1818 2577 fuerunt,

351 2588 539 2628 talentum
562 2587 717 2642 Evergi.
774 2590 982 2628 Acciderat
1002 2596 1130 2629 autem
1152 2597 1193 2628 ut
1213 2590 1286 2629 iste
1305 2590 1465 2629 deberet
1480 2589 1661 2628 Mnesicli
1677 2590 1816 2643 Colyt-

350 2652 450 2689 tensi
476 2652 678 2697 talentum,
701 2652 848 2691 Phileae
870 2653 1073 2699 Eleusinio
1105 2660 1144 2691 et
1173 2653 1331 2691 Plistori
1363 2652 1623 2704 quadraginta
1645 2652 1815 2704 quinque

350 2713 488 2751 minas.
545 2714 735 2753 Venditor
764 2714 929 2752 officinae
948 2722 987 2752 et
1006 2714 1285 2766 mancipiorum
1311 2714 1424 2754 nobis
1446 2714 1490 2752 fit
1510 2713 1814 2753 Mnesicles—is

350 2774 450 2812 enim
466 2788 511 2813 ea
526 2776 588 2814 isti
605 2783 751 2814 emerat
762 2790 785 2815 a
802 2777 1056 2814 Telemarcho
1074 2777 1198 2828 priore
1214 2775 1440 2821 domino—,
1455 2788 1502 2814 ea
1519 2788 1611 2813 vero
1631 2775 1817 2814 conducit

351 2835 422 2873 iste
456 2849 479 2874 a
509 2838 619 2875 nobis
645 2851 762 2876 usura
792 2839 890 2876 illius
914 2838 1078 2889 argenti,
1106 2838 1278 2889 quinque
1303 2846 1343 2876 et
1370 2845 1525 2876 centum
1555 2837 1749 2876 drachmis
1771 2838 1811 2876 in

351 2897 525 2948 singulos
541 2913 710 2939 menses.
768 2901 1004 2939 Conficimus
1025 2900 1190 2946 tabulas,
1211 2899 1350 2951 quibus
1371 2906 1411 2938 et
1428 2899 1586 2946 locatio,
1606 2906 1646 2938 et
1663 2907 1811 2938 certum

349 2960 545 3007 quoddam
567 2968 719 3011 tempus
751 2963 848 3000 intra
866 2963 970 3012 quod
997 2977 1018 3000 a
1046 2962 1157 3000 nobis
1179 2961 1371 3000 officinam
1401 2961 1432 2998 ei
1463 2961 1648 2999 redimere
1666 2962 1813 3010 liceret,
