1948 3306
315 211 392 247 592
758 207 1048 246 ADVERSUS
1083 206 1328 245 BOEOTUM

316 319 524 351 revocent:
555 312 671 350 istum
704 313 855 350 actione
886 312 1020 350 talenti
1047 311 1148 350 dotis
1176 311 1361 349 adversus
1389 324 1449 349 me
1473 311 1664 360 instituta,
1681 318 1777 359 tum,

316 384 359 413 ut
378 376 460 426 ipse
479 375 545 420 ait,
566 368 704 426 injuste
726 375 965 421 damnatum,
982 374 1113 412 arbitri
1134 373 1363 411 sententiam
1384 379 1504 410 ratam
1524 373 1724 412 habuisse.

370 438 408 474 6.
441 437 493 474 At
519 436 675 474 hercule
705 436 820 473 homo
849 436 1001 486 quietus
1028 442 1101 477 est,
1123 441 1162 472 et
1189 448 1266 472 non
1295 433 1572 472 contentiosus.
1629 434 1778 472 Vellem

316 499 510 550 equidem,
531 498 707 543 Judiees,
729 511 816 535 eum
846 510 928 534 esse
958 496 1088 534 talem.
1147 496 1264 534 Nunc
1297 509 1366 534 vos
1400 496 1453 533 ita
1483 495 1575 533 estis
1609 496 1708 546 acqui
1743 501 1782 533 et

318 561 491 606 humani,
511 566 554 598 ut
573 573 645 597 nec
666 559 823 610 triginta
844 566 1095 610 tyrannorum
1128 558 1226 596 filios
1257 571 1370 608 agere
1395 557 1431 594 in
1454 557 1627 594 exsilium
1648 557 1781 594 volue-

317 623 418 661 ritis:
450 623 520 659 iste
541 628 682 666 autem,
704 634 790 659 cum
815 620 993 658 Menecle
1015 620 1183 658 omnium
1210 619 1367 657 istarum
1397 632 1524 656 rerum
1555 618 1781 663 architecto,
1820 628 1825 642 ⁴

315 685 465 722 insidiis
492 683 584 720 mihi
617 683 832 729 collocatis,
863 690 902 720 et
923 688 1081 733 propter
1100 681 1270 732 jurgium
1293 688 1332 719 et
1354 681 1578 719 convicium
1604 679 1783 718 manibus

318 746 518 791 consertis,
539 745 662 796 eapite
682 759 752 783 suo
771 745 934 791 insecto,
957 745 1006 782 ob
1027 744 1166 782 vulnus
1201 744 1238 780 in
1263 744 1515 794 Areopagum
1548 755 1609 779 me
1639 741 1784 788 citavit,

318 816 361 847 ut
379 810 471 846 urbe
491 807 777 845 exterminaret.
836 806 965 853 Quod,
986 806 1024 844 ni
1047 805 1291 856 Euthydicus
1313 804 1498 851 medicus,
1519 803 1568 842 ad
1588 816 1702 854 quem
1723 804 1783 840 isti

318 871 482 922 primum
506 876 701 915 venerant,
740 876 921 919 rogantes
943 875 984 905 ut
1004 875 1124 918 caput
1152 867 1352 912 incideret,
1374 866 1456 917 ipse
1485 865 1588 916 apud
1609 866 1786 915 Areopa-

320 931 478 983 giticum
501 937 680 968 senatum
703 943 856 967 onmem
876 931 1076 967 veritatem
1099 929 1272 975 dixisset,
1293 928 1370 966 tale
1391 927 1623 978 supplicium
1643 927 1715 965 iste
1736 927 1785 964 de

320 1007 381 1031 me
402 995 608 1030 innocente
629 993 870 1043 sumpsisset,
892 992 1007 1043 quale
1027 1005 1096 1029 vos
1123 1004 1171 1028 ne
1203 991 1251 1028 de
1278 991 1323 1027 iis
1354 989 1507 1041 quidem
1531 990 1595 1041 qui
1625 990 1785 1028 summis

319 1068 388 1092 vos
406 1053 552 1105 injuriis
574 1053 797 1092 affecissent
818 1053 1034 1093 sumeretis.
1065 1053 1126 1091 Ne
1141 1060 1269 1091 autem
1290 1066 1378 1090 eum
1395 1052 1620 1091 calumniari
1641 1052 1787 1099 videar,

320 1116 405 1166 lege
425 1116 517 1153 mihi
535 1115 769 1163 testimonia,

875 1263 1236 1302 TESTIMONIA.

376 1360 413 1395 7.
436 1358 523 1396 Hoc
545 1348 830 1409 igitur-tantum
851 1366 889 1396 et
909 1365 987 1396 tam
1005 1357 1249 1397 formidabile
1267 1357 1473 1396 discrimen
1490 1358 1561 1396 iste
1578 1364 1714 1396 eontra
1731 1354 1790 1396 me

321 1427 472 1458 non·ut
502 1420 619 1458 homo
650 1421 829 1472 simplex,
861 1421 931 1458 sed
962 1427 1006 1458 ut
1040 1421 1242 1458 insidiator
1277 1427 1317 1458 et
1346 1421 1560 1466 maleficus,
1588 1415 1788 1460 instruxit:

321 1481 461 1520 deinde
481 1482 568 1519 loeo
588 1482 768 1527 nominis,
789 1482 895 1531 quod
915 1482 949 1518 ei
970 1488 1079 1531 pater
1099 1482 1305 1527 indiderat,
1323 1481 1466 1535 Boeoti,
1487 1487 1584 1519 utet
1603 1482 1706 1533 apud
1720 1495 1790 1520 vos

321 1549 505 1580 testatum
532 1548 604 1589 est,
637 1555 682 1579 eo
713 1542 911 1587 defuncto,
935 1542 1201 1579 Mantitheum
1222 1556 1262 1579 se
1283 1543 1388 1593 apud
1416 1543 1628 1594 municipes
1657 1544 1792 1582 inseri-

321 1605 412 1655 psit,
433 1611 472 1642 et
496 1617 584 1641 cum
610 1605 658 1641 ab
686 1603 823 1641 eodem
845 1602 884 1641 et
910 1610 1020 1654 patre
1044 1610 1081 1641 et
1113 1604 1258 1654 populo
1286 1617 1440 1642 mecum
1463 1606 1695 1657 appelletur,
1713 1619 1791 1643 non

323 1666 446 1703 solum
466 1665 566 1702 hanc
593 1677 770 1709 causam,
793 1677 909 1716 quam
933 1677 1037 1702 nune
1060 1677 1149 1715 ago,
1169 1664 1264 1702 fecit
1283 1665 1443 1712 irritam,
1464 1664 1534 1704 sed
1551 1667 1681 1714 etiam,
1702 1681 1791 1705 eum

320 1740 389 1766 vos
408 1740 470 1764 nie
488 1726 685 1764 ordinibus
705 1725 990 1777 praefecissetis,
1010 1727 1093 1776 ipse
1114 1727 1153 1763 in
1167 1726 1359 1778 judicium
1372 1728 1479 1765 venit
1496 1735 1541 1765 ut
1554 1730 1795 1779 app1·0bare-‚

320 1797 396 1835 tur,
417 1801 581 1839 eumque
613 1800 658 1825 eo
682 1788 830 1839 judicio
853 1788 959 1826 unde
975 1788 1010 1826 vi
1025 1787 1226 1826 convictus
1252 1795 1366 1836 esset,
1389 1802 1466 1827 non
1500 1803 1542 1828 se
1572 1791 1793 1829 convictum

322 1864 408 1889 esse
429 1850 535 1895 dicit,
561 1849 628 1888 sed
657 1863 731 1887 me.
790 1850 847 1893 Ut
865 1855 995 1888 autem
1026 1850 1248 1888 summatim
1269 1850 1411 1896 dicam,
1432 1851 1676 1890 faeessendis
1699 1853 1792 1891 mihi

322 1912 490 1963 negotiis
511 1918 550 1949 et
568 1910 679 1949 malis
707 1911 798 1948 mihi
827 1911 982 1957 dandis,
1002 1925 1062 1949 me
1083 1912 1211 1963 coegit
1236 1913 1275 1949 in
1295 1915 1356 1960 jus
1383 1926 1471 1950 eum
1490 1925 1631 1951 vocare
1652 1911 1703 1952 de
1723 1927 1793 1952 no-

322 1974 438 2021 mine,
452 1986 530 2011 non
550 1979 594 2010 ut
612 1973 816 2024 pecuniam
834 1972 885 2010 ab
909 1986 955 2010 eo
977 1973 1204 2024 acciperem,
1225 1974 1402 2020 Judices,
1420 1974 1487 2012 sed
1503 1972 1613 2020 ut‚'si
1633 1988 1701 2013 vos
1720 1988 1793 2026 pu-

322 2036 453 2073 taretis
473 2035 601 2086 inique
621 2048 773 2072 mecum
799 2035 861 2085 agi
889 2041 928 2072 et
957 2048 1018 2073 me
1048 2035 1200 2086 magnis
1221 2035 1374 2074 damnis
1395 2036 1512 2082 affici,
1537 2036 1610 2074 iste
1632 2036 1794 2076 Boeotus

322 2102 538 2142 vocaretur,
571 2109 618 2134 eo
649 2097 802 2134 nomine
830 2096 935 2147 quod
964 2096 998 2134 ei
1030 2103 1138 2148 pater
1167 2097 1358 2149 imposuit.
1417 2097 1470 2135 Ut
1491 2097 1609 2149 igitur
1628 2105 1793 2146 constet,

324 2172 386 2197 me
405 2166 444 2197 et
462 2159 547 2197 haec
566 2171 656 2197 vere
677 2158 821 2205 dicere,
842 2171 941 2210 cape
960 2158 1096 2197 harum
1117 2160 1233 2197 etiam
1253 2172 1378 2198 rerum
1399 2159 1646 2198 testimonias

885 2306 1238 2344 TESTIMONIA.

380 2403 417 2438 8.
447 2400 509 2438 Ad
537 2401 637 2447 haee,
657 2401 761 2451 quod
792 2414 879 2452 ego,
899 2414 987 2439 cum
1018 2401 1236 2447 militarem,
1268 2408 1307 2439 et
1340 2406 1430 2440 eum
1465 2400 1620 2439 Aminia
1651 2400 1794 2439 milites

324 2462 599 2510 conducerem,
626 2470 705 2499 tum
736 2462 892 2501 aliunde
918 2463 1124 2514 pecuniam
1150 2463 1275 2513 coegi,
1303 2469 1384 2500 tum
1417 2463 1619 2515 Mitylenis
1649 2464 1697 2501 ab
1723 2463 1794 2500 ho—

326 2525 425 2575 spite
446 2531 575 2561 vestro
596 2524 831 2574 Apollonide
859 2533 900 2562 et
933 2538 955 2562 a
987 2525 1136 2575 reipub.
1157 2531 1301 2562 nostrae
1334 2525 1467 2563 amieis
1497 2531 1694 2563 trecentos
1715 2531 1795 2563 sta-

325 2593 425 2624 teres
446 2585 663 2624 Phocaieos
684 2594 882 2638 acceptos,
905 2587 1090 2624 militibus
1110 2599 1306 2637 expensos
1327 2587 1410 2633 tuli,
1432 2593 1476 2625 ut
1495 2587 1640 2638 aliquid
1661 2593 1700 2624 et
1727 2600 1794 2624 vo-

324 2648 384 2685 bis
423 2655 462 2685 et
491 2647 565 2686 illis
597 2646 691 2686 utile
725 2655 935 2699 gereretur,
957 2649 1005 2686 de
1026 2648 1101 2685 illis
1121 2648 1296 2699 pecuniis
1316 2662 1378 2687 me
1398 2648 1436 2686 in
1449 2651 1515 2698 jus
1536 2653 1662 2694 vocat,
1684 2647 1796 2698 quasi

325 2715 530 2760 paternum
556 2709 729 2747 debitum
758 2710 948 2761 exegerim
976 2723 999 2747 a
1021 2709 1175 2748 civitate
1197 2710 1526 2761 Mitylenaeorum‚
1541 2710 1715 2748 Cammae
1733 2714 1794 2760 ty-

326 2783 445 2808 ranno
466 2771 678 2823 Mitylenes
710 2772 948 2822 obsequens,
967 2771 1032 2822 qui
1058 2779 1097 2809 et
1122 2770 1231 2809 vobis
1251 2771 1406 2823 publice
1432 2780 1472 2810 et
1496 2771 1589 2808 mihi
1615 2770 1795 2822 privatim

326 2838 386 2869 est
418 2831 606 2871 inimicus.
667 2833 719 2871 Ut
749 2839 877 2870 autem
905 2839 1060 2871 constet
1087 2839 1236 2884 patrem
1275 2840 1465 2880 nostrum,
1485 2833 1589 2884 quod
1612 2833 1792 2871 decreve-

326 2900 414 2931 runt
434 2894 468 2932 ei
489 2907 629 2933 munus
651 2895 879 2947 Mitylenaei,
901 2895 1031 2934 statim
1059 2895 1184 2947 ipsum
1215 2895 1429 2947 accepisse,
1449 2908 1576 2947 neque
1595 2894 1719 2933 ullum
1739 2907 1793 2933 aes
