1915 3356
577 176 802 216 CONTRA
841 176 1202 216 TIMARCHUM.
1550 175 1597 211 13

136 277 358 324 exhaustus,
379 278 493 317 istum
522 292 545 317 a
564 292 607 318 se
626 280 784 330 dimisit,
806 278 979 316 Anticles
999 277 1134 314 Calliae
1156 278 1199 314 F.
1230 273 1514 328 Euonymensis
1539 287 1599 313 re-

135 339 242 390 cipit.
277 341 339 377 Ac
360 340 392 376 is
409 339 564 390 quidem
587 339 692 378 Sami
713 341 821 378 abest
841 352 928 376 cum
944 337 1106 374 colonis.
1150 337 1210 374 Ea
1224 337 1340 387 igitur
1360 349 1446 387 quae
1467 342 1601 375 secuta

137 407 243 445 sunt,
264 401 442 439 referam.
493 402 718 439 Timarchus
735 407 779 438 ut
797 401 845 438 ab
867 399 1027 436 Anticle
1056 404 1094 435 et
1120 397 1295 447 Misgola
1319 399 1492 443 recessit,
1522 410 1600 434 non

135 461 220 512 ipse
245 461 283 498 in
303 475 386 500 sese
405 463 622 508 descendit,
652 476 725 499 nec
746 461 941 498 meliorem
962 461 1050 497 vitae
1072 459 1259 496 rationem
1290 467 1349 496 est
1377 460 1599 509 amplexus:

138 523 211 561 sed
231 523 271 560 in
291 524 504 577 aleatorum
526 523 676 561 circulis
697 529 799 560 totos
820 523 902 559 dies
922 528 1111 565 versatus,
1135 520 1199 556 ubi
1220 520 1356 557 tabula
1374 522 1541 570 ponitur,
1563 527 1602 557 et

138 585 357 623 coturnices
373 599 418 623 ac
434 585 526 636 galli
542 584 743 635 gallinacei
760 584 1066 628 committuntur,
1082 589 1120 620 et
1135 582 1219 619 alea
1231 581 1388 618 luditur.
1419 583 1603 619 Vestrum

141 647 242 684 enim
261 647 412 696 aliquos
430 659 476 684 ea
488 645 632 683 vidisse
648 646 823 692 arbitror,
838 659 924 696 quae
942 645 1044 688 dico,
1062 651 1130 681 aut
1145 643 1280 681 saltem
1298 643 1504 680 audivisse.
1536 644 1607 681 Est

140 715 272 745 autem
293 720 340 745 ex
360 708 443 758 ejus
471 707 548 745 loci
567 714 671 745 coetu
691 707 807 745 homo
836 707 994 757 quidam
1015 705 1247 750 Pittalacus,
1274 717 1406 742 servus
1426 704 1604 755 publicus

139 775 283 806 nostrae
315 768 443 806 urbis:
475 768 541 818 qui
570 782 657 806 cum
687 775 849 819 argento
879 767 1107 812 abundaret,
1134 767 1255 818 istum
1283 766 1321 803 in
1353 779 1398 803 ea
1424 765 1607 816 palaestra

139 827 278 874 visum,
301 828 351 866 ad
370 842 410 866 se
430 830 589 880 recepit,
609 836 650 867 et
668 829 771 866 domi
790 829 938 866 habuit.
970 828 1105 877 Neque
1122 840 1214 864 vero
1234 828 1406 878 impurus
1427 827 1496 864 iste
1512 840 1606 864 con-

139 889 326 927 ditionem
346 890 449 928 illam
471 891 700 941 repudiavit,
723 904 810 929 cum
833 904 873 928 se
894 891 1035 941 probro
1057 888 1265 927 affecturus
1287 896 1392 926 esset
1411 889 1515 940 apud
1536 889 1606 927 ho-

140 951 283 989 minem
300 965 453 989 servum
473 952 670 1003 publicum
688 966 697 990 :
728 953 796 990 sed
817 952 912 989 illud
934 951 1059 989 solum
1080 950 1285 1001 spectavit,
1303 964 1351 987 an
1367 951 1608 1000 praebitorem

141 1012 368 1064 petulantiae
389 1026 470 1050 suae
488 1013 715 1051 inventurus
736 1019 853 1059 esset,
880 1012 987 1050 nulla
1006 1025 1179 1062 unquam
1205 1010 1422 1049 honestatis
1445 1018 1510 1048 aut
1530 1018 1611 1048 tur-

142 1073 330 1124 pitudinis
355 1074 488 1112 habita
516 1075 678 1112 ratione.
720 1075 831 1112 Talia
849 1087 963 1125 porro
993 1072 1136 1111 delicta
1163 1079 1202 1110 et
1225 1072 1326 1110 tales
1354 1071 1609 1109 contumelias

145 1135 274 1173 audivi
293 1149 367 1186 ego
387 1137 434 1174 ab
454 1136 521 1174 illo
538 1136 693 1174 homine
713 1137 752 1174 in
772 1137 883 1174 istius
904 1148 1045 1187 corpus
1065 1148 1151 1173 esse
1172 1135 1318 1172 factas:
1349 1147 1444 1184 quas
1465 1146 1538 1184 ego
1558 1133 1613 1171 ita

144 1209 206 1234 me
226 1197 380 1248 Jupiter
399 1197 496 1248 Opt.
518 1198 632 1235 MaX.
646 1198 770 1248 juvet,
797 1211 951 1235 narrare
972 1197 1076 1248 apud
1096 1209 1164 1234 vos
1186 1209 1263 1233 non
1280 1196 1422 1233 audeo.
1461 1195 1611 1238 Quibus

144 1259 247 1297 enim
264 1259 336 1298 iste
356 1261 484 1311 reipsa
502 1260 793 1297 committendis
812 1273 891 1297 non
911 1260 1086 1297 erubuit:
1115 1260 1160 1296 iis
1176 1272 1250 1309 ego
1266 1266 1396 1310 aperte
1419 1258 1614 1296 duntaxat

145 1333 170 1358 a
189 1334 251 1359 me
269 1321 488 1366 nominatis,
509 1321 637 1358 vivere
656 1321 882 1358 recusarim.

201 1383 266 1419 13.
296 1382 378 1420 Sub
397 1381 532 1420 eadem
549 1387 737 1432 tempora,
758 1382 898 1431 quibus
915 1380 1019 1431 apud
1040 1380 1276 1418 Pittalacum
1297 1381 1369 1418 iste
1384 1381 1469 1427 fuit,
1483 1381 1615 1430 Hege-

146 1443 288 1482 sander
307 1456 352 1480 ex
375 1442 633 1493 Hellesponto
653 1443 730 1480 huc
751 1442 923 1493 appellit,
941 1442 1006 1491 qui
1034 1442 1150 1479 istum
1172 1443 1222 1479 ad
1244 1456 1283 1480 se
1304 1443 1473 1492 recepit:
1504 1442 1615 1492 cujus

148 1505 241 1543 satis
258 1504 337 1543 scio
352 1505 480 1542 mirari
496 1518 576 1550 vos,
594 1518 662 1542 cur
676 1518 753 1541 non
772 1505 862 1541 olim
878 1504 1115 1541 mentionem
1136 1504 1289 1541 fecerim
1308 1517 1317 1541 :
1342 1504 1440 1542 adeo
1457 1503 1617 1541 evidens

149 1567 267 1604 estid
287 1565 393 1617 quod
422 1566 562 1605 dicam.
606 1556 781 1616 Is'igitu‘r
803 1566 1062 1616 Hegesander
1089 1566 1229 1604 rediit:
1259 1579 1373 1616 quem
1402 1579 1470 1604 vos
1502 1567 1622 1604 nostis

149 1628 286 1666 melius
307 1640 423 1678 quam
442 1640 529 1678 ego.
579 1627 793 1678 Navigarat
812 1634 943 1665 autem
965 1635 1047 1665 tum
1067 1641 1137 1678 pro
1164 1634 1355 1678 quaestore
1375 1641 1463 1665 cum
1490 1628 1620 1665 Timo-

150 1689 291 1728 macho
303 1689 560 1736 Acharnensi‚
573 1689 652 1727 viro
667 1689 866 1740 praetorio:
888 1696 928 1726 et
940 1690 1044 1726 venit
1059 1689 1135 1727 huc
1149 1689 1424 1740 locupletatus,
1441 1696 1485 1726 ut
1500 1689 1622 1735 aiunt,

149 1750 254 1788 illius
274 1750 518 1801 simplicitate
540 1764 549 1788 :
580 1763 652 1788 nec
681 1750 807 1787 minus
829 1763 944 1801 quam
967 1762 1107 1787 Lxxx.
1135 1750 1283 1800 argenti
1317 1751 1441 1788 minas
1466 1751 1620 1789 attulit:

151 1819 191 1850 et
219 1812 509 1863 quodammodo
541 1825 619 1850 non
639 1811 797 1859 minima
816 1811 870 1848 illi
904 1824 1023 1849 causa
1053 1812 1282 1849 calamitatis
1313 1812 1451 1850 fuerat.
1488 1812 1643 1850 Tantis*

150 1873 267 1924 igitur
285 1873 424 1925 opibus
439 1873 610 1920 affluens,
627 1880 666 1911 et
686 1873 866 1911 Pittalaci
887 1873 925 1910 in
944 1873 1118 1911 ludenda
1137 1874 1223 1911 alea
1241 1873 1397 1918 sodalis,
1420 1875 1525 1912 aedes
1547 1875 1622 1912 fre-

152 1943 362 1987 quentans,
381 1934 457 1973 isto
477 1935 607 1973 statim
626 1936 709 1973 viso
737 1935 895 1986 gavisus
916 1942 998 1973 est:
1029 1928 1195 1985 eumque
1226 1935 1422 1986 expetivit,
1444 1942 1483 1973 et
1505 1936 1554 1973 ad
1582 1949 1623 1974 se

152 1998 324 2049 recipere
342 1997 478 2044 voluit,
499 2004 542 2035 ut
557 2010 672 2048 quem
693 1998 741 2035 ab
769 1997 925 2048 ingenio
947 2010 1018 2035 suo
1038 2011 1118 2035 non
1148 1997 1352 2035 abhorrere
1373 1998 1622 2036 existimaret.

153 2059 325 2097 Primum
340 2058 459 2108 igitur
474 2059 523 2095 ad
539 2058 774 2096 Pittalacum
790 2060 908 2096 verba
924 2059 1028 2105 fecit,
1044 2071 1174 2102 orans,
1191 2065 1233 2095 ut
1248 2071 1335 2095 eum
1353 2059 1426 2096 sibi
1441 2059 1622 2097 traderet.

155 2122 245 2164 Quo
263 2126 483 2165 recusante,
501 2119 617 2157 istum
632 2120 758 2171 ipsum
777 2120 1002 2170 aggreditur
1019 2132 1028 2156 t
1059 2132 1187 2170 neque
1207 2133 1296 2156 vero
1317 2120 1436 2170 longa
1451 2122 1622 2160 oratione

156 2191 217 2223 est
234 2196 357 2235 opus:
386 2182 599 2234 persuadet
618 2183 762 2220 statim.
804 2183 907 2220 Nam
927 2182 976 2220 ad
997 2182 1108 2220 istam
1129 2195 1209 2220 rem
1236 2182 1519 2220 conficiendam
1542 2197 1622 2222 ma-

157 2258 253 2297 gnas
275 2245 373 2283 vires
398 2244 517 2282 habet
536 2244 772 2294 improbitas,
799 2250 838 2282 et
865 2245 1164 2286 auctoritatem;
1195 2245 1445 2294 quamobrem
1478 2245 1541 2283 vel
1573 2247 1623 2283 ob

155 2308 242 2345 haec
263 2307 344 2357 ipsa
367 2306 507 2356 dignus
527 2312 588 2344 est
614 2306 718 2344 odio,
749 2306 803 2343 Ut
828 2312 956 2344 autem
985 2319 1007 2343 a
1028 2306 1220 2343 Pittalaco
1241 2306 1489 2352 discesserat,
1512 2315 1550 2346 et
1576 2308 1624 2346 ad

159 2368 465 2419 Hegesandrum
496 2381 537 2405 se
566 2367 796 2414 contulerat,
828 2380 932 2418 aegre
963 2368 1111 2405 ferebat
1141 2367 1290 2405 scilicet
1324 2368 1554 2414 Pittalacus,
1585 2383 1627 2406 se

158 2430 361 2470 tantumin
377 2431 494 2468 istum
510 2429 660 2479 argenti
677 2429 836 2476 frustra,
858 2437 900 2467 ut
913 2430 1091 2480 putabat,
1114 2430 1388 2480 insumpsisse:
1416 2439 1455 2468 et
1475 2445 1520 2468 ea
1536 2445 1626 2482 quae

159 2492 395 2544 gerebantur
416 2491 578 2536 ferebat,
600 2497 643 2528 ut
662 2490 798 2528 rivales
820 2491 960 2537 solent,
981 2497 1020 2528 et
1038 2491 1161 2529 itabat
1181 2491 1229 2528 ad
1250 2491 1357 2529 aedes
1378 2491 1491 2529 illius.
1524 2492 1627 2535 Quia

161 2567 253 2592 vero
281 2553 336 2590 eis
357 2552 545 2591 molestus
572 2558 667 2598 erat,
689 2559 862 2603 spectate
887 2559 1075 2602 quantum
1095 2552 1210 2590 fuerit
1239 2554 1352 2590 robur
1380 2554 1628 2604 Hegesaudri

163 2623 203 2654 et.
216 2614 424 2654 Timarchi.
465 2615 566 2652 Nam
587 2613 800 2664 aliquando
819 2614 994 2652 inebriati
1013 2621 1052 2651 et
1067 2614 1150 2664 ipsi,
1170 2626 1257 2651 cum
1274 2615 1510 2652 collusorum
1532 2628 1628 2652 non-

162 2676 290 2721 nullis,
305 2682 344 2714 et
362 2676 637 2725 aliis,qu0ru1n
658 2675 816 2713 nomina
832 2689 910 2713 non
931 2675 1074 2723 dicam,
1095 2683 1215 2713 noctu
1230 2675 1268 2712 in
1289 2676 1408 2719 aedes,
1429 2676 1466 2712 in
1486 2677 1626 2726 quibus

162 2737 364 2776 habitabat
393 2737 621 2782 Pittalacus‚
647 2736 792 2788 impetu
813 2737 941 2775 facto:
972 2737 1137 2787 primum
1160 2737 1322 2774 vascula
1351 2738 1627 2783 contriverunt,

165 2805 205 2838 et
230 2798 476 2850 projecerunt
499 2798 538 2835 in
559 2799 658 2836 viam
680 2798 780 2836 talos
805 2797 927 2848 agiles
949 2804 990 2835 et
1015 2797 1179 2842 nexiles,
1203 2805 1241 2835 et
1270 2798 1345 2834 alia
1375 2798 1629 2836 instrumenta

167 2859 374 2902 aleatoria;
406 2866 445 2897 et
469 2860 686 2897 coturnices
721 2866 835 2909 atque
867 2859 1005 2908 gallos,
1025 2872 1122 2909 quos
1156 2859 1364 2896 adamabat
1396 2859 1630 2898 miserrimus

163 2920 227 2959 ille
247 2920 376 2966 homo,
396 2920 636 2959 occiderunt.
674 2920 847 2958 Tandem
867 2919 917 2957 ad
935 2919 1156 2958 columnam
1178 2919 1379 2970 alligatum
1400 2921 1526 2971 ipsum
1550 2921 1628 2958 Pit-
