1948 3306
369 184 446 219 (380
739 182 1023 222 ADVERSUS
1055 182 1412 223 TIMOTHEUM.

368 285 541 324 oratione
562 285 752 337 deceptis,
774 300 815 325 se
835 287 930 325 nihil
951 287 1106 330 debere,
1129 299 1198 325 nos
1213 287 1387 337 pecuniis
1403 285 1834 328 fraudandos—neces-

369 348 512 385 sarium
532 347 624 385 mihi
645 347 794 386 videtur
814 362 899 387 esse
921 356 963 386 ut
982 350 1030 386 ab
1053 348 1160 386 initio
1179 347 1286 386 vobis
1308 347 1438 386 omnia
1457 360 1767 396 commemorem,
1795 356 1835 388 et

368 422 456 460 quae
478 409 680 456 debentur,
698 417 737 448 et
755 423 872 461 quam
891 411 942 448 ad
962 423 1042 448 rem
1062 410 1227 461 pecunia
1247 409 1470 460 singulatim
1491 409 1542 447 sit
1561 423 1668 456 usus,
1682 417 1722 449 et
1733 417 1832 448 tem-

369 484 460 522 pora
479 473 619 522 quibus
639 480 862 510 contractus
888 472 1013 510 factus
1042 480 1113 510 est.
1173 472 1311 523 Neque
1333 485 1424 509 vero
1445 485 1514 510 nos
1541 485 1587 510 ea
1607 479 1712 510 certo
1733 472 1832 523 scire

368 532 570 583 quisquam
589 541 759 571 vestrum
788 533 961 570 miretur:
991 532 1170 570 mensarii
1199 533 1300 570 enim
1321 532 1621 571 commentarios
1643 533 1834 571 conficere

369 594 496 632 solent
515 600 595 631 tum
615 607 745 631 earum
764 593 1014 644 pecuniarum
1035 606 1131 644 quas
1150 593 1221 644 ipsi
1243 593 1350 638 dant,
1365 601 1404 631 et
1419 607 1533 644 quern
1553 594 1592 631 in
1608 607 1733 640 usum,
1750 601 1835 648 tum

370 669 501 694 earum
522 669 608 705 quae
624 655 728 706 apud
747 655 851 706 ipsos
872 655 1133 706 deponuntur,
1154 663 1196 692 ut
1220 655 1293 692 sibi
1313 663 1405 693 nota
1427 656 1505 694 sint
1522 668 1692 707 expensa
1712 662 1752 693 et
1769 667 1836 693 ac-

368 723 483 768 cepta
496 717 536 754 in
556 718 768 755 rationibus
789 717 1012 754 referendis.

422 779 459 815 2.
492 778 689 817 Socratide
704 786 885 830 praetore,
905 791 1035 816 mense
1057 777 1214 823 Martio,
1233 777 1354 815 altera
1372 777 1618 829 navigatione
1637 778 1835 829 profectu-

370 853 434 878 rus
454 841 693 886 Timotheus,
713 847 752 878 et
775 840 857 891 jam
880 840 1074 877 soluturus
1104 852 1125 875 e
1152 839 1314 885 Piraeeo,
1342 853 1431 877 cum
1457 839 1641 890 ampliore
1666 840 1834 890 pecunia

367 902 569 953 indigeret,
601 902 767 940 accessit
796 902 845 940 ad
873 908 1021 952 patrem
1055 914 1183 938 meum
1216 901 1253 938 in
1285 908 1400 952 portu
1437 909 1476 939 et
1507 908 1684 941 mutuare
1714 901 1834 953 jussit

368 965 572 1002 drachmas
593 963 697 1001 mille
718 970 910 1001 trecentas
933 962 1216 1014 quinquaginta
1235 975 1364 1009 unam,
1385 963 1483 1001 duos
1509 963 1644 1000 obolos
1666 966 1833 1010 (tantum

366 1025 469 1062 enim
502 1025 574 1063 sibi
604 1038 703 1076 opus
725 1038 810 1062 esse
837 1025 993 1074 aiebat),
1023 1031 1062 1063 et
1087 1024 1179 1062 dare
1201 1024 1434 1062 Antimacho
1454 1025 1636 1076 quaestori
1661 1038 1746 1071 suo,
1767 1025 1834 1075 qui

366 1095 449 1126 tum
470 1088 579 1126 istius
608 1088 738 1126 omnia
756 1083 927 1126 curabat.
985 1088 1113 1138 Atque
1132 1087 1164 1124 is
1181 1086 1334 1137 quidem
1360 1087 1427 1136 qui
1446 1086 1650 1138 pecuniam
1675 1099 1699 1124 a
1723 1094 1834 1138 patre

367 1162 453 1188 meo
486 1156 723 1187 mutuaretur
742 1149 968 1186 Timotheus
1003 1154 1099 1194 erat,
1125 1147 1268 1198 quique
1292 1147 1448 1198 juberet
1466 1148 1702 1185 Antimacho
1727 1160 1835 1198 quae-

366 1212 458 1249 stori
485 1225 556 1249 suo
593 1212 694 1249 dari:
725 1211 787 1262 qui
817 1223 906 1248 vero
941 1211 1046 1248 illam
1076 1209 1125 1248 de
1159 1221 1293 1246 mensa
1320 1221 1343 1246 a
1365 1209 1596 1247 Phormione
1625 1210 1835 1261 acciperet,

367 1273 623 1318 Autonomus,
643 1272 707 1322 qui
728 1272 831 1309 omni
853 1279 1025 1323 tempore
1047 1269 1279 1308 Antimacho
1298 1270 1554 1321 scriptitabat.
1600 1271 1706 1309 Data
1719 1271 1836 1322 igitur

365 1346 412 1370 ea
433 1334 609 1383 pecunia,
630 1333 843 1370 debitorem
869 1332 1061 1384 inscripsit
1090 1345 1178 1369 eum
1202 1329 1266 1381 qui
1297 1337 1472 1370 mutuare
1495 1332 1678 1384 jusserat,
1699 1331 1833 1370 Timo-

365 1395 522 1433 theum:
554 1395 592 1432 in
609 1393 928 1433 commentarium
948 1394 1062 1432 etiam
1082 1392 1222 1439 retulit,
1243 1392 1305 1429 cui
1325 1392 1416 1430 dare
1432 1395 1505 1432 iste
1519 1393 1704 1445 jusserat,
1720 1393 1833 1431 Anti-

367 1457 558 1503 machum,
579 1464 618 1494 et
636 1469 751 1506 quem
771 1455 1028 1493 Antimachus
1049 1455 1206 1492 miserat
1221 1453 1270 1491 ad
1291 1467 1467 1492 mensam
1488 1461 1532 1493 ut
1550 1455 1713 1493 eandem
1730 1455 1833 1493 acci-

365 1526 484 1570 peret,
505 1522 787 1565 Autonomum,
814 1512 918 1556 mille
946 1524 1142 1556 trecentas
1173 1515 1379 1555 drachmas
1404 1517 1688 1570 quinquaginta
1714 1530 1834 1556 unam

365 1588 404 1619 et
420 1582 519 1619 duos
540 1582 688 1620 obolos.

419 1646 457 1681 3.
489 1644 658 1682 Primum
690 1643 807 1694 igitur
837 1644 1026 1691 debitum,
1053 1645 1160 1695 quod
1179 1645 1269 1684 hinc
1289 1645 1444 1684 solvens
1470 1643 1686 1682 secundum
1708 1642 1849 1694 impe-'

365 1714 466 1744 rator
488 1707 654 1758 accepit,
676 1713 825 1745 tantum
846 1707 932 1744 fuit.
977 1707 1074 1745 Cum
1096 1721 1185 1746 vero
1204 1716 1335 1747 vestro
1350 1706 1534 1758 suffragio
1547 1706 1834 1758 improbaretur

363 1771 467 1821 quod
487 1771 800 1822 Peloponnesum
819 1771 946 1809 classe
965 1784 1041 1809 non
1065 1772 1245 1810 abiisset:
1277 1778 1316 1810 et
1336 1771 1385 1809 ad
1404 1783 1562 1809 causam
1582 1769 1687 1821 apud
1706 1782 1832 1821 popu-

364 1833 444 1871 lum
465 1833 671 1871 dicendum
692 1839 910 1879 vocaretur,
926 1834 1094 1870 maximo
1109 1835 1267 1871 crimine
1283 1847 1371 1871 reus
1387 1846 1396 1870 ι
1420 1838 1458 1870 et
1475 1844 1564 1870 eum
1582 1831 1830 1869 Callistratus

364 1901 479 1946 atque
499 1895 728 1945 Iphicrates,
748 1895 815 1932 viri
837 1902 878 1932 et
897 1896 1009 1932 rebus
1031 1895 1152 1945 gestis
1173 1903 1210 1933 et
1238 1894 1461 1946 eloquentia
1484 1900 1732 1944 praestantes,
1763 1906 1833 1944 op-

364 1965 608 2008 pugnarent;
638 1958 691 1995 ita
717 1957 771 1994 illi
790 1971 857 1995 vos
885 1963 924 1995 et
952 1957 1023 2009 ipsi
1058 1964 1096 1995 et
1122 1971 1253 1995 eorum
1276 1957 1454 1995 advocati
1474 1956 1698 1994 accusando
1717 1968 1833 1993 vcom-

366 2027 581 2066 moverunt,
604 2026 651 2063 ut¹
679 2019 972 2066 Antimachum,
1002 2014 1233 2069 quaestorem
1255 2020 1336 2071 ejus
1363 2027 1403 2058 et
1429 2019 1618 2064 intimum,
1638 2018 1743 2057 facto
1763 2032 1834 2070 pro

365 2082 553 2119 concione
585 2081 734 2132 judicio
767 2081 1010 2128 occideretis,
1031 2082 1142 2119 bonis
1172 2083 1287 2121 etiarn
1316 2086 1400 2130 ejus
1430 2081 1662 2133 publicatis;
1706 2081 1833 2132 ipsum

364 2156 454 2180 vero
484 2142 600 2180 istum
635 2143 936 2194 deprecantibus
968 2144 1220 2182 familiaribus
1251 2151 1290 2182 et
1316 2144 1608 2196 cognatis-ejus
1642 2143 1834 2189 omnibus,

366 2218 557 2255 superque
578 2204 716 2243 Alceta
739 2212 778 2242 et
808 2205 959 2252 Iasone,
981 2205 1095 2243 sociis
1116 2206 1267 2252 vestris,
1287 2206 1350 2243 vix
1383 2204 1647 2250 absolveretis,
1679 2204 1748 2243 sed
1774 2210 1834 2242 ta·
1863 2238 1866 2243 ,

365 2281 455 2305 men
483 2268 680 2318 imperium
702 2268 735 2305 ei
756 2268 1007 2318 abrogaretis.
1065 2268 1165 2306 Cum
1185 2268 1303 2319 igitur
1322 2269 1466 2307 talibus
1485 2267 1707 2306 criminibus
1727 2273 1836 2305 tanta

365 2330 494 2380 inopia
514 2335 858 2379 urgeretur—nam
891 2337 930 2367 et
959 2329 1164 2368 facultates
1195 2330 1278 2381 ejus
1299 2343 1434 2369 omnes
1460 2331 1642 2368 obaeratae
1662 2335 1773 2366 erant
1797 2335 1839 2366 et

364 2390 503 2428 libellis
525 2390 710 2441 appositis
739 2392 787 2428 ab
807 2390 892 2428 aliis
915 2393 1159 2438 tenebantur,
1186 2405 1279 2442 ager
1304 2392 1406 2430 enim
1436 2391 1475 2429 in
1495 2390 1655 2442 planitie
1683 2389 1836 2441 pignori

366 2451 564 2504 oppositus
593 2459 674 2489 erat
702 2452 918 2490 Eumelidae
938 2453 1029 2499 filio,
1053 2460 1091 2490 et
1110 2453 1315 2504 sexaginta
1344 2452 1565 2491 trierarchis
1593 2452 1659 2503 qui
1679 2464 1765 2490 cum
1786 2464 1835 2489 eo

364 2513 593 2563 navigarant
623 2514 793 2563 septenis
823 2514 936 2552 minis
969 2514 1007 2552 in
1041 2515 1236 2565 singulos,
1255 2528 1352 2565 quas
1391 2529 1457 2553 eos
1492 2515 1566 2552 iste
1598 2514 1648 2552 ad
1674 2510 1840 2552 alendos

364 2583 504 2614 nautas
536 2575 706 2626 dilargiri
738 2585 936 2628 coegerat,
966 2579 1231 2630 oppigneratae
1263 2585 1374 2617 erant
1407 2579 1565 2630 reliquae
1599 2578 1682 2630 ejus
1717 2591 1836 2629 opes:

364 2639 455 2689 quia
476 2652 563 2676 vero
593 2639 727 2689 populi
759 2639 951 2690 suffragiis
979 2641 1360 2691 rejectus,'septenas
1390 2640 1475 2679 illas
1507 2640 1631 2678 minas
1655 2640 1694 2677 in
1721 2639 1838 2677 ratio-

365 2699 477 2737 nibus
506 2700 719 2738 referendis
751 2714 941 2752 expensas
967 2702 1108 2740 tulerat
1139 2702 1268 2740 nautis
1295 2702 1343 2740 de
1371 2702 1526 2740 militari
1555 2701 1734 2753 pecunia,
1755 2708 1835 2739 tum

365 2762 522 2807 veritus,
540 2774 590 2799 ne
609 2761 648 2798 in
668 2775 708 2799 se
728 2762 901 2813 praefecti
922 2763 1133 2802 triremium
1148 2763 1411 2802 testimonium
1432 2763 1611 2802 dicerent'
1622 2771 1738 2814 atque
1754 2763 1837 2813 ipse

366 2823 556 2861 mendacii
578 2824 882 2870 convinceretur,
896 2832 1030 2864 mutuo
1051 2826 1169 2863 sumit
1189 2839 1212 2863 a
1229 2825 1390 2877 singulis
1411 2831 1592 2877 septenas
1613 2825 1698 2862 illas
1715 2820 1838 2862 minas

366 2884 620 2935 oppignerata
650 2885 704 2923 eis
737 2898 776 2923 re
808 2899 878 2924 sua
909 2886 1098 2933 familiari,
1119 2887 1258 2938 quibus
1287 2900 1390 2924 nunc
1420 2899 1487 2925 eos
1510 2886 1674 2925 revulsis
1697 2885 1838 2924 libellis

366 2944 547 2984 fraudat:
578 2947 750 2999 undique
774 2947 889 3000 igitur
915 2949 1215 2996 circumventus,
1237 2956 1277 2988 et
1303 2950 1340 2988 in
1371 2949 1545 3001 periculo
1564 2949 1652 2988 vitae
1670 2948 1839 2988 maximo
