1948 3306
391 175 467 211 726
844 174 1067 213 CONTRA
1098 173 1393 215 CONONEM.

448 279 509 315 15.
538 278 573 315 A
593 277 700 317 vobis
721 278 837 330 igitur
865 287 968 331 peto,
987 279 1163 327 Judices,
1183 280 1364 331 quoniam
1380 279 1489 318 vobis
1515 292 1602 331 quae
1622 292 1734 332 aequa
1752 285 1844 319 sunt

388 340 518 378 omnia
546 341 720 392 exposui,
754 349 794 381 et
821 342 1072 395 jurejurando
1102 343 1264 390 firmavi,
1297 348 1342 381 ut
1365 342 1694 394 quemadmodum
1723 356 1843 381 unus-

387 403 549 454 quisque
569 410 739 442 vestrum
759 405 796 443 in
817 405 929 443 simili
950 418 1070 444 causa
1088 419 1175 444 eum
1196 419 1220 444 a
1239 418 1317 457 quo
1338 405 1456 443 laesus
1482 411 1586 444 esset
1610 406 1769 453 odisset,
1789 405 1844 443 ita

387 473 427 505 et
443 474 601 519 propter
613 480 675 506 me
695 468 846 506 Cononi
861 467 1101 513 irascamini;
1130 481 1256 519 neque
1273 467 1482 520 quicquam
1499 467 1638 507 horum
1651 467 1843 520 privatum

387 529 543 581 putetis,
562 530 669 580 quod
688 530 809 568 cuivis
829 529 1007 569 accidere
1026 536 1169 582 potest,
1190 530 1273 576 sed,
1300 530 1518 581 cuicunque
1538 529 1733 575 acciderit,
1754 541 1844 567 eum
1892 550 1893 553 =

380 591 559 642 juvatote
575 598 615 630 et
633 591 738 642 quod
753 591 902 642 justum
923 599 983 631 est
1002 592 1226 636 tribuitote;
1256 598 1296 631 et
1320 592 1460 631 infensi
1480 598 1604 631 estote
1624 590 1844 635 hominibus

386 658 475 691 ante
496 653 667 692 facinora
684 653 970 692 confidentibus
996 660 1037 692 et
1062 654 1286 702 temerariis,
1314 654 1353 692 in
1373 654 1598 693 defensione
1627 653 1844 692 facinorum

384 714 676 766 impudentibus
706 722 747 754 et
771 715 970 768 improbis,
990 716 1057 767 qui
1083 729 1211 767 neque
1240 716 1531 755 existimationis
1552 729 1678 768 neque
1696 727 1845 755 morum

385 789 510 827 neque
529 777 645 815 ullius
664 777 717 815 rei
736 777 926 816 rationem
946 777 1104 822 habent,
1124 778 1242 816 modo
1260 778 1418 830 impune
1437 779 1593 817 abeant.

442 839 504 876 16.
535 839 587 877 At
608 839 842 891 supplicabit
859 846 898 879 et
916 839 1192 878 lamentabitur
1212 839 1365 879 Conon.
1424 841 1609 893 Spectate
1627 852 1733 887 vero,
1758 845 1845 877 uter

385 902 435 940 sit
453 901 719 949 miserabilior,
737 902 767 941 is
787 916 836 942 ne
856 903 921 955 qui
941 903 996 941 ita
1016 909 1075 941 est
1093 903 1301 941 mulctatus
1316 910 1361 942 ut
1379 916 1453 954 ego
1471 903 1682 942 muletatus
1701 903 1750 940 ab
1770 902 1846 940 isto

385 977 485 1011 sum,
513 963 546 1002 si
575 964 732 1016 insuper
760 978 849 1003 cum
881 964 1042 1003 infamia
1066 970 1105 1003 et
1133 964 1279 1003 inultus
1307 976 1521 1010 recesser0‚
1551 977 1601 1002 an
1634 962 1787 1010 Conon,
1814 962 1847 1001 si

383 1038 519 1077 poenas
539 1025 720 1065 dederit?
765 1027 904 1065 Utrum
924 1039 1017 1065 vero
1035 1032 1208 1065 vestrum
1227 1026 1368 1077 cuique
1394 1026 1567 1078 prodest,
1586 1032 1631 1064 ut
1646 1026 1846 1064 verberare

383 1095 422 1126 et
440 1088 627 1127 insultare
657 1088 788 1137 liceat,
816 1102 866 1127 an
896 1088 1160 1127 contrarium?
1206 1088 1398 1140 Equidem
1416 1087 1650 1128 contrarium
1670 1086 1846 1126 arbitror.

384 1151 438 1188 At
456 1150 489 1188 si
509 1151 763 1199 absolveritis,
783 1151 892 1190 multi
910 1151 1088 1190 homines
1107 1150 1273 1203 protervi
1300 1157 1438 1190 erunt:
1470 1150 1502 1190 si
1519 1150 1732 1203 punieritis,
1751 1162 1846 1202 pau·

382 1212 518 1252 ciores.

441 1276 503 1313 17.
533 1275 663 1314 Multa
687 1288 987 1314 commemorare
1005 1288 1178 1328 possem,
1202 1274 1378 1324 Judices‚
1399 1288 1515 1328 quam
1533 1274 1668 1313 utilem
1687 1285 1844 1326 operam

384 1345 424 1376 et
440 1349 513 1376 nos
531 1343 730 1383 navemus,
750 1344 789 1376 et
820 1345 929 1390 pater
949 1338 1042 1377 dum
1061 1339 1155 1377 vixit
1173 1339 1336 1384 navarit,
1357 1344 1439 1376 tum
1459 1336 1678 1376 triremibus
1701 1335 1844 1375 instru-

383 1398 495 1437 endis
525 1407 608 1438 tum
632 1400 836 1439 militando
862 1406 943 1439 tum
971 1401 1167 1453 imperatis
1199 1399 1411 1439 faciendis:
1442 1412 1558 1451 quam
1578 1405 1618 1438 et
1634 1399 1707 1437 iste
1726 1404 1766 1437 et
1785 1398 1844 1436 sui

383 1460 492 1498 nihil.
532 1461 608 1500 Sed
629 1475 700 1500 nec
719 1475 832 1513 aquae
849 1462 941 1501 satis
962 1468 1032 1509 est,
1047 1476 1173 1514 neque
1187 1476 1292 1502 nunc
1306 1462 1382 1501 hoc
1402 1462 1540 1514 agitur.
1591 1461 1710 1505 Quod
1727 1462 1759 1499 si
1774 1473 1844 1499 nos

380 1523 464 1561 istis
484 1529 525 1561 et
543 1523 754 1562 inutilior-es
773 1531 812 1562 et
832 1524 1083 1576 improbiores
1109 1538 1299 1573 essemus,
1319 1537 1397 1564 non
1414 1526 1545 1564 tamen
1563 1530 1767 1576 propterea
1782 1522 1845 1562 vel

380 1584 608 1623 verberandi
644 1585 702 1624 vel
728 1585 925 1625 afficiendi
952 1587 1198 1626 contumeliis
1229 1600 1414 1626 essemus.
1470 1586 1560 1625 Non
1591 1585 1706 1624 video
1733 1584 1847 1638 plura

381 1646 512 1685 dicere
532 1661 718 1700 quorsum
737 1649 922 1689 attineat:
943 1656 1037 1702 puto
1065 1650 1167 1689 enim
1193 1663 1263 1691 vos
1281 1649 1377 1690 nihil
1395 1663 1529 1690 eorum
1556 1649 1735 1701 ignorare
1754 1659 1842 1700 quae

378 1708 560 1749 diximus.
