1948 3306
311 169 358 204 78
788 167 845 204 ΙΝ
876 167 1318 205 CTESIPHONTEM.

312 268 430 306 dicari
448 285 457 314 ;
488 268 650 307 alteram
669 274 797 307 autem
819 269 949 308 dicent
969 284 1056 309 esse
1077 271 1203 325 legem
1223 270 1313 308 huic
1334 272 1582 318 contrariam,
1603 286 1690 323 quae
1717 286 1783 312 co-

310 343 416 368 ronae
454 330 774 381 praedicationem
804 332 842 369 in
871 332 1023 371 theatro
1056 332 1245 384 tragoedis
1279 333 1431 371 fabulas
1470 335 1676 384 agentibus
1704 335 1786 373 fieri

310 393 507 442 permittit,
528 392 645 430 modo
673 393 712 430 id
741 394 897 432 sciverit
915 395 1096 446 populus.
1134 394 1196 431 Ex
1219 393 1293 432 hac
1321 395 1439 445 igitur
1457 395 1544 446 lege
1564 395 1696 434 dicent
1714 397 1783 435 de-

309 462 458 492 cretum
478 454 613 493 tulisse
634 455 950 506 Ctesiphontem.

367 516 424 553 16.
459 512 547 567 Ego
567 530 657 555 vero
677 517 865 556 adversus
885 518 1048 555 istorum
1067 518 1268 568 captiones
1297 517 1405 569 leges
1431 524 1581 557 vestras
1600 525 1785 568 patronas

311 578 522 625 advocabo,
537 580 644 630 quod
666 579 758 617 mihi
779 592 847 630 per
868 585 991 617 totam
1007 580 1164 635 quidem
1181 580 1473 618 accusationem
1490 592 1642 618 summo
1654 580 1784 618 studio

310 646 382 678 est.
431 640 534 679 Nam
558 642 590 679 si
619 641 693 679 hoc
726 654 858 679 verum
879 647 953 686 est,
983 641 1014 679 si
1034 641 1123 679 talis
1142 642 1180 679 in
1201 642 1482 693 rempublicam
1503 648 1669 680 vestram
1689 654 1783 680 con·
1840 684 1845 697 k

312 703 480 741 suetudo
506 703 672 754 irrepsit,
693 710 736 740 ut
757 702 866 754 leges
887 702 1003 740 irritae
1023 702 1122 741 inter
1145 710 1249 741 ratas
1270 703 1348 741 sint
1366 704 1587 756 adscriptae,
1615 710 1655 742 et
1681 703 1783 742 binae

311 764 360 803 de
380 765 516 803 eadem
544 779 584 803 re
605 766 704 803 inter
723 779 765 803 se
794 771 1030 817 pugnantes,
1049 765 1204 816 qualem
1224 765 1381 804 tandem
1401 779 1487 803 eam
1513 766 1619 805 dicat
1646 765 1783 816 aliquis

309 838 396 863 esse
417 826 711 877 rempublicam,
730 826 770 863 in
788 840 866 878 qua
879 827 986 878 leges
1002 827 1138 864 eadem
1154 827 1284 865 facere
1300 832 1339 864 et
1353 839 1433 864 non
1448 827 1574 865 facere
1588 827 1782 878 jubeant?

310 888 458 926 Verum
478 889 554 927 ista
573 902 653 927 non
682 889 737 928 ita
766 903 807 928 se
834 890 1003 934 habent;
1035 896 1074 928 et
1101 889 1202 928 absit
1229 896 1274 927 ut
1298 902 1368 927 vos
1388 902 1561 940 unquam
1583 889 1634 927 ad
1663 890 1783 932 talem

307 950 438 1001 legum
458 952 728 990 confusionem
760 952 1031 1004 prolabamini,
1053 965 1178 1003 neque
1197 952 1283 989 haec
1305 957 1398 989 sunt
1422 964 1445 989 a
1463 951 1689 1002 legislatore
1716 951 1782 1003 qui

306 1013 493 1063 populare
521 1013 725 1064 imperium
746 1014 951 1052 constituit
974 1013 1167 1064 neglecta,
1187 1013 1280 1064 quin
1301 1013 1445 1051 diserte
1466 1012 1694 1064 imperatum
1723 1019 1784 1051 est

306 1074 581 1114 thesmothetis
596 1082 640 1113 ut
660 1075 769 1127 leges
786 1075 995 1127 quotannis
1016 1076 1054 1113 in
1074 1075 1219 1127 populo
1239 1076 1450 1127 corrigant,
1470 1088 1558 1113 cum
1575 1075 1783 1126 diligenter

306 1137 589 1187 inquisiverint,
604 1144 642 1176 et
658 1138 922 1185 considerent,
943 1145 1075 1175 utrum
1094 1137 1156 1176 lex
1173 1136 1280 1175 alteri
1295 1137 1373 1189 legi
1385 1137 1578 1176 contraria
1592 1136 1781 1184 obtineat,

309 1205 377 1237 aut
399 1199 504 1237 irrita
531 1200 631 1237 inter
656 1206 773 1246 ratas,
796 1206 864 1238 aut
889 1200 1012 1238 sicubi
1038 1199 1127 1251 plus
1147 1212 1263 1251 quam
1283 1212 1364 1238 una
1389 1200 1440 1238 sit
1467 1199 1517 1238 de
1546 1198 1720 1250 qualibet
1742 1211 1782 1236 re

306 1262 549 1313 perscripta:
580 1261 688 1312 quod
709 1262 741 1299 si
769 1253 864 1312 quid
883 1262 1109 1314 hujusmodi
1139 1262 1477 1313 deprehenderint,
1505 1262 1619 1313 jubet
1646 1274 1711 1299 eas
1742 1260 1779 1297 in

307 1323 449 1361 tabulis
488 1323 703 1374 descriptas
740 1336 810 1374 pro
839 1338 879 1361 x.
911 1324 1072 1361 heroum
1105 1323 1243 1360 statuis
1273 1323 1450 1375 proponi,
1478 1330 1662 1374 prytanes
1689 1335 1781 1360 vero

309 1384 537 1423 concionem
556 1384 714 1431 habere,
727 1386 995 1435 programmati
1014 1398 1077 1422 suo
1093 1385 1239 1421 titulum
1258 1385 1494 1423 nomothetis
1511 1384 1779 1428 inscribentes,

308 1453 391 1483 tum
414 1446 629 1497 praesidum
651 1446 878 1497 praefectum
899 1447 1087 1499 populum
1120 1447 1159 1484 in
1191 1445 1377 1497 suffragia
1404 1446 1569 1490 mittere,
1602 1451 1642 1483 et
1665 1445 1779 1496 leges

305 1509 399 1547 alias
420 1510 621 1559 abrogare,
637 1508 731 1547 alias
753 1508 931 1557 retinere,
952 1515 997 1547 ut
1016 1521 1094 1546 una
1110 1508 1160 1546 sit
1179 1508 1258 1555 lex,
1273 1521 1351 1546 non
1371 1507 1513 1559 plures,
1531 1507 1581 1545 de
1601 1519 1777 1558 unaqua-

305 1583 380 1621 que
399 1583 453 1609 re.
499 1571 643 1610 Recita
664 1570 758 1608 mihi
777 1570 899 1622 leges.
1467 1588 1470 1590 ·

936 1714 1125 1777 LEGES.

306 1810 347 1848 Si
368 1810 481 1861 igitur
501 1823 592 1848 vera
610 1817 756 1856 essent,
781 1810 1053 1857 Athenienses,
1072 1824 1160 1862 quae
1181 1812 1229 1849 ab
1248 1811 1293 1849 iis
1313 1811 1510 1857 dicuntur,
1539 1810 1704 1860 duaeque
1729 1809 1776 1847 de

304 1872 508 1924 praeconiis
524 1873 629 1923 leges
649 1873 905 1919 exstitissent,
927 1872 1049 1918 aliter,
1072 1873 1221 1924 opinor,
1249 1873 1330 1911 fieri
1350 1886 1429 1911 non
1448 1873 1651 1924 potuisset,
1682 1872 1774 1923 quin

304 1947 327 1972 a
346 1934 617 1972 thesmothetis
639 1935 892 1986 deprehensae
912 1935 1087 1981 fuissent,
1108 1942 1148 1973 et
1168 1948 1190 1973 a
1210 1936 1438 1987 prytanibus
1464 1935 1773 1973 nomothetarum

297 1996 447 2047 judicio
468 1996 633 2043 traditae,
654 2004 693 2034 et
714 1997 770 2035 sic
791 1998 914 2035 altera
933 2010 980 2034 ex
998 1997 1151 2049 legibus
1172 1998 1388 2045 tolleretur,
1410 1998 1470 2036 vel
1494 2011 1542 2035 ea
1563 2010 1651 2048 quae
1674 2010 1774 2048 prae-

302 2058 458 2095 conium
484 2057 565 2095 fieri
583 2064 690 2096 extra
710 2060 907 2096 concionem
926 2059 1180 2110 permitteret,
1203 2059 1265 2097 vel
1285 2073 1332 2097 ea
1351 2073 1439 2111 quae
1460 2065 1620 2098 vetaret.
1673 2060 1773 2097 Cum

302 2126 431 2158 autem
453 2120 548 2157 nihil
568 2121 644 2158 tale
664 2120 809 2159 facturn
830 2122 891 2165 sit,
914 2127 1048 2172 aperte
1063 2122 1240 2159 nimirum
1261 2127 1430 2168 constat,
1446 2134 1513 2159 eos
1530 2134 1609 2159 non
1621 2128 1773 2159 tantum

301 2195 389 2232 quae
416 2195 506 2219 vera
533 2195 612 2220 non
638 2183 717 2220 sint
742 2183 948 2226 affirmare,
973 2182 1042 2219 sed
1062 2182 1179 2220 etiam
1211 2195 1299 2233 quae
1326 2197 1375 2220 ne
1401 2182 1481 2219 fieri
1511 2182 1668 2232 quidem
1694 2183 1775 2221 ullo

301 2244 420 2282 modo
437 2244 598 2295 possint.
1559 2255 1563 2258 ’

357 2306 420 2344 17.
450 2305 596 2343 Verum
617 2305 720 2343 unde
750 2305 824 2344 hoc
853 2305 1100 2344 mendacium
1131 2305 1315 2351 eruerint,
1346 2317 1421 2355 ego
1446 2318 1516 2343 vos
1544 2305 1710 2353 docebo,
1741 2307 1773 2345 si

300 2367 405 2418 prius
426 2379 523 2417 quas
544 2367 592 2404 ob
613 2380 754 2405 causas
775 2367 883 2418 leges
913 2367 960 2405 de
981 2365 1186 2418 praeconiis
1207 2366 1459 2405 theatralibus
1487 2366 1578 2405 latae
1608 2366 1686 2405 sint
1705 2382 1772 2406 ex-

299 2441 480 2481 posuero.
522 2428 623 2466 Cum
642 2428 726 2466 ludi
747 2428 885 2479 tragici
905 2428 1042 2467 urbani
1063 2429 1211 2475 fierent,
1229 2428 1304 2474 alii,
1325 2442 1366 2467 re
1386 2442 1408 2466 a
1428 2428 1576 2480 populo
1595 2441 1675 2466 non
1700 2429 1772 2467 im-

298 2497 464 2544 petrata,
485 2490 779 2542 praedicandum
799 2492 990 2529 curabant
1004 2503 1045 2528 se
1066 2503 1210 2528 corona
1228 2490 1364 2528 donari
1383 2503 1406 2546 a
1425 2489 1645 2537 tribulibus,
1667 2491 1730 2529 alii
1750 2505 1774 2530 a

298 2553 568 2605 popularibus,
604 2552 784 2590 nonnulli
811 2552 926 2591 etiam
956 2551 1108 2591 silentio
1136 2565 1204 2603 per
1239 2565 1462 2603 praeconem
1497 2553 1602 2590 facto
1639 2564 1772 2592 servos

300 2629 392 2654 suos
419 2616 596 2654 libertate
615 2615 828 2661 donabant,
849 2614 1090 2666 Graecosque
1109 2614 1422 2653 manumissionis
1441 2613 1545 2651 illius
1564 2619 1685 2652 testes
1706 2615 1773 2653 ad-

298 2677 507 2715 hibebant:
539 2684 579 2715 et
596 2677 704 2728 quod
725 2677 896 2714 omnium
917 2683 1000 2715 erat
1018 2675 1372 2723 invidiosissimum,
1392 2675 1548 2727 quidam
1570 2675 1676 2726 apud
1703 2689 1771 2714 ex-

298 2747 402 2778 teras
421 2739 596 2777 civitates
615 2738 784 2790 hospitia
804 2739 1004 2777 consecuti
1032 2739 1280 2789 perfecerunt
1306 2744 1349 2775 ut
1378 2737 1617 2788 praeconium
1645 2738 1767 2786 fieret,

300 2815 340 2839 se
362 2815 385 2839 a
404 2801 565 2852 popuIO,
582 2807 678 2852 puta
697 2801 862 2839 fortasse
880 2801 1036 2839 Rhodio
1052 2800 1111 2839 vel
1132 2800 1232 2839 Chio
1250 2800 1312 2838 vel
1327 2799 1404 2838 alio
1428 2811 1674 2851 quocunque,
1694 2799 1768 2838 vir—

299 2862 394 2900 tutis
421 2876 516 2914 ergo
535 2869 574 2900 et
593 2862 838 2910 fortitudinis,
859 2876 1005 2902 corona
1021 2863 1169 2901 donari.
1216 2863 1342 2913 Atque
1372 2861 1458 2900 haec
1482 2874 1566 2899 non
1595 2861 1650 2899 ita
1674 2874 1767 2913 age-

296 2925 404 2973 bant,
426 2925 621 2976 quomodo
640 2925 664 2963 ii
684 2925 748 2977 qui
769 2939 791 2964 a
810 2932 947 2965 senatu
968 2932 1096 2966 vestro
1116 2924 1175 2964 vel
1197 2937 1221 2964 a
1239 2924 1387 2976 populo
1407 2929 1653 2972 coronantur,
1673 2935 1712 2962 re
1743 2937 1765 2962 a
