1965 3356
500 181 788 221 ADVERSUS
821 180 1170 219 TIMOTHEUM.
1500 180 1574 216 687

116 285 348 338 spondisset,
369 298 456 323 eum
485 299 569 324 esse
588 285 765 330 liberum,
791 296 814 321 a
840 283 1102 334 postulatione
1132 283 1286 321 destiti:
1317 282 1577 321 testimonium

115 355 244 385 autem
263 347 355 398 petii
374 355 418 385 ut
428 348 617 399 proferret
637 346 874 384 AEschrionis
894 353 1080 395 tanquam
1101 345 1222 382 liberi.
1261 345 1339 382 Sed
1356 345 1428 383 iste
1449 357 1575 395 neque

113 408 376 446 testimonium
409 409 593 454 exhibuit,
623 421 747 457 neque
771 406 1033 444 AEschrionem
1067 419 1135 457 pro
1169 419 1278 444 servo
1305 407 1477 450 tradidit,
1500 419 1576 456 quo

113 470 252 508 veritas
289 484 334 508 ex
370 472 455 521 ejus
495 483 656 520 corpore.
700 468 973 518 exquireretur,
1010 469 1210 505 metuebat
1248 467 1397 505 scilicet
1426 468 1455 504 si
1492 468 1575 518 ejus

113 532 376 570 testimonium
425 539 467 569 ut
501 531 611 568 liberi
651 530 906 576 exhibuisset,
942 543 990 567 ne
1031 543 1104 580 ego
1138 529 1226 566 falsi
1267 528 1477 566 testimonii
1510 529 1574 565 ΖΕ-

113 594 292 633 schrione
322 594 514 639 convicto,
534 607 574 631 se
596 594 645 631 ob
666 592 788 630 malas
811 599 912 629 artes
938 600 981 629 ut
1003 592 1089 643 lege
1122 592 1349 642 permissum
1375 598 1434 628 est
1459 605 1574 629 accua

112 669 260 694 sarem:
309 656 367 694 sin
401 655 569 693 eundem
608 655 644 692 in
681 654 933 705 quaestionem
963 654 1151 699 dedisset,
1190 667 1236 690 ne
1261 652 1463 690 veritatem
1501 653 1577 689 elo-

112 724 306 768 queretur.
363 719 480 768 Atqui
499 717 708 754 honestum
730 716 763 753 ei
789 716 939 761 fuisset,
961 716 990 753 si
1024 716 1180 766 reliquae
1208 714 1384 765 pecuniae
1406 721 1576 765 acceptae

111 779 326 831 producere
347 786 468 817 testes
497 779 702 830 potuisset,
724 778 816 815 illud
841 778 978 816 saltem
1013 791 1082 830 per
1103 777 1371 814 AE‘schrionem
1400 778 1576 827 probare,

112 854 189 878 non
221 841 556 892 acceptas‘fuisse
595 839 743 892 phialas
770 847 836 877 aut
867 839 1009 877 minam
1049 838 1212 889 argenti,
1252 851 1376 888 neque
1416 838 1574 875 missum

109 902 229 940 fuisse
252 902 360 940 illum
382 903 430 940 ad
451 910 599 954 patrem
623 915 771 943 meum;
802 908 917 952 atque
947 914 993 938 eo
1019 908 1248 951 argumento
1270 900 1433 951 probare
1454 901 1577 946 vobis,

110 977 170 1002 me
191 964 307 1002 etiam
327 964 478 1016 reliqua
496 965 544 1002 de
567 964 705 1015 quibus
725 976 904 1001 accusem
927 962 1116 1008 ementiri,
1138 962 1295 1012 quando
1315 963 1359 1007 is,
1381 976 1495 1012 quem
1519 962 1578 999 di-

110 1038 211 1072 cam,
231 1027 314 1078 ejus
334 1026 540 1072 famulum,
558 1025 707 1077 phialas
731 1031 769 1062 et
788 1024 938 1075 argenti
965 1024 1106 1083 minam
1133 1023 1344 1074 accepisse,
1364 1024 1396 1060 is
1418 1024 1577 1073 quaesti-

109 1088 247 1126 onibus
280 1088 420 1125 habitis
450 1101 527 1125 non
553 1088 756 1138 accepisse
791 1087 1059 1137 comperiatur.
1119 1085 1236 1130 Quod
1270 1085 1301 1123 si
1331 1086 1481 1122 firmum
1513 1086 1575 1124 isti

108 1149 245 1186 fuisset
275 1156 546 1200 argumentum
581 1149 685 1200 apud
716 1162 784 1185 vos
817 1147 963 1185 deditio
999 1148 1250 1192 AEschrionis,
1271 1161 1388 1197 quem
1422 1148 1470 1185 ab
1502 1148 1576 1186 isto

108 1209 265 1247 missum
285 1209 404 1248 fuisse
425 1211 589 1256 affirmo,
609 1218 647 1247 et
666 1210 864 1260 accepisse
886 1209 1035 1260 phialas
1058 1223 1080 1247 a
1100 1217 1208 1260 patre
1236 1222 1336 1254 meo,
1358 1216 1397 1246 et
1425 1212 1577 1260 argenti

108 1273 252 1310 minam
279 1286 363 1311 esse
396 1281 628 1320 mutuatum,
661 1273 763 1311 idem
795 1279 834 1310 et
866 1272 957 1310 mihi
978 1273 1028 1310 sit
1055 1280 1325 1324 argumentum
1356 1272 1459 1323 apud
1493 1287 1576 1319 vos,

105 1348 206 1373 verae
234 1336 494 1374 accusationis
515 1349 612 1374 meae
639 1335 839 1374 conscium
870 1334 1001 1382 istum,
1021 1335 1173 1373 tradere
1206 1335 1470 1373 AEschrionem
1497 1349 1575 1374 non

107 1396 261 1435 audere.
334 1386 338 1390 .

162 1460 225 1496 12.
257 1458 505 1497 Defensionis
528 1466 658 1498 autem
685 1459 770 1497 loeo
790 1459 887 1496 illud
905 1458 1056 1506 afferet,
1078 1459 1116 1496 in
1137 1459 1340 1497 mensariis
1361 1460 1575 1498 rationibus

106 1519 331 1558 Alcisthene
350 1527 516 1572 praetore
531 1521 718 1572 scriptum
738 1526 824 1559 es'se
846 1535 887 1559 se
907 1521 944 1558 in
972 1521 1131 1559 naulum
1151 1521 1345 1571 lignorum
1362 1523 1575 1573 accepisse,

106 1589 146 1619 et
165 1583 332 1633 pretium
358 1582 575 1634 phialarum
596 1596 694 1634 quas
714 1583 955 1622 Timostheni
986 1591 1096 1635 pater
1128 1596 1197 1633 pro
1222 1583 1296 1621 isto
1318 1584 1454 1622 solvit:
1486 1598 1573 1622 cum

105 1656 153 1681 eo
171 1651 344 1695 tempore
376 1657 453 1682 non
474 1644 593 1691 domi,
621 1644 691 1682 sed
711 1645 815 1695 apud
843 1658 974 1696 regem
1003 1645 1209 1682 Persarum
1240 1645 1362 1683 fuerit.
1422 1645 1482 1683 De
1501 1647 1574 1685 hoc

107 1705 221 1756 igitur
241 1706 446 1757 perspicue
467 1719 533 1744 vos
564 1707 728 1751 docebo,
748 1713 791 1744 ut
823 1714 930 1745 certo
958 1706 1089 1744 sciatis
1110 1719 1187 1757 quo
1207 1713 1323 1757 pacto
1345 1720 1387 1744 se
1406 1707 1577 1746 habeant

106 1768 311 1806 mensariae
345 1768 478 1806 literae.
537 1768 639 1806 Nam
670 1770 741 1806 iste
775 1782 907 1808 mense
940 1769 1080 1820 Aprili,
1107 1769 1221 1807 Astio
1250 1776 1428 1820 praetore,
1451 1772 1575 1821 profe-

104 1836 236 1868 cturus
270 1830 319 1868 ad
352 1843 497 1881 regem,
531 1830 820 1868 commendavit
851 1830 1086 1869 Philondam
1122 1831 1221 1881 patri
1254 1844 1363 1869 meo:
1399 1834 1574 1882 sequenti

106 1904 210 1929 anno
244 1891 468 1930 Alcisthene
501 1899 681 1944 praetore,
713 1892 942 1939 Philondas,
973 1893 1080 1944 ligna
1099 1893 1244 1931 vehens
1271 1907 1291 1930 e
1325 1893 1576 1941 Macedonia,

104 1967 280 1992 reversus
307 1955 467 1992 naulum
501 1954 693 2005 lignorum
719 1955 871 2006 accepit
904 1969 925 1993 a
958 1963 1068 2006 patre
1094 1968 1195 2000 me0,
1215 1955 1289 1993 isto
1319 1956 1423 2007 apud
1444 1969 1574 2008 regem

106 2014 279 2053 absente.
336 2017 437 2054 Cum
467 2016 583 2068 igitur
605 2029 628 2054 a
653 2029 791 2054 mensa
820 2017 1025 2068 pecuniam
1049 2017 1200 2062 darent,
1225 2017 1341 2054 istum
1362 2017 1576 2056 debitorem

105 2076 394 2128 inscripserunt,
414 2091 492 2116 non
512 2091 598 2115 cum
619 2091 792 2129 praesens
813 2079 941 2117 adhuc
961 2079 1059 2130 patri
1080 2092 1169 2116 meo
1201 2079 1437 2117 Philondam
1467 2094 1572 2118 com-

105 2139 337 2178 mendasset.
394 2140 562 2184 Quando
590 2141 690 2178 enim
722 2141 1028 2185 commendarat,
1051 2141 1158 2192 ligna
1190 2141 1365 2178 nondum
1397 2141 1575 2189 aderant,

106 2201 172 2239 sed
194 2209 349 2253 propter
369 2215 415 2240 ea
434 2202 644 2240 Philondas
670 2203 740 2240 iter
771 2210 1024 2254 suscepturus
1045 2210 1153 2240 erat:
1184 2203 1249 2254 qui
1282 2216 1370 2241 cum
1404 2203 1575 2242 advectis

104 2263 218 2315 lignis
240 2264 395 2310 rediret,
417 2265 490 2302 iste
511 2278 671 2316 peregre
691 2265 827 2312 abfuit,
849 2264 1062 2302 Philondas
1085 2271 1214 2302 autem
1235 2266 1385 2316 accepit
1414 2266 1573 2305 naulum

103 2326 310 2377 lignorum,
338 2326 667 2378 quemadmodum
697 2327 768 2376 iste
781 2330 965 2375 jusserat,
985 2335 1024 2365 et
1043 2328 1080 2365 in
1107 2327 1218 2364 istius
1240 2327 1345 2365 aedes
1366 2327 1404 2364 in
1426 2327 1576 2367 Piraeeo

104 2387 210 2439 ligna
230 2397 340 2427 vecta
371 2395 475 2426 sunt.
534 2388 658 2426 Istum
692 2396 821 2427 autem
852 2403 929 2427 non
958 2389 1212 2440 pecuniosum
1241 2388 1331 2427 hinc
1356 2391 1574 2440 profectum

104 2463 204 2496 esse,
225 2457 264 2488 et
284 2463 353 2488 vos
372 2450 458 2502 ipsi,
479 2449 617 2501 quibus
638 2450 720 2502 ejus
741 2464 835 2502 opes
861 2450 1127 2503 oppigneratae
1147 2451 1316 2496 fuerunt,
1338 2452 1458 2496 scitis,
1480 2465 1576 2502 quos

106 2525 208 2549 nunc
229 2511 458 2550 defraudat:
488 2518 532 2549 ut
557 2519 687 2549 autem
708 2513 972 2563 cognoscatis,
993 2526 1080 2550 eum
1111 2514 1229 2550 etiarn
1249 2513 1330 2550 sine
1351 2514 1576 2564 pignoribus

105 2573 283 2611 debuisse
312 2573 546 2624 quibusdam
580 2573 742 2618 civibus,
790 2588 876 2612 cum
913 2575 1007 2612 nihil
1040 2575 1204 2612 haberet
1239 2576 1574 2627 oppignerandum

105 2635 206 2686 quod
230 2635 393 2686 alicujus
415 2635 600 2673 momenti
619 2643 737 2682 esset,
757 2636 842 2687 lege
863 2636 956 2674 mihi
976 2636 1252 2675 testimonium.

629 2747 1037 2786 TESTIMONIUM.

162 2827 224 2863 13.
256 2826 316 2864 De
335 2824 475 2877 phialis
505 2832 651 2872 autem,
667 2839 777 2876 rquas
806 2826 1025 2877 Septembri
1049 2839 1180 2864 mense
1202 2826 1380 2864 AEschrio
1401 2826 1577 2877 pedisse-

106 2896 206 2935 quus
227 2883 337 2922 istius
352 2884 463 2922 Astio
489 2893 654 2936 praetore
685 2887 809 2938 petiit,
841 2900 928 2925 cum
956 2888 1025 2925 iste
1055 2887 1157 2924 domi
1192 2894 1309 2931 esset,
1339 2894 1380 2924 et
1409 2886 1577 2938 hospitio

109 2946 284 2984 Alcetam
304 2951 344 3010 et
360 2945 540 2984 Iasonem
561 2949 792 2999 excepisset,
813 2949 874 2986 isti
896 2956 939 2986 ut
962 2948 1127 2986 debitori
1160 2948 1324 2999 pretium
1348 2949 1574 3000 inscriptum
