1948 3306
322 129 369 166 10
741 126 969 166 CONTRA
999 127 1363 171 TIMARCHUM.

317 229 412 267 bitur,
427 228 543 258 indicta
557 228 673 258 mulcta
689 239 784 269 usque
801 230 839 260 ad
858 231 883 260 L
898 230 1061 261 drachmas
1082 229 1245 260 deferunto
1262 231 1299 260 ad
1325 234 1477 265 senatum,
1492 234 1545 260 aut
1562 228 1691 269 primam
1713 238 1787 259 con-

317 281 436 311 cionem
454 280 485 309 in
496 278 582 309 curia
598 290 604 308 ε
630 279 683 310 ubi
699 284 799 310 autem
816 281 979 312 citationes
994 281 1218 317 recensuerint,
1233 281 1405 319 judicante,
1421 280 1502 320 quod
1520 280 1546 310 si
1567 280 1787 310 condemnatus

316 332 421 368 fuerit,
436 332 513 362 clam
528 331 673 370 suffragia
688 332 861 363 ferentibus
875 333 1079 369 senatoribus,
1099 332 1250 371 praesides
1268 332 1308 361 iis
1332 331 1384 372 qui
1400 331 1531 360 mulctas
1548 331 1675 369 exigunt
1690 329 1789 359 viola-

319 388 421 414 tarum
435 383 538 422 legum
552 393 621 412 eum
635 382 837 413 inscribunto.
1620 378 1622 381 ⁵

321 476 445 526 Leges
480 474 693 521 audivistis,
717 474 1001 513 Athenienses:
1031 487 1159 524 neque
1192 474 1341 520 dubito,
1363 474 1456 525 quin
1487 486 1544 511 eae
1563 473 1673 511 vobis
1703 485 1790 523 pto-

319 536 463 575 bandae
486 549 572 575 esse
592 537 810 575 videantur.
843 535 1027 572 Ceterum
1048 543 1179 573 utrum
1198 549 1254 574 eae
1274 536 1382 587 leges
1403 541 1497 574 ratae
1515 533 1679 573 irritaeve
1701 534 1793 581 sint,

319 596 362 635 id
388 610 508 648 penes
536 612 606 637 vos
628 605 697 636 est.
730 597 835 635 Nam
852 595 883 634 si
902 595 1060 646 quidem
1079 596 1237 647 injurios
1256 597 1431 636 homines
1452 595 1667 648 punieritis,
1686 595 1792 646 leges
1819 635 1824 646 k

320 658 431 697 vobis
452 665 491 697 et
517 660 631 697 bonae
658 667 698 696 et
725 665 819 696 ratae
849 662 986 695 erunt:
1018 657 1078 695 sin
1107 657 1362 704 absolveritis,
1390 659 1504 696 bonae
1533 656 1609 694 illoe
1638 655 1797 707 quidem

322 728 449 766 erunt,
470 728 564 758 ratae
584 733 664 758 non
683 726 810 758 erunt.

336 784 339 785 ⁷
378 783 419 820 9.
450 781 550 819 Volo
572 788 718 830 autem,
751 779 1082 832 quemadmodum
1103 780 1287 817 orationis
1317 779 1426 817 initio
1454 779 1654 831 proposui,
1687 784 1798 830 post·

323 855 442 893 quam
462 841 542 879 dixi
555 842 604 880 de
618 842 785 892 legibus,
800 845 882 890 ⁴iam
899 840 1058 878 tandem
1074 840 1268 878 Timarchi
1284 853 1411 878 mores
1427 853 1515 878 cum
1531 840 1586 881 eis
1604 839 1800 879 conferre:

320 910 366 941 ut
383 903 513 941 sciatis
529 910 719 954 quantum
735 902 760 939 ii
780 902 1002 952 discrepent
1018 914 1040 939 a
1054 901 1193 940 vestris
1208 901 1377 952 legibus.
1407 901 1443 938 A
1457 900 1566 940 vobis
1584 913 1676 941 vero
1694 905 1800 951 peto,

322 964 598 1010 Athenienses,
619 970 663 1001 ut
681 962 834 1001 veniam
853 962 944 1000 mihi
973 961 1087 1009 detis,
1115 962 1147 1000 si
1167 962 1261 1012 quid
1281 962 1391 1000 fuero
1421 961 1548 1000 dicere
1568 968 1729 1001 coactus
1750 961 1805 1000 de

322 1026 474 1072 studiis,
502 1039 582 1063 non
601 1024 759 1076 quidem
779 1031 918 1062 natura
937 1023 1128 1070 honestis,
1158 1024 1227 1062 sed
1249 1024 1298 1061 ab
1320 1023 1395 1062 isto
1427 1030 1558 1062 tamen
1589 1022 1800 1074 usurpatis,

325 1096 442 1140 atque
462 1089 625 1126 verbum
647 1087 808 1138 aliquod
829 1087 922 1124 mihi
942 1086 1135 1125 exciderit
1152 1086 1265 1125 factis
1278 1085 1474 1125 Timarchi
1494 1086 1630 1125 simile.
1661 1087 1803 1137 Neque

325 1149 425 1188 enim
433 1150 519 1201 jure
532 1162 602 1191 >me
617 1149 926 1200 reprehendetis,
939 1149 971 1186 si
991 1148 1084 1199 quid
1101 1148 1218 1200 plane
1234 1148 1386 1194 dixero,
1407 1161 1485 1200 quo
1500 1161 1569 1186 vos
1588 1148 1799 1188 edoceam:

325 1211 395 1249 sed
423 1210 546 1249 multo
567 1210 691 1262 magis
710 1211 829 1248 istum
846 1223 855 1247 :
887 1211 953 1260 qui
972 1210 1070 1247 adeo
1089 1209 1282 1260 flagitiose
1301 1209 1408 1256 vixit,
1428 1216 1473 1249 ut
1491 1209 1558 1260 qui
1585 1208 1691 1254 facta
1716 1209 1801 1260 ejus

327 1279 623 1318 commemorat,
647 1286 718 1311 suo
739 1273 926 1310 arbitratu
947 1272 1075 1310 dicere
1090 1284 1168 1309 non
1182 1272 1320 1323 possit,
1339 1271 1412 1310 nisi
1427 1271 1547 1319 verba
1562 1271 1676 1309 etiam
1692 1284 1802 1321 quae-

326 1336 417 1374 dam
436 1335 669 1387 hujusmodi·
681 1336 866 1386 proferat.
909 1334 1025 1372 Dabo
1044 1340 1176 1372 tamen
1204 1347 1376 1385 operam,
1396 1340 1441 1371 ut
1460 1345 1576 1383 quam
1595 1331 1802 1370 modestis-

327 1396 422 1445 sime
449 1396 488 1433 id
509 1396 661 1434 faciam.
692 1396 821 1434 Velim
841 1402 972 1434 autem
993 1395 1264 1442 consideretis,
1285 1394 1558 1441 Athenienses,
1582 1400 1731 1444 quanta
1748 1406 1802 1439 εε-

326 1458 475 1509 quitate
503 1458 574 1495 sim
595 1463 752 1494 acturus
773 1470 863 1494 cum
882 1456 1101 1494 Timarcho.
1147 1456 1250 1493 Nam
1270 1469 1358 1506 quae
1380 1455 1526 1493 delicta
1550 1467 1647 1505 puer
1672 1454 1802 1492 adhuc

327 1520 365 1557 in
388 1532 503 1556 suum
522 1531 662 1568 corpus
684 1517 852 1564 admisit,
874 1517 1012 1555 omitto
1032 1519 1172 1567 (eaque
1192 1516 1287 1553 nihil
1306 1516 1474 1562 valeant,
1498 1522 1544 1553 ut
1561 1528 1610 1552 ea
1626 1528 1713 1565 quae
1731 1516 1803 1552 sub

327 1579 487 1631 triginta
513 1585 766 1631 tyrannorum
799 1579 1015 1624 dominatu,
1047 1584 1115 1615 aut
1151 1584 1239 1614 ante
1270 1583 1486 1628 praeturam,
1516 1575 1690 1614 Euclidis
1716 1582 1810 1620 acta»⁴

330 1648 436 1687 sunt,
457 1648 525 1678 aut
544 1640 576 1677 si
598 1639 706 1691 quod
725 1639 831 1678 aliud
851 1638 1075 1690 hujusmodi
1095 1637 1330 1688 praefinitum
1348 1645 1502 1688 ternpus
1530 1637 1698 1684 exstitit)
1715 1650 1805 1687 quae

328 1703 510 1753 verojam
528 1701 584 1739 sui
601 1713 776 1751 compos,
789 1713 876 1751 quae
892 1699 1137 1746 adolescens,
1149 1699 1375 1749 quaelegum
1391 1697 1557 1736 civitatis
1573 1699 1717 1750 gnarus
1735 1685 1804 1740 ad-

330 1756 448 1808 misit,
469 1776 515 1801 ea
531 1763 686 1800 demum
707 1763 917 1807 accusabO,
938 1774 1061 1811 eaque
1080 1760 1190 1799 vobis
1205 1761 1260 1798 uti
1275 1774 1378 1798 curae
1400 1761 1491 1808 sint,
1511 1773 1594 1799 oro.
1632 1760 1710 1802 Iste
1727 1760 1805 1810 pri-

329 1837 436 1862 mum
452 1824 624 1862 omnium
644 1825 849 1875 pueritiam
869 1837 1065 1875 egressus,
1083 1823 1185 1865 sedit
1199 1822 1237 1859 in
1254 1823 1418 1870 Piraeeo,
1433 1823 1473 1860 in
1492 1822 1703 1874 Euthydici
1723 1835 1804 1860 me-

330 1886 408 1925 dici
422 1888 586 1924 taberna
601 1899 610 1924 :
629 1899 699 1936 per
720 1886 890 1937 speciem
908 1884 1106 1923 discendae
1122 1885 1231 1930 artis,
1249 1897 1351 1930 cum,
1367 1886 1401 1922 si
1415 1898 1475 1922 res
1491 1885 1577 1935 ipsa
1593 1890 1804 1935 spectetur,

331 1960 372 1986 se
392 1947 594 1986 venditare
614 1946 873 1984 instituisset:
907 1953 952 1983 ut
971 1951 1134 1984 eventus
1156 1945 1380 1983 declaravit.
1419 1945 1497 1987 Qui
1520 1957 1636 1995 porr-o
1656 1958 1805 1983 merca-

329 2015 448 2054 tores,
471 2015 540 2046 aut
569 2008 634 2045 alii
663 2007 851 2059 hospites,
873 2013 941 2045 aut
965 2006 1087 2045 nostri
1112 2006 1216 2044 cives
1245 2005 1321 2044 illis
1348 2006 1588 2057 temporibus
1610 2005 1806 2056 Timarchi

331 2081 496 2121 corpore
517 2069 662 2108 fuerint
682 2071 809 2115 abusi,
830 2070 905 2112 hoc
921 2081 1077 2119 quoque
1091 2068 1193 2106 ultro
1210 2067 1441 2119 praeteribo:
1472 2080 1522 2105 ne
1541 2067 1625 2118 quis
1641 2067 1806 2106 fortasse

331 2131 449 2178 dicat,
478 2144 540 2169 me
562 2130 782 2171 accuratius
813 2130 945 2169 omnia
977 2129 1158 2181 persequi
1175 2142 1184 2167 z
1216 2141 1381 2179 quorum
1411 2134 1542 2168 autem
1577 2129 1614 2166 in
1640 2128 1806 2177 aedibus,

331 2207 419 2232 cum
433 2195 491 2232 sui
511 2195 682 2245 corporis
703 2201 742 2231 et
761 2193 930 2235 civitatis
951 2193 1091 2243 probro
1110 2192 1271 2239 vixerit,
1284 2199 1457 2243 quaestus
1477 2192 1526 2234 ob
1544 2204 1629 2232 eam
1647 2204 1727 2230 rem
1748 2191 1805 2235 fa,-

332 2255 459 2297 ciendi
480 2268 625 2294 causa:
656 2268 773 2305 quam
804 2267 890 2300 rem
912 2254 976 2291 lex
1001 2260 1070 2291 aut
1097 2253 1219 2293 vitare
1240 2259 1306 2291 aut
1332 2252 1584 2295 concionibus
1612 2252 1806 2298 abstinere

325 2316 465 2367 jubet:
494 2316 554 2353 his
575 2316 625 2353 de
643 2317 761 2353 rebus
780 2316 901 2357 verba
925 2313 1079 2352 faciam.

392 2379 453 2415 10.
481 2377 553 2416 Est
568 2377 725 2428 quidam
744 2376 987 2428 Colyttensis
1004 2375 1215 2426 Misgolas,
1229 2375 1435 2414 Naucratis
1453 2375 1514 2423 F.‚
1533 2374 1806 2423 Athenienses,

332 2438 389 2477 vir
413 2445 544 2476 cetera
564 2451 658 2476 sane
676 2438 819 2484 bonus,
839 2451 911 2474 nec
941 2436 1020 2474 ullo
1053 2438 1209 2474 nomine
1240 2436 1598 2487 reprehendendus,
1631 2442 1805 2483 ceterum

334 2500 444 2538 istius
454 2499 507 2536 rei
519 2499 753 2549 impotenter
764 2498 982 2536 studiosus:
997 2498 1141 2548 quique
1155 2498 1400 2535 continenter
1412 2510 1543 2536 secum
1553 2497 1696 2534 habere
1706 2497 1808 2535 solet

334 2562 486 2612 aliquos
508 2560 756 2606 citharoedos,
776 2566 843 2597 aut
864 2559 1097 2596 citharistas.
1138 2559 1238 2597 Haec
1270 2559 1357 2597 dico
1384 2572 1460 2596 non
1482 2558 1671 2608 arguendi
1690 2558 1805 2597 luxus

335 2636 466 2668 causa,
486 2623 554 2661 sed
571 2630 614 2660 ut
626 2622 811 2660 noveritis
826 2621 912 2672 quis
928 2621 990 2659 sit.
1021 2621 1061 2658 Is
1074 2621 1147 2658 ubi
1156 2620 1443 2665 animadvertit,
1459 2619 1664 2671 quibusde
1679 2620 1806 2658 causis

335 2684 565 2723 Timarchus
587 2684 626 2722 in
647 2684 807 2722 taberna
821 2682 975 2720 medica
990 2688 1208 2721 versaretur
1224 2695 1234 2719 t
1266 2695 1354 2720 cum
1370 2680 1546 2719 nonnihil
1562 2694 1806 2719 nummorum

336 2746 623 2797 insumpsisset,
642 2745 733 2784 inde
753 2745 949 2795 hominem
973 2744 1137 2795 abduxit
1154 2743 1204 2781 ad
1225 2756 1280 2791 se,
1300 2750 1345 2780 ut
1363 2749 1403 2780 et
1419 2742 1553 2781 habito
1572 2755 1747 2793 corpore,
1767 2749 1807 2780 et

337 2807 644 2854 adolescentem,
665 2813 706 2846 et
724 2807 977 2858 petulantem,
1006 2812 1053 2847 et
1077 2812 1211 2857 aptum
1231 2805 1282 2844 ad
1310 2816 1396 2847 eam
1415 2818 1510 2852 rem,
1528 2817 1645 2855 quam
1665 2811 1704 2842 et
1721 2805 1816 2855 ipse.

334 2875 571 2919 perpetrare,
594 2875 633 2906 et
651 2869 727 2907 iste
743 2868 910 2907 tolerare
930 2867 1163 2909 instituerat.
1207 2865 1346 2917 Neque
1363 2878 1454 2905 vero
1473 2865 1513 2903 id
1531 2865 1800 2906 recusavitJTi
