1965 3356
550 194 843 233 ADVERSUS
875 190 1179 230 POLYCLEM.
1516 195 1589 232 691

129 309 198 336 vos
234 297 363 336 omnia
395 305 776 344 commemorantem,
810 303 925 348 atque
955 296 993 334 in
1018 296 1063 334 iis
1083 309 1171 347 quae
1204 295 1330 335 dicam
1357 297 1535 336 omnibus
1555 305 1594 336 et

128 359 469 398 senatusconsulta
489 367 526 398 et
544 359 749 411 plebiscita
768 358 1042 410 proferentem,
1062 364 1100 395 et
1117 356 1351 396 testimonia.

180 423 218 460 2.
250 435 403 461 xxuu.
425 423 486 461 die
515 421 698 465 Quintilis
727 420 886 467 mensis,
909 419 1070 458 Molone
1092 425 1267 471 praetore,
1288 419 1474 457 concione
1496 432 1591 458 con-

125 490 277 530 vocata,
307 497 396 522 cum
429 484 560 522 multae
591 497 820 534 magnaeque
850 495 912 521 res
943 483 1138 520 nunciatae
1158 480 1266 519 vobis
1293 488 1438 527 essent,
1457 481 1592 520 decre-

123 545 232 584 vistis
249 560 365 586 naves
382 559 404 584 a
419 545 636 584 trierarchis
657 545 694 582 in
714 553 866 596 portum
883 544 1117 582 trahendas:
1147 556 1312 593 quorum
1333 556 1354 580 e
1373 556 1532 581 numero
1554 550 1594 581 et

123 621 198 659 ego
218 609 285 646 fui.
341 608 399 646 Ac
419 622 506 659 quae
526 615 608 646 tum
629 608 852 659 reipublicae
872 614 1046 659 tempora
1064 606 1207 644 fuerint
1227 605 1265 643 id
1294 618 1372 643 non
1392 605 1485 643 mihi
1505 619 1593 643 nar·

123 670 302 715 randum,
326 669 396 708 sed
414 669 522 708 vobis
551 670 644 722 ipsis
664 669 946 708 recordandum
969 675 1042 714 est,
1062 675 1100 706 et
1121 667 1274 706 Tenum
1293 667 1341 705 ab
1369 667 1593 705 Alexandro

123 730 244 769 fuisse
271 738 503 781 occupatam
536 745 581 770 ac
607 731 822 783 direptam3
853 737 893 769 et
922 729 1195 782 Miltocythem
1216 742 1239 767 a
1261 729 1363 781 Coty
1383 729 1592 774 defecisse,

122 791 251 830 missis
286 792 440 843 legatis,
473 793 620 832 auxilia
645 793 909 845 postulantem
935 798 975 830 et
994 782 1284 831 Chersonesum
1303 791 1570 829 restituentem
1580 803 1591 835 ;

122 859 162 892 et
179 853 480 902 Proconnesios,
501 855 628 898 socios
654 862 823 902 nostros,
845 854 1075 906 implorasse
1094 867 1164 905 pro
1184 854 1372 892 concione
1389 866 1500 904 opem
1521 865 1592 891 no·-

120 922 253 963 stram,
272 929 360 955 cum
379 930 420 961 se
441 930 464 956 a
485 917 684 970 Cyzicenis
703 925 805 956 terra
823 918 993 969 marique
1013 916 1116 955 bello
1136 917 1258 968 premi
1278 916 1465 962 dicerent,
1479 929 1592 967 roga-

121 985 284 1030 rentque
311 992 360 1018 ne
385 993 426 1018 se
456 980 647 1031 perituros
680 979 823 1032 alioqui
844 980 1151 1031 negligeremus;
1181 986 1416 1017 mercatores
1437 978 1528 1016 item
1548 990 1595 1015 ac

119 1040 375 1080 navicularios
393 1055 414 1080 e
435 1041 563 1080 Ponto
583 1042 794 1088 soluturos,
816 1041 1312 1095 Byzantiis,Calchedoniis
1332 1047 1373 1079 et
1393 1039 1595 1092 Cyzicenis

119 1109 276 1154 propter
306 1103 492 1142 frumenti
511 1104 713 1156 penuriam
738 1117 855 1142 naves
885 1103 1205 1155 exceptantibus;
1235 1109 1274 1141 et
1292 1102 1438 1141 vidisse
1466 1115 1535 1140 vos
1555 1102 1594 1140 in

118 1164 271 1204 Piraeeo
293 1165 475 1204 frumenti
502 1166 667 1217 pretium
682 1179 855 1204 crescere
869 1179 942 1204 nec
958 1179 1140 1216 magnam
1155 1166 1307 1216 copiam
1332 1165 1509 1204 venalem
1535 1178 1594 1203 re-

116 1227 243 1279 periri.
296 1227 396 1272 Quae
415 1240 504 1266 cum
525 1240 594 1266 vos
615 1241 663 1266 ex
682 1228 738 1266 eis
758 1235 841 1266 tum
861 1240 930 1279 pro
947 1226 1134 1265 concione
1156 1226 1341 1265 audiretis
1361 1234 1399 1265 et
1419 1227 1593 1278 patronis

116 1303 265 1336 eorum,
280 1290 510 1329 trierarchos
522 1303 641 1329 naves
661 1290 900 1342 protrahere,
914 1290 962 1328 ad
977 1289 1123 1328 vallum
1139 1290 1361 1342 pervehere,
1377 1298 1416 1328 et
1436 1303 1459 1328 a
1479 1303 1592 1328 sena-

115 1351 264 1391 toribus
296 1365 342 1390 ac
373 1351 663 1404 tribunisplebis
702 1352 879 1391 delectus
912 1351 1049 1390 haberi
1075 1351 1329 1404 municipum,
1352 1358 1493 1390 nautas
1525 1352 1593 1390 de-

117 1412 277 1464 signari,
299 1413 463 1453 classem
495 1427 613 1466 quam
645 1414 810 1466 primum
843 1413 1030 1466 ablegari,
1050 1420 1091 1452 et
1121 1414 1279 1465 singula
1308 1413 1348 1452 in
1379 1414 1467 1453 loca
1494 1413 1593 1453 mitti

118 1475 261 1515 auxilia
272 1475 461 1527 jussistis.
516 1476 647 1528 Atque
666 1476 706 1516 id
725 1476 1018 1530 Aristophontis
1038 1475 1239 1528 decretum
1259 1476 1365 1515 vicit.

688 1621 1018 1661 DECRETUM.

172 1726 214 1764 3.
244 1724 457 1763 Decretum
475 1724 693 1774 audivistis,
712 1726 740 1765 J
744 1725 889 1765 udices.
949 1725 1034 1778 Ego
1059 1737 1164 1772 vero,
1191 1738 1281 1764 cum
1310 1724 1403 1763 mihi
1420 1731 1550 1764 nautae
1570 1738 1594 1763 a

117 1786 376 1838 municipibus
404 1787 547 1826 delecti
576 1802 657 1827 non
684 1788 756 1827 nisi
781 1788 896 1840 pauci
922 1787 1025 1840 iique
1052 1787 1262 1826 imbecilles
1290 1787 1506 1834 venissent,
1526 1799 1593 1826 eos

114 1848 272 1901 quidem
303 1850 441 1889 missos
470 1850 573 1889 feci:
603 1857 644 1889 et
666 1850 931 1903 oppigneratis
953 1850 1046 1888 meis
1068 1849 1224 1902 opibus,
1243 1849 1450 1902 pecuniam
1469 1855 1595 1888 mutu-

116 1918 218 1958 atus,
238 1911 384 1963 primus
416 1912 574 1964 implevi
607 1926 762 1960 navem,
791 1912 996 1959 conductis
1026 1911 1156 1952 nautis
1183 1924 1302 1963 quam
1330 1911 1413 1949 fieri
1438 1917 1592 1963 poterat

117 1973 349 2020 lectissimis,
377 1974 602 2013 muneribus
633 1981 672 2013 et
702 1973 911 2026 congiariis
936 1973 1037 2012 datis
1067 1973 1229 2025 singulis
1255 1986 1388 2012 eorum
1415 1972 1593 2024 magnis;

117 2042 305 2087 praeterea
317 2035 480 2088 propriis
496 2036 745 2075 armamentis
764 2042 885 2074 totam
905 2048 1045 2074 navem
1064 2034 1244 2080 instruxi,
1256 2047 1382 2085 neque
1398 2046 1418 2071 e
1433 2033 1593 2085 publico

118 2097 326 2150 quicquam
342 2097 490 2150 accepi,
505 2103 545 2137 et
564 2111 681 2151 quam
700 2097 809 2150 potui
830 2096 1084 2150 pulcherrime
1105 2103 1146 2135 et
1164 2095 1475 2148 splendidissime
1494 2095 1594 2134 inter

118 2159 349 2199 trierarchos
369 2159 563 2199 exornavi.
603 2160 826 2210 Remigium
845 2158 963 2210 igitur
978 2158 1084 2210 quod
1103 2157 1209 2210 potui
1228 2157 1593 2210 praestantissimum

118 2221 303 2260 conduxi.
361 2221 500 2273 Neque
525 2234 631 2269 vero,
651 2222 828 2267 Judices,
852 2221 890 2259 in
922 2221 1067 2260 triremi
1097 2228 1179 2258 tum
1209 2219 1439 2258 instruenda
1465 2219 1593 2257 solum

120 2289 251 2323 tantos
269 2291 448 2335 sumptus
470 2284 560 2332 feci,
581 2284 653 2323 sed
673 2283 790 2323 etiam
810 2283 999 2336 pecuniae,
1014 2296 1131 2335 quam
1152 2281 1201 2320 ad
1222 2281 1466 2322 educendam
1491 2281 1594 2321 clas-

120 2359 202 2385 sem
234 2347 400 2385 conferri
426 2347 614 2398 jussistis,
647 2360 724 2386 non
751 2347 945 2386 minimam
980 2355 1130 2399 partem
1159 2345 1267 2385 vobis
1300 2345 1436 2384 obtuli.
1493 2346 1594 2383 Cum

121 2409 222 2448 enim
242 2410 367 2449 visum
387 2417 496 2449 esset
511 2410 621 2449 vobis
642 2411 691 2449 ad
712 2409 950 2462 municipum
970 2409 1178 2448 utilitatem
1205 2415 1249 2447 ut
1267 2409 1457 2447 referrent
1482 2421 1594 2446 sena-

121 2478 223 2510 tores
243 2485 310 2510 eos
329 2472 395 2524 qui
415 2471 608 2524 principes
635 2472 814 2511 collaturi
841 2478 976 2510 essent
1005 2478 1084 2509 tam
1114 2471 1213 2509 inter
1244 2471 1456 2522 municipes
1477 2483 1594 2521 quam

121 2532 220 2572 inter
248 2547 315 2572 eos
348 2534 412 2585 qui
446 2535 484 2572 in
515 2534 734 2587 municipiis
763 2534 911 2586 praedia
932 2534 1134 2581 haberent,
1154 2533 1318 2572 relatum
1350 2533 1425 2571 fuit
1452 2545 1595 2570 nomen

123 2608 252 2634 meum
282 2597 320 2635 in
353 2597 474 2635 tribus
509 2596 740 2648 municipiis,
760 2604 966 2648 propterea
992 2596 1096 2646 quod
1122 2596 1338 2634 manifestae
1369 2602 1478 2634 eraut
1497 2607 1595 2632 meae

122 2657 344 2697 facultates.
400 2659 537 2710 Neque
558 2672 633 2711 ego
652 2659 691 2697 in
709 2659 769 2697 his
784 2659 990 2710 quicquam
1010 2666 1197 2697 causatus
1219 2671 1317 2704 sum,
1330 2657 1392 2695 vel
1406 2670 1467 2694 mc
1487 2656 1595 2694 trire-

125 2732 226 2758 mem
246 2720 435 2759 instruere
455 2721 515 2759 vel
534 2721 626 2760 bina
645 2734 764 2759 onera
780 2720 893 2759 simul
915 2720 1105 2758 sustinere
1121 2733 1198 2758 non
1219 2732 1350 2771 posse,
1364 2718 1426 2757 vel
1444 2717 1595 2769 legibus

124 2782 164 2820 id
185 2782 434 2822 interdictum
454 2797 553 2830 esse,
572 2784 642 2822 sed
666 2784 788 2836 prima
810 2783 955 2822 tributa
973 2782 1119 2834 primus
1140 2781 1331 2834 pependi;
1362 2793 1489 2831 neque
1508 2779 1596 2818 red-

127 2843 204 2894 egi,
220 2857 308 2882 nam
338 2851 379 2884 et
403 2852 485 2883 tum
510 2846 744 2884 trierarchus
771 2845 996 2897 reipublicae
1024 2857 1145 2882 causa
1171 2855 1335 2895 peregre
1366 2843 1535 2886 aberam,
1558 2848 1597 2879 et

128 2912 218 2957 post
237 2919 409 2946 reversus
423 2908 529 2947 bona
547 2908 705 2947 nomina
719 2908 800 2959 jam
822 2909 870 2946 ab
891 2907 974 2946 aliis
988 2914 1144 2953 exacta,
1160 2906 1264 2944 mala
1279 2905 1438 2956 reliqua,
1457 2904 1594 2955 deprc-

127 2966 258 3006 hendi.
317 2967 415 3007 Haec
435 2977 479 3008 ut
503 2983 593 3009 vere
613 2984 636 3008 a
660 2983 723 3008 me
744 2969 819 3008 dici
839 2976 1006 3015 constet,
1029 2969 1253 3009 testimonia
1271 2968 1381 3007 vobis
1401 2967 1594 3018 legentur.
