1915 3356
561 192 813 232 EXORDIA
843 189 1196 231 CONCIONUM.
1523 190 1595 227 811

834 344 904 383 IX.

197 425 238 464 Si
266 425 385 472 scitis,
408 424 680 470 Athenienses,
709 423 802 474 quid
834 422 884 461 de
917 424 1031 461 rebus
1065 422 1148 460 istis
1177 422 1284 460 factu
1319 422 1369 461 sit
1398 423 1600 475 optimum,

140 493 349 539 peccatum
370 494 430 527 est
449 500 514 525 eas
535 487 584 525 ad
606 485 899 523 deliberandum
919 497 1135 536 proponere
1154 497 1162 522 :
1184 496 1273 521 nam
1294 497 1380 534 quae
1408 485 1482 536 ipsi
1512 491 1602 524 ante

142 549 296 587 auditas
315 548 526 587 sententias
546 554 728 598 tanquam
748 547 894 598 optima
911 546 1096 598 probatis,
1113 558 1297 597 quorsum
1319 546 1462 584 eisdem
1492 548 1602 585 audi-

141 610 252 649 endis
268 611 412 649 frustra
431 609 593 648 obtundi
613 608 777 647 attinet?
810 609 878 646 Sin
898 608 1153 646 consideratis
1175 615 1215 646 et
1234 607 1470 658 deliberatis,
1490 610 1602 659 quasi

140 684 189 709 ex
208 671 268 710 his
296 685 382 723 quae
403 672 582 710 dicentur
602 670 852 709 statuendum
887 671 949 716 sit,
978 683 1056 708 non
1078 677 1225 709 rectum
1254 676 1313 708 est
1334 670 1364 707 si
1392 669 1457 721 qui
1482 670 1603 709 velint

139 733 195 772 eis
215 746 294 772 non
312 733 442 772 facere
462 733 615 772 dicendi
642 739 886 785 potestatem.
945 732 1008 770 Sic
1029 731 1132 770 enim
1146 733 1189 770 fit
1206 739 1250 769 ut
1269 732 1317 769 ab
1337 731 1436 778 aliis,
1457 731 1488 769 si
1509 732 1603 784 quid

139 795 232 833 utile
251 795 533 846 excogitarunt,
553 808 600 833 eo
625 808 694 833 vos
721 795 877 833 omnino
908 794 1108 846 privemini
1122 799 1141 832 τ’
1162 794 1239 839 alii,
1259 793 1411 832 omissis
1437 793 1496 832 his
1515 807 1603 845 quae

137 856 178 895 in
210 857 335 896 animo
355 857 565 903 habebant,
588 870 633 896 ea
654 857 846 895 suadeant
876 870 963 908 quae
981 870 1051 895 vos
1083 870 1224 908 cupere
1253 858 1473 908 opinantur.
1532 856 1605 895 Est

139 924 268 957 autem
299 933 433 958 eorum
462 919 527 970 qui
554 933 680 958 errare
709 915 857 965 volunt,
890 920 1045 970 adigere
1072 925 1262 957 oratorem
1284 918 1334 957 ad
1355 931 1401 956 ea
1418 931 1505 970 quae
1531 932 1604 958 vos

139 980 256 1019 vultis
275 981 467 1026 dicenda3
498 981 805 1027 deliberantium,
827 981 960 1020 audire
978 994 1064 1033 quae
1086 981 1166 1033 ejus
1189 981 1238 1019 sit
1257 980 1462 1027 sententia,
1482 994 1604 1032 eaque

140 1042 172 1080 si
189 1048 296 1081 recta
313 1043 362 1082 sit
380 1043 449 1081 uti.
508 1042 608 1081 Dico
633 1049 761 1081 autem
782 1043 882 1089 haec,
901 1056 980 1099 non
999 1043 1106 1094 quod
1132 1043 1191 1081 his
1213 1056 1301 1094 quae
1323 1043 1428 1081 vobis
1447 1043 1605 1094 placent

140 1104 331 1143 contraria
361 1104 524 1143 suadere
558 1104 698 1144 velim:
740 1105 810 1143 sed
843 1105 934 1156 quia
970 1105 1068 1143 illud
1105 1105 1197 1152 scio,
1229 1105 1260 1143 si
1292 1105 1605 1145 contradicentes

141 1165 273 1204 audire
305 1166 455 1213 noletis,
475 1179 542 1205 eos
569 1166 737 1206 dicturos
756 1180 825 1206 vos
851 1179 936 1206 esse
956 1167 1159 1220 deceptos;
1180 1167 1238 1205 sin
1260 1167 1457 1206 audieritis
1487 1175 1526 1207 et
1545 1181 1606 1207 as-

141 1228 246 1266 sensi
263 1241 341 1266 non
359 1227 521 1276 fueritis,
541 1241 631 1266 mox
650 1229 849 1280 apparebit
869 1241 938 1267 eos
959 1228 1150 1268 deteriora
1169 1228 1326 1268 dedisse
1347 1229 1523 1269 consilia.

847 1334 896 1371 X.

195 1401 368 1449 Arbitror
386 1423 522 1449 omnes
540 1424 621 1459 vos,
645 1410 922 1457 Athenienses,
957 1411 1185 1462 intelligere,
1217 1423 1286 1450 vos
1317 1411 1437 1450 hodie
1465 1425 1606 1452 conve-

141 1472 246 1511 nisse
275 1485 354 1511 non
383 1478 429 1510 ut
459 1472 582 1510 ullum
614 1472 846 1510 maleficium
878 1472 1061 1524 puniatis,
1082 1473 1150 1511 sed
1176 1479 1219 1510 ut
1245 1473 1294 1512 de
1325 1474 1490 1524 negotiis
1521 1473 1607 1513 istis

141 1534 403 1578 deliberetis„
434 1533 711 1573 Accusationes
734 1534 853 1585 igitur
883 1547 1017 1573 omnes
1055 1534 1278 1572 differendae
1309 1542 1413 1582 sunt,
1445 1548 1490 1573 ac
1524 1543 1607 1575 tum

142 1597 248 1650 apud
268 1610 338 1636 vos
365 1596 570 1635 dicendum
590 1602 726 1635 contra
745 1609 832 1634 eum
855 1610 971 1648 quem
992 1596 1063 1634 sibi
1089 1596 1354 1647 unusquisque
1375 1610 1607 1650 oppugnan-

142 1660 235 1698 dum
263 1659 454 1705 censebit,
474 1672 563 1697 cum
590 1658 780 1710 judicium
813 1659 861 1696 de
895 1659 1025 1709 aliquo
1055 1657 1271 1696 faciemus:
1312 1659 1419 1709 quod
1453 1660 1485 1698 si
1519 1661 1606 1711 quis

143 1721 238 1760 utile
263 1721 408 1773 aliquid
426 1720 532 1759 dictu
554 1727 623 1759 aut
636 1720 879 1759 conducibile
897 1721 1027 1766 habet,
1049 1720 1087 1757 id
1107 1733 1212 1758 nunc
1231 1721 1475 1771 pronunciet.
1506 1722 1608 1760 Nam

145 1796 330 1823 accusare
349 1796 480 1822 eorum
502 1790 575 1830 est,
595 1783 661 1835 qui
680 1796 741 1821 res
762 1789 892 1834 gestas
912 1783 1097 1834 culpant:
1139 1782 1288 1820 consilii
1309 1796 1400 1821 vero
1429 1784 1609 1835 capiendi

144 1845 373 1885 deliberatio
393 1845 441 1884 de
471 1846 585 1883 rebus
606 1844 860 1897 praesentibus
886 1851 953 1882 aut
980 1843 1118 1882 futuris
1153 1843 1377 1882 instituitur.
1436 1844 1607 1885 Proinde

142 1922 222 1948 non
242 1907 405 1947 convicii
423 1914 489 1946 aut
508 1906 819 1959 reprehensionis
839 1906 913 1944 hoc
932 1913 1100 1957 tempuS,
1120 1905 1188 1944 sed
1209 1905 1327 1943 dandi
1346 1905 1495 1944 consilii
1516 1907 1609 1946 mihi

143 1984 230 2010 esse
248 1970 416 2010 videtur.
469 1963 586 2008 Dabo
619 1969 736 2020 igitur
770 1981 926 2020 operam
952 1980 1002 2006 ne
1030 1968 1112 2019 ipse
1138 1966 1176 2005 id
1198 1967 1451 2015 committam,
1471 1968 1510 2005 in
1530 1982 1608 2020 quo

144 2033 240 2072 alios
260 2031 522 2085 reprehendo;
555 2037 606 2078 et,
625 2038 669 2068 ut
687 2043 774 2082 quae
796 2029 838 2068 in
867 2029 1076 2083 praesentia
1102 2029 1207 2068 factu
1226 2028 1431 2069 utilissima
1449 2042 1608 2078 censeo,

145 2095 344 2135 suadeam.

841 2197 912 2235 ΧΙ.

201 2279 414 2318 Neminem
439 2284 672 2331 negaturum
698 2277 846 2330 opinor,
875 2269 1147 2322 Athenienses,
1178 2274 1341 2327 improbi
1366 2281 1406 2313 et
1428 2274 1609 2314 malevoli

146 2355 233 2382 esse
264 2341 442 2388 hominis,
476 2341 531 2379 sic
553 2341 721 2393 aliquem
751 2353 801 2379 ex
820 2338 1110 2391 magistratibus
1129 2337 1191 2376 vel
1221 2349 1349 2375 amare
1370 2336 1429 2375 vel
1463 2337 1609 2384 odisse,

145 2411 203 2452 ut,
221 2404 402 2456 neglecta
421 2403 568 2455 reipub.
588 2403 769 2450 utilitate,
799 2403 1006 2442 conciones
1035 2400 1175 2451 partim
1206 2411 1254 2437 ex
1276 2398 1380 2446 odio,
1401 2399 1538 2450 partim
1558 2413 1610 2438 ex

146 2466 394 2506 aemulatione
412 2465 576 2504 habeat:
608 2479 694 2516 quae
713 2465 870 2516 quidam
887 2475 1102 2503 conscenso
1120 2468 1307 2512 suggestu
1328 2461 1490 2498 faciunt.
1522 2460 1610 2512 Ego

145 2542 238 2568 vero
254 2528 316 2567 his
345 2534 497 2567 tantum
518 2526 659 2574 dicam,
679 2541 745 2567 eos
765 2527 888 2566 videri
914 2526 1020 2570 mihi,
1042 2525 1114 2563 etsi
1141 2524 1217 2562 tale
1248 2523 1392 2575 aliquid
1423 2524 1611 2570 fecerunt,

142 2603 224 2629 non
260 2603 453 2629 summum
480 2597 685 2642 peccatum
715 2589 969 2634 commisisse,
992 2588 1060 2626 sed
1090 2586 1186 2625 illud
1216 2599 1298 2624 esse
1329 2585 1610 2637 gravissimum,

147 2653 253 2705 quod
270 2667 351 2706 prae
372 2667 413 2692 se
431 2653 563 2691 ferunt
583 2666 623 2691 se
643 2665 845 2704 nunquam
870 2651 984 2690 etiam
1017 2649 1126 2688 aliter
1154 2649 1280 2687 facere
1310 2654 1465 2698 paratos
1497 2660 1609 2686 esse:

146 2715 258 2754 vobis
277 2722 404 2755 autem
426 2715 626 2763 suaserim,
646 2728 709 2762 ne,
731 2715 885 2767 abjecta
903 2713 1020 2752 vestri
1041 2724 1145 2757 cura,
1170 2710 1263 2749 satis
1289 2710 1328 2747 id
1349 2722 1432 2747 esse
1452 2709 1611 2760 putetis,

150 2790 301 2816 sumere
330 2777 378 2816 de
412 2777 494 2816 istis
523 2790 673 2829 poenas,
692 2778 758 2816 ubi
778 2777 888 2815 vobis
918 2776 1042 2813 visum
1075 2773 1205 2818 fuerit,
1229 2772 1300 2810 nisi
1321 2772 1434 2810 etiam
1463 2771 1516 2809 eis
1544 2773 1613 2809 ob-

148 2838 293 2877 sistatis
313 2840 472 2878 summis
491 2840 646 2886 viribus,
674 2847 714 2878 et
734 2838 1062 2892 quemadmodum
1083 2837 1132 2875 de
1167 2837 1322 2887 Repub.
1354 2834 1613 2873 deliberantes

151 2900 276 2949 decet,
308 2901 468 2953 privatis
498 2903 811 2942 contentionibus
843 2901 1019 2947 sublatis,
1039 2899 1132 2952 quid
1158 2898 1312 2951 publice
1341 2897 1506 2936 maxime
1525 2909 1613 2949 pro-

152 2962 324 3003 futurum
362 2963 411 3003 sit
446 2964 731 3005 consideretis:
773 2962 1024 3017 cogitandum
1063 2962 1164 3001 enim
1203 2968 1277 3008 est,
1310 2972 1438 3012 neque
1478 2972 1612 3007 unum,
