1948 3306
346 177 422 214 768
819 176 1039 215 CONTRA
1070 174 1330 213 NEAERAM.

343 293 482 332 moque
506 278 759 333 jureJurando
789 279 895 327 dato,
925 293 1015 319 cum
1047 279 1126 318 tale
1157 286 1310 332 tempus
1331 284 1372 318 et
1400 276 1545 318 bellum
1577 278 1800 334 reipublicae

342 350 484 381 nostrae
516 342 732 391 incidisset,
752 343 791 381 in
811 356 888 396 quo
908 342 939 381 si
960 342 1199 388 vicissemus,
1229 341 1405 380 maximis
1434 340 1659 381 Graecorum
1687 344 1800 382 nobis

341 418 427 443 esse
461 404 617 452 licebat,
637 411 676 443 et
708 405 804 443 eitra
832 405 1132 443 controversiam
1166 410 1248 442 tum
1277 409 1412 442 nostra
1445 416 1683 455 recuperare,
1715 411 1799 444 tum

340 466 562 519 Philippum
592 466 802 514 debellare,
822 467 880 504 sin
900 479 1010 517 opem
1039 466 1208 516 segniter
1234 465 1468 512 tulissemus,
1485 470 1525 503 et
1543 466 1670 504 socios
1689 466 1799 505 dese-

340 528 562 576 ruissemus‚
580 537 737 581 propter
762 528 926 579 inopiam
945 527 1118 580 pecuniae
1138 527 1323 579 dissipato
1342 525 1525 574 exercitu,
1544 527 1800 566 metuendum

339 597 458 638 esset,
478 605 527 630 ne
545 592 617 630 hos
637 592 912 635 amitteremus,
942 596 982 628 et
1001 603 1024 628 a
1042 590 1180 628 ceteris
1196 589 1347 628 Graecis
1366 587 1538 641 perfidiae
1561 595 1800 636 notaremur,

340 660 379 691 et
406 653 454 691 de
485 653 740 704 reliquis—ut
767 652 928 698 Lemno,
948 657 992 688 ut
1018 651 1160 698 Imbro,
1179 658 1224 689 ut
1244 650 1377 703 Scyro,
1393 656 1440 688 ut
1458 649 1799 689 Chersoneso—in
1827 662 1831 670 ⁸

337 714 553 766 periculum
572 714 803 760 veniremus,
827 726 995 764 cumque
1020 725 1103 759 vos,
1123 713 1298 751 omnibus
1317 712 1464 751 civibus
1491 710 1655 760 eductis,
1680 725 1799 764 expe-

337 777 522 815 ditionem
559 783 598 814 et
634 775 684 814 ad
718 775 948 828 Olynthum,
977 782 1015 812 et
1051 774 1091 812 in
1125 774 1315 813 Euboeam
1345 774 1621 822 instituissetis,
1648 774 1800 827 scripsit

337 838 537 877 decretum
567 838 606 876 in
637 844 773 876 senatu
794 837 1055 889 Apollodorus
1079 842 1245 884 senator,
1270 843 1307 875 et
1333 835 1715 875 senatusconsultum
1747 836 1799 874 ad

337 901 525 952 populum
556 899 699 945 retulit,
718 905 763 937 ut
795 899 982 950 suffragia
1009 899 1125 937 ferret
1151 896 1332 950 populus,
1365 897 1583 949 placeretne
1611 898 1799 950 reliquam

335 962 581 1013 vectigalium
601 961 803 1012 pecuniam
823 974 906 1000 esse
927 961 1143 1007 militarem,
1164 973 1213 998 an
1226 959 1478 998 theatralem:
1505 972 1592 998 nam
1622 967 1663 998 et
1689 960 1797 1012 leges

331 1025 534 1075 jubebant,
553 1023 645 1062 belli
677 1023 915 1075 temporibus
949 1022 1126 1074 reliquias
1155 1021 1401 1072 vectigalium
1427 1034 1513 1060 esse
1540 1022 1739 1069 militares,
1759 1027 1800 1060 et

333 1099 453 1138 penes
481 1086 666 1138 populum
688 1100 774 1124 esse
794 1091 970 1138 oportere
990 1086 1165 1137 putabat,
1183 1090 1228 1122 ut
1258 1083 1291 1122 is
1323 1083 1371 1122 de
1400 1083 1479 1122 suis
1510 1096 1581 1122 suo
1612 1084 1799 1123 arbitratu

334 1155 536 1195 statueret,
555 1156 595 1187 et
606 1149 756 1201 jurarat
775 1161 817 1187 se
835 1148 981 1200 optima
999 1160 1204 1186 suasurum
1223 1160 1307 1185 esse
1325 1146 1471 1199 populo
1486 1146 1796 1194 Atheniensium,

332 1218 376 1249 ut
395 1224 462 1249 vos
482 1224 616 1249 omnes
636 1224 680 1249 eo
700 1218 871 1262 tempore
890 1211 1022 1262 testati
1042 1210 1150 1248 estis.
1206 1209 1310 1247 Latis
1336 1208 1436 1246 enim
1457 1208 1662 1260 suffragiis,
1681 1221 1796 1247 nemo

331 1273 548 1324 refragatus
568 1280 640 1320 est,
660 1286 736 1323 quo
756 1271 881 1310 minus
901 1286 949 1311 ea
973 1272 1140 1324 pecunia
1154 1270 1191 1308 in
1213 1270 1405 1322 stipendia
1419 1270 1583 1309 militum
1602 1270 1797 1309 conferre-

332 1341 416 1378 tur3
449 1342 563 1385 atque
582 1333 699 1372 hod-ie
714 1335 843 1381 etiam,
859 1334 889 1372 si
909 1334 1066 1385 quando
1081 1334 1224 1372 mentio
1239 1333 1385 1380 incidit,
1399 1333 1632 1371 confitentur
1647 1345 1795 1380 omnes,

331 1409 418 1443 cum
438 1396 648 1434 rectissime
669 1396 842 1442 dixisset,
864 1396 991 1447 inique
1010 1409 1097 1435 cum
1124 1409 1172 1434 eo
1196 1409 1280 1434 esse
1301 1402 1442 1434 actum.
1502 1394 1562 1433 Illi
1579 1395 1709 1450 igitur,
1729 1397 1793 1447 qui

330 1458 494 1496 Judices
526 1458 654 1496 verbis
695 1458 961 1501 circumvenit,
997 1458 1240 1497 irascendum
1274 1464 1345 1502 est,
1384 1469 1462 1495 non
1507 1457 1793 1497 circumventis.

331 1519 434 1559 Nam
456 1520 675 1572 Stephanus
693 1520 733 1558 id
752 1519 948 1558 decretum
974 1520 1202 1559 violatarum
1220 1519 1353 1571 legum
1377 1532 1486 1560 reum
1503 1518 1610 1566 fecit,
1629 1526 1667 1558 et
1687 1520 1795 1559 calu-

329 1582 501 1621 mniandi
519 1583 643 1634 gratia
661 1582 789 1621 forum
808 1583 1020 1634 ingressus,
1039 1582 1149 1622 falsis
1169 1583 1330 1622 testibus
1344 1582 1560 1634 produc—tis,
1576 1596 1665 1622 cum
1686 1591 1796 1623 extra

327 1658 486 1683 causam
517 1644 820 1691 declamitasset,
839 1646 1037 1684 decretum
1071 1644 1281 1684 damnavit.
1337 1645 1427 1689 Quo
1454 1646 1626 1697 perfecto
1651 1646 1683 1684 si
1707 1647 1792 1698 qui-

326 1720 458 1746 escere
477 1707 679 1754 voluisset,
697 1721 776 1746 non
806 1707 973 1759 graviter
991 1708 1176 1746 ferremus
1194 1720 1204 1745 ι
1235 1706 1306 1745 sed
1333 1720 1422 1746 cum
1446 1707 1550 1745 litem
1570 1708 1794 1747 aestimaturi

326 1770 349 1807 J
356 1769 490 1825 udices
510 1770 684 1808 calculos
705 1777 915 1817 sumerent,
930 1771 1126 1809 orantibus
1146 1770 1274 1816 nobis,
1291 1776 1335 1808 ut
1344 1769 1496 1808 veniam
1515 1770 1638 1817 daret,
1653 1770 1793 1820 noluit,

327 1832 395 1869 sed
415 1831 638 1882 quindecim
663 1831 819 1870 talentis
851 1832 958 1870 litem
988 1831 1206 1879 aestimavit,
1231 1837 1275 1869 ut
1301 1831 1512 1870 honoribus
1531 1832 1708 1884 privaretv
1732 1833 1790 1885 ip-

327 1907 428 1939 sum,
450 1902 489 1932 et
508 1894 649 1932 liberos
669 1894 768 1945 ejus,
797 1900 837 1933 et
855 1908 1026 1933 sororem
1052 1907 1192 1941 meam,
1220 1900 1260 1932 et
1277 1907 1349 1933 nos
1376 1895 1573 1933 universos
1593 1895 1644 1933 ad
1662 1902 1790 1935 extre-

326 1969 429 1994 mam
448 1956 614 2008 inopiam
639 1956 845 2008 redigeret,
866 1963 905 1995 et
931 1956 1132 2009 penuriam
1159 1956 1329 1995 omnium
1348 1970 1488 1995 rerum.
1544 1956 1647 1995 Nam
1675 1970 1736 1996 res
1755 1959 1791 1997 ei

324 2032 402 2056 non
421 2020 577 2057 omnino
596 2019 709 2057 trium
730 2018 964 2057 talentorum
985 2025 1092 2057 erat:
1122 2025 1166 2056 ut
1184 2025 1333 2057 tantam
1353 2019 1536 2057 mulctam
1557 2032 1636 2058 non
1656 2027 1791 2071 posset

324 2081 486 2120 solvere.
520 2081 619 2126 Quae
640 2081 671 2119 si
691 2088 864 2119 extremo
884 2088 1040 2120 senatus
1060 2088 1253 2120 conventu
1270 2094 1349 2120 non
1370 2081 1595 2129 solveretur,
1613 2081 1790 2134 duplica-

322 2145 450 2191 batur,
481 2144 537 2182 ita
568 2151 612 2182 ut
645 2143 904 2196 Apollodorus
933 2144 1202 2182 inscribendus
1239 2151 1342 2182 esset
1371 2143 1530 2195 triginta
1554 2143 1788 2184 talentorum

322 2205 473 2243 debitor
488 2219 497 2243 :
543 2219 621 2257 quo
638 2205 823 2258 inscripto
843 2207 880 2244 in
900 2205 1075 2258 publicas
1093 2206 1259 2252 tabulas,
1275 2219 1335 2244 res
1348 2206 1575 2258 Apollodori
1592 2206 1791 2246 familiaris

320 2266 571 2305 inscribenda
584 2268 669 2315 fuit,
684 2275 728 2306 ut
746 2268 942 2319 publicata
958 2282 967 2307 :
999 2281 1046 2306 ea
1057 2275 1185 2307 autem
1202 2268 1412 2314 divendita,
1427 2267 1590 2306 fortunis
1609 2268 1790 2308 omnibus

321 2329 446 2367 eversi
476 2343 664 2376 essemus,
683 2337 722 2367 et
741 2330 834 2382 ipse,
855 2338 895 2368 et
913 2330 1022 2368 liberi
1041 2330 1139 2381 ejus,
1159 2336 1199 2368 et
1215 2343 1327 2377 uxor,
1352 2343 1424 2367 nos
1444 2329 1612 2381 denique
1636 2343 1789 2369 omnes.

321 2391 456 2429 Altera
473 2399 663 2443 praeterea
681 2392 758 2430 filia
779 2399 943 2443 nuptum
963 2392 1104 2430 elocari
1130 2391 1234 2430 haud
1254 2391 1458 2443 potuisset.
1502 2392 1601 2435 Quis
1621 2392 1722 2430 enim
1738 2394 1787 2431 ab

320 2453 454 2491 aerario
473 2460 512 2490 et
531 2466 654 2504 egeno
673 2452 890 2491 indotatam
910 2452 1156 2504 accepisset?

375 2517 412 2553 3.
445 2515 489 2553 In
509 2521 621 2553 tanta
638 2515 755 2566 igitur
774 2515 878 2554 mala
896 2528 966 2553 nos
987 2528 1187 2570 nunquam
1205 2515 1324 2554 laesus
1354 2529 1377 2554 a
1401 2515 1512 2554 nobis
1537 2515 1786 2567 conjiciebat.

318 2577 524 2616 Judicibus
538 2584 681 2624 autem,
694 2578 758 2628 qui
778 2584 859 2615 tum
873 2578 938 2629 jus
955 2577 1149 2624 dixerunt,
1162 2578 1239 2616 hoc
1252 2577 1407 2629 quidem
1421 2577 1590 2626 nomine,
1601 2590 1786 2629 magnam

316 2639 443 2678 habeo
476 2639 652 2691 gratiam,
672 2640 778 2691 quod
808 2653 897 2677 eum
930 2639 1014 2678 tolli
1045 2653 1065 2677 e
1098 2640 1228 2678 medio
1256 2653 1334 2678 non
1365 2640 1551 2686 siverunt,
1581 2638 1651 2678 sed
1677 2639 1784 2678 litem

315 2702 462 2741 talento
481 2702 734 2748 aestimarunt,
753 2709 798 2740 ut
816 2716 918 2753 aegre
938 2708 1072 2754 posset
1091 2702 1252 2740 solvere.
1287 2702 1390 2740 Huic
1409 2702 1527 2753 igitur
1541 2701 1629 2753 jure
1649 2713 1783 2753 parem

314 2764 455 2803 referre
488 2765 651 2816 gratiam
679 2764 929 2802 instituimus,
987 2764 1026 2802 N
1033 2777 1076 2802 ec
1109 2764 1212 2802 enim
1243 2764 1318 2802 hac
1348 2770 1457 2815 parte
1490 2763 1681 2802 duntaxat
1711 2776 1783 2802 nos

315 2832 486 2864 evertere
507 2825 670 2873 studuit,
689 2826 756 2864 sed
779 2832 818 2864 et
837 2839 857 2865 e
878 2825 1001 2878 patria
1020 2825 1124 2864 hunc
1144 2825 1282 2877 ejicere
1296 2825 1431 2863 voluit.
1490 2823 1655 2876 Impegit
1679 2823 1782 2863 enim

313 2887 346 2924 ei
368 2887 507 2926 falsum
527 2888 687 2935 crimen,
707 2901 794 2926 eum
810 2887 990 2926 debuisse
1011 2887 1145 2926 aerario
1164 2887 1215 2926 ab
1234 2887 1345 2925 annis
1371 2887 1543 2937 quinque
1569 2892 1610 2925 et
1633 2885 1782 2938 viginti,

312 2949 608 3002 profectumque
643 2950 852 3002 aliquando
885 2950 1100 3003 Aphidnas,
1122 2949 1171 2989 ad
1198 2949 1403 3001 fugitivum
1430 2948 1480 2989 ibi
1508 2942 1778 3000 quaerendum,
