1948 3306
353 185 431 222 646
840 184 899 223 IN
931 185 1271 225 STEPHANUM
1302 187 1334 225 1.

352 300 434 334 eos,
453 287 518 340 qui
542 301 564 326 e
584 287 756 328 Barbaro
775 288 970 336 Graecum,
992 303 1013 328 e
1039 289 1230 342 mancipio
1256 291 1424 331 nobilem
1450 292 1640 341 fecerunt,
1659 293 1724 346 qui
1748 300 1808 332 tot

351 348 601 388 felicitatibus
620 358 820 396 ornarunt,
842 351 890 389 ab
915 364 963 390 eo
990 351 1135 402 negligi
1165 359 1336 390 extrema
1369 352 1498 405 inopia
1524 355 1807 403 conflictantes,

350 424 439 450 cum
458 424 537 450 rem
556 411 698 451 habeat
715 419 755 450 et
771 412 923 451 divitias
940 427 949 451 :
971 419 1010 451 et
1029 425 1075 451 ea
1093 426 1176 451 esse
1195 414 1446 466 impudentia,
1466 422 1524 461 ut,
1547 429 1662 468 quam
1680 418 1804 456 fortu-

349 487 440 513 nam
460 487 484 512 a
500 474 609 512 nobis
628 475 789 526 accepit,
810 475 858 512 de
877 488 923 513 ea
941 475 1124 526 impertiri
1139 476 1246 514 nobis
1266 489 1343 514 non
1363 476 1519 515 audeat.
1566 478 1620 516 At
1637 491 1713 516 non
1734 479 1805 517 du-

349 536 487 575 bitavit
505 536 647 576 ducere
670 537 878 584 dominam,
899 543 938 575 et
963 551 1048 575 eam
1075 537 1217 575 habere
1246 538 1285 575 in
1315 538 1572 585 matrimonio,
1603 553 1690 591 quae
1716 553 1805 579 eum

351 611 485 637 recens
503 598 732 650 mancipium
764 605 844 637 tum
872 611 959 637 cum
987 606 1139 650 emptus
1168 599 1240 637 fuit
1268 600 1452 638 initiarat:
1485 614 1558 639 nec
1583 602 1715 640 dotem
1735 602 1805 640 sibi
1828 638 1833 648 ,

350 661 524 713 quinque
543 660 690 698 talenta
709 660 887 707 scribere,
907 667 1081 712 excepta,
1101 674 1219 712 quam
1237 668 1360 700 mater
1377 662 1525 710 habuit,
1544 676 1697 715 quaque
1723 662 1806 715 ipse

348 723 497 774 potitus
515 728 587 769 est,
605 735 745 774 magna
773 723 951 774 pecunia.
1008 722 1111 766 Quid
1141 723 1243 761 enim
1270 736 1359 761 eum
1377 724 1520 775 putatis
1538 724 1577 762 in
1596 732 1806 764 testamen-

348 783 696 836 tuminscripsisse,
717 791 766 822 et
794 792 988 823 caetera
1015 797 1124 836 quae
1150 784 1322 831 habet,
1339 785 1629 838 Archippae
1652 786 1806 839 lego?

348 853 500 884 nostras
519 853 649 884 autem
676 846 786 892 filias,
808 860 896 897 quae
916 847 1019 885 domi
1038 853 1193 899 propter
1211 853 1424 898 egestatem
1443 848 1600 887 coelibes
1618 862 1805 889 consene-

348 915 470 955 scent,
489 908 664 960 negligit.
720 908 837 952 Quod
865 908 896 946 si
920 909 993 947 iste
1012 922 1162 960 pauper
1180 916 1296 956 esset,
1315 922 1388 948 nos
1407 923 1497 949 vero
1516 910 1745 963 locupleteS‚
1766 917 1806 950 et

347 970 454 1015 mihi,
476 976 519 1008 ut
538 970 659 1007 multa
684 969 829 1007 homini
854 976 1031 1022 possunt,
1051 970 1194 1022 aliquid
1222 970 1442 1018 accidisset,
1460 971 1570 1010 istius
1600 973 1669 1011 filii
1699 986 1806 1011 meas

346 1030 446 1069 filia-s
461 1031 531 1069 sibi
551 1031 634 1070 dari
652 1031 907 1082 postularent,
925 1045 1032 1070 servo
1048 1032 1127 1070 nati
1146 1031 1304 1070 heriles:
1326 1031 1506 1070 avunculi
1525 1033 1626 1071 enim
1644 1033 1698 1071 eis
1715 1040 1806 1072 sunt

343 1099 549 1145 propterea
579 1093 683 1145 quod
716 1101 874 1132 matrem
907 1094 978 1132 iste
1010 1106 1136 1133 meam
1166 1093 1290 1132 duxit.
1334 1093 1546 1146 Postquam
1576 1102 1706 1134 autem
1733 1107 1805 1133 nos

346 1155 481 1207 inopes
511 1159 660 1204 sumus,
688 1169 766 1194 non
798 1156 998 1208 adjuvabit
1026 1170 1092 1194 eas
1125 1163 1169 1194 ut
1201 1156 1423 1195 elocentur:
1461 1156 1531 1195 sed
1564 1163 1738 1196 recenset
1769 1163 1807 1196 et

345 1223 557 1268 computat,
576 1223 759 1269 quantum
780 1231 854 1269 ego
873 1218 1050 1269 pecuniae
1069 1218 1244 1257 habeam.
1285 1218 1400 1265 Nam,
1419 1218 1526 1270 quod
1545 1219 1716 1257 omniurn
1735 1219 1807 1256 ini-

344 1279 572 1331 quissimum
592 1286 662 1326 est,
683 1281 767 1333 ejus
786 1293 864 1331 qua
883 1293 954 1318 nos
973 1280 1165 1319 fraudavit
1182 1280 1372 1332 pecuniae,
1392 1279 1539 1319 nullam
1559 1281 1598 1319 in
1616 1281 1720 1319 hunc
1739 1293 1804 1319 us·

345 1354 422 1392 que
441 1341 540 1380 diem
566 1342 754 1381 rationem
777 1343 938 1381 reddere
957 1342 1089 1391 voluit,
1108 1343 1180 1381 sed
1205 1343 1454 1394 exceptiones
1474 1342 1636 1396 opponit
1656 1343 1705 1381 de
1726 1355 1806 1381 non

345 1403 478 1442 danda
496 1405 607 1443 nobis
627 1406 796 1443 actione:
827 1419 915 1456 quae
935 1412 1063 1443 autem
1083 1419 1103 1444 e
1123 1405 1341 1457 patrimonii
1368 1405 1572 1457 partitione
1592 1405 1739 1457 accepi,
1759 1418 1806 1443 ea

344 1473 557 1518 computat.
593 1468 706 1506 Acin
727 1474 890 1506 caeteros
911 1468 1066 1519 quidem
1087 1481 1218 1507 servos
1239 1481 1262 1506 a
1280 1468 1444 1506 dominis
1465 1467 1602 1519 inquiri
1619 1467 1804 1507 videatis:

343 1526 417 1566 iste
437 1536 571 1567 contra
597 1529 636 1567 in
665 1530 862 1568 dominum
885 1542 1019 1568 servus
1047 1529 1216 1582 inquirit,
1236 1542 1282 1568 ea
1299 1542 1340 1568 re
1360 1528 1508 1568 scilicet
1529 1529 1744 1581 improbum
1765 1536 1805 1568 et

341 1591 549 1642 prodigum
568 1606 652 1631 esse
674 1607 736 1631 me
761 1599 1006 1631 ostensurus.

399 1654 464 1690 21.
487 1653 575 1704 Ego
593 1668 696 1701 vero,
713 1654 986 1701 Athenienses,
1001 1654 1106 1705 quod
1122 1653 1172 1692 ad
1187 1627 1500 1701 facieihabitum,
1514 1659 1554 1692 et
1565 1653 1804 1693 celeritatem

343 1715 533 1764 incessus,
553 1724 592 1755 et
610 1717 914 1769 magnitudinem
935 1717 1042 1756 vocis
1063 1717 1211 1764 attinet,
1230 1729 1308 1754 non
1335 1716 1375 1754 in
1398 1716 1442 1754 iis
1471 1729 1533 1754 me
1556 1729 1718 1755 numero
1739 1717 1805 1769 qui

343 1786 518 1818 naturam
539 1780 742 1832 propitiam
761 1780 1000 1818 habuerunt:
1021 1779 1159 1830 quibus
1179 1778 1282 1816 enirn
1301 1778 1415 1816 rebus
1435 1778 1516 1816 sine
1535 1791 1622 1817 mea
1639 1778 1805 1817 utilitate

343 1843 578 1893 quibusdam
598 1856 684 1880 sum
705 1843 906 1889 molestus,
926 1856 984 1880 eae
1010 1841 1101 1879 mihi
1128 1853 1393 1893 saepenumero
1411 1839 1716 1888 incommodant,
1735 1841 1804 1880 sed

345 1905 446 1956 quod
483 1905 533 1943 ad
565 1918 630 1943 eos
659 1913 833 1956 sumptus
863 1918 996 1943 omnes
1029 1904 1167 1942 attinet
1189 1903 1255 1955 qui
1291 1903 1341 1942 ad
1375 1902 1562 1954 meipsum
1594 1904 1804 1955 pertinent,

344 1968 468 2006 multo
486 1967 675 2018 frugalius
697 1967 784 2013 isto,
805 1974 844 2004 et
863 1967 945 2005 aliis
965 1966 1139 2018 ejusdem
1161 1965 1323 2017 generis,
1341 1965 1467 2003 vivere
1487 1977 1548 2002 me
1566 1964 1774 2004 constabit.

397 2032 461 2067 22.
484 2031 582 2073 Quae
602 2043 692 2068 vero
712 2030 749 2067 in
770 2029 955 2081 rempubl.
977 2036 1015 2067 et
1034 2029 1072 2066 in
1087 2041 1155 2066 vos
1171 2027 1408 2066 conferenda
1421 2033 1523 2072 sunt,
1538 2040 1654 2078 quam
1672 2027 1801 2078 splen-

343 2091 541 2130 didissime
569 2106 744 2144 possum,
763 2099 801 2130 et
825 2093 879 2129 ita
907 2099 950 2129 ut
981 2104 1049 2130 vos
1078 2091 1221 2129 conscii
1253 2090 1360 2138 estis,
1388 2088 1629 2128 administro.
1659 2089 1800 2140 Neque

341 2156 444 2193 enim
462 2156 535 2194 hoc
556 2155 704 2207 ignom,
725 2155 833 2192 vobis
854 2155 918 2206 qui
939 2154 1042 2193 cives
1063 2154 1142 2192 nati
1163 2154 1256 2192 estis
1275 2152 1367 2191 satis
1387 2165 1475 2190 esse
1493 2151 1600 2190 obire
1626 2164 1801 2198 munera,

340 2223 383 2255 ut
402 2218 509 2269 leges
529 2218 686 2270 jubent:
709 2218 820 2256 nobis
837 2224 966 2256 autem
987 2217 1144 2255 adscitis
1163 2223 1202 2254 et
1220 2216 1327 2255 velut
1345 2213 1537 2267 adoptatis
1551 2214 1606 2252 sic
1621 2213 1802 2252 obeunda

340 2291 500 2317 munera
519 2286 623 2324 sunt,
645 2286 688 2317 ut
706 2280 814 2318 vobis
834 2280 976 2318 referre
996 2278 1158 2330 gratiam
1176 2277 1390 2316 videamur.
1447 2276 1509 2314 Ne
1529 2275 1647 2326 igitur
1666 2287 1715 2313 ea
1733 2288 1800 2313 ex-

340 2342 492 2392 probra,
512 2349 668 2393 propter
692 2356 778 2393 quae
804 2342 957 2380 laudem
985 2354 1151 2379 mereor:
1183 2340 1252 2378 sed
1279 2351 1499 2391 quemnam,
1521 2335 1718 2383 Phormio,
1746 2336 1801 2374 ci-

338 2402 458 2449 vium,
477 2410 519 2440 ut
538 2409 592 2449 tu,
613 2404 781 2441 conduxi
802 2404 850 2441 ad
867 2402 1093 2441 libidinem?
1129 2401 1349 2440 Ostendito.
1384 2401 1510 2445 Quem
1530 2398 1698 2445 civitate,
1711 2411 1799 2450 quae

340 2464 409 2503 tibi
423 2465 652 2503 liberalitate
672 2465 804 2517 populi
824 2464 999 2516 contigit,
1019 2471 1059 2502 et
1077 2463 1254 2502 libertate
1268 2463 1369 2502 civili
1384 2460 1559 2514 spoliavi,
1574 2466 1619 2499 ut
1637 2465 1683 2499 tu
1696 2473 1798 2508 eum,

338 2540 454 2579 quem
474 2527 614 2579 probro
627 2527 810 2566 affecisti?
842 2527 965 2579 Cujus
981 2539 1140 2564 uxorem
1156 2538 1230 2577 ego
1244 2524 1408 2576 corrupi,
1421 2529 1467 2561 ut.
1480 2529 1536 2570 tu,
1549 2527 1688 2574 praeter
1702 2520 1799 2560 alias

339 2590 498 2641 multas,
518 2603 602 2628 eam
631 2590 761 2637 etiam,
781 2589 841 2628 cui
869 2595 1164 2627 monumentum
1192 2588 1265 2626 iste
1295 2586 1368 2625 diis
1399 2585 1560 2632 invisus,
1579 2596 1699 2635 prope
1727 2582 1798 2622 do-

339 2652 452 2689 minae
473 2651 676 2699 tumulum,
695 2650 901 2698 exstruxit,
920 2650 1084 2702 amplius
1104 2649 1256 2688 duobus
1276 2647 1434 2686 talentis
1452 2644 1688 2697 insumptis?
1729 2657 1798 2683 ne-

339 2727 415 2764 que
434 2713 716 2759 animadvertit,
737 2713 940 2751 aedificium
959 2712 1055 2750 illud
1072 2719 1150 2750 tam
1164 2709 1426 2762 magnificum,
1441 2721 1520 2747 non
1533 2706 1712 2759 sepulcri,
1728 2706 1800 2746 sed

339 2776 500 2828 injuriae,
515 2789 591 2828 qua
604 2776 670 2814 illa
682 2783 839 2828 propter
857 2776 973 2814 istum
993 2774 1173 2813 maritum
1189 2772 1386 2819 affecerat,
1400 2771 1482 2810 fore
1500 2770 1795 2809 monimentum.

337 2838 485 2877 Tamen
500 2839 583 2877 istis
603 2838 849 2888 facinoribus,
865 2845 905 2876 et
923 2837 1063 2876 talibus
1082 2835 1306 2888 petulantiae
1319 2841 1398 2873 tuae
1415 2831 1647 2872 testimoniis
1666 2838 1796 2870 osten-

336 2900 441 2948 tatis,
462 2900 618 2939 alterius
638 2902 752 2940 vitam
773 2900 968 2953 exagitare
988 2898 1134 2938 audes?
1176 2897 1349 2937 Interdiu
1368 2903 1410 2936 tu
1434 2895 1630 2936 modestus
1650 2907 1706 2941 εις,
1725 2905 1794 2932 no-

338 2969 403 3002 ctu
423 2969 550 3002 autem
572 2976 617 3002 ea
635 2963 830 3014 designas,
850 2975 936 3014 quae
956 2962 1137 3015 capitalia
1155 2966 1258 3000 sunt.
