<?xml version="1.0" encoding="UTF-8"?>
<!DOCTYPE html PUBLIC "-//W3C//DTD XHTML 1.0 Transitional//EN"
    "http://www.w3.org/TR/xhtml1/DTD/xhtml1-transitional.dtd">
<html xmlns="http://www.w3.org/1999/xhtml" xml:lang="en" lang="en">
 <head>
  <title>
</title>
<meta http-equiv="Content-Type" content="text/html;charset=utf-8" />
  <meta name='ocr-system' content='tesseract 3.04.00' />
  <meta name='ocr-capabilities' content='ocr_page ocr_carea ocr_par ocr_line ocrx_word'/>
</head>
<body>
  <div class='ocr_page' id='page_1' title='image "./oratoresatticie16dobs_0120.png"; bbox 0 0 1948 3306; ppageno 0'>
   <div class='ocr_carea' id='block_1_1' title="bbox 324 191 1418 232">
    <p class='ocr_par' dir='ltr' id='par_1_1' title="bbox 324 191 1418 232">
     <span class='ocr_line' id='line_1_1' title="bbox 324 191 1418 232; baseline -0.001 -1"><span class='ocrx_word' id='word_1_1' title='bbox 324 194 402 232; x_wconf 75' lang='lat'>620</span> <span class='ocrx_word' id='word_1_2' title='bbox 695 191 986 230; x_wconf 81' lang='lat' dir='ltr'>ADVERSUS</span> <span class='ocrx_word' id='word_1_3' title='bbox 1018 192 1418 231; x_wconf 85' lang='lat' dir='ltr'><strong>MACARTATUM.</strong></span> 
     </span>
    </p>
   </div>
   <div class='ocr_carea' id='block_1_2' title="bbox 325 295 1833 1517">
    <p class='ocr_par' dir='ltr' id='par_1_2' title="bbox 325 295 1792 404">
     <span class='ocr_line' id='line_1_2' title="bbox 325 295 1788 347; baseline 0.001 -13"><span class='ocrx_word' id='word_1_4' title='bbox 325 297 416 334; x_wconf 75' lang='lat' dir='ltr'>tiam</span> <span class='ocrx_word' id='word_1_5' title='bbox 437 295 580 333; x_wconf 71' lang='lat' dir='ltr'>habeat</span> <span class='ocrx_word' id='word_1_6' title='bbox 596 309 672 334; x_wconf 88' lang='lat' dir='ltr'>non</span> <span class='ocrx_word' id='word_1_7' title='bbox 693 297 804 334; x_wconf 87' lang='lat' dir='ltr'>nobis</span> <span class='ocrx_word' id='word_1_8' title='bbox 826 296 893 334; x_wconf 81' lang='lat' dir='ltr'>sed</span> <span class='ocrx_word' id='word_1_9' title='bbox 915 297 1095 342; x_wconf 82' lang='lat' dir='ltr'>fortunae‚</span> <span class='ocrx_word' id='word_1_10' title='bbox 1114 297 1218 347; x_wconf 87' lang='lat' dir='ltr'>quod</span> <span class='ocrx_word' id='word_1_11' title='bbox 1235 297 1366 334; x_wconf 90' lang='lat' dir='ltr'>multae</span> <span class='ocrx_word' id='word_1_12' title='bbox 1381 305 1420 335; x_wconf 87' lang='lat' dir='ltr'>et</span> <span class='ocrx_word' id='word_1_13' title='bbox 1440 298 1669 335; x_wconf 71' lang='lat' dir='ltr'>necessariae</span> <span class='ocrx_word' id='word_1_14' title='bbox 1689 297 1788 336; x_wconf 86' lang='lat' dir='ltr'>dila-</span> 
     </span>
     <span class='ocr_line' id='line_1_3' title="bbox 327 358 1792 404; baseline 0.001 -8"><span class='ocrx_word' id='word_1_15' title='bbox 327 358 451 396; x_wconf 77' lang='lat' dir='ltr'>tiones</span> <span class='ocrx_word' id='word_1_16' title='bbox 471 358 623 396; x_wconf 86' lang='lat' dir='ltr'>interim</span> <span class='ocrx_word' id='word_1_17' title='bbox 643 358 875 404; x_wconf 90' lang='lat' dir='ltr'>inciderunt,</span> <span class='ocrx_word' id='word_1_18' title='bbox 896 364 941 396; x_wconf 89' lang='lat' dir='ltr'>ut</span> <span class='ocrx_word' id='word_1_19' title='bbox 960 371 1063 396; x_wconf 88' lang='lat' dir='ltr'>nunc</span> <span class='ocrx_word' id='word_1_20' title='bbox 1083 358 1238 396; x_wconf 89' lang='lat' dir='ltr'>demum</span> <span class='ocrx_word' id='word_1_21' title='bbox 1259 359 1307 397; x_wconf 90' lang='lat' dir='ltr'>de</span> <span class='ocrx_word' id='word_1_22' title='bbox 1327 359 1381 397; x_wconf 90' lang='lat' dir='ltr'>eis</span> <span class='ocrx_word' id='word_1_23' title='bbox 1404 358 1609 398; x_wconf 84' lang='lat' dir='ltr'>nobiscum</span> <span class='ocrx_word' id='word_1_24' title='bbox 1628 366 1792 398; x_wconf 82' lang='lat' dir='ltr'>certent.</span> 
     </span>
    </p>

    <p class='ocr_par' dir='ltr' id='par_1_3' title="bbox 328 413 1833 1517">
     <span class='ocr_line' id='line_1_4' title="bbox 386 413 1792 474; baseline 0.002 -17"><span class='ocrx_word' id='word_1_25' title='bbox 386 421 446 457; x_wconf 87' lang='lat'>16.</span> <span class='ocrx_word' id='word_1_26' title='bbox 478 419 547 459; x_wconf 84' lang='lat' dir='ltr'>Isti</span> <span class='ocrx_word' id='word_1_27' title='bbox 566 426 694 459; x_wconf 86' lang='lat' dir='ltr'>autem</span> <span class='ocrx_word' id='word_1_28' title='bbox 714 420 812 459; x_wconf 90' lang='lat' dir='ltr'>tales</span> <span class='ocrx_word' id='word_1_29' title='bbox 830 420 1006 458; x_wconf 89' lang='lat' dir='ltr'>homines</span> <span class='ocrx_word' id='word_1_30' title='bbox 1028 428 1133 467; x_wconf 87' lang='lat' dir='ltr'>sunt,</span> <span class='ocrx_word' id='word_1_31' title='bbox 1150 421 1325 468; x_wconf 81' lang='lat' dir='ltr'>Judices,</span> <span class='ocrx_word' id='word_1_32' title='bbox 1339 428 1383 459; x_wconf 84' lang='lat' dir='ltr'>ut</span> <span class='ocrx_word' id='word_1_33' title='bbox 1398 421 1493 459; x_wconf 89' lang='lat' dir='ltr'>nihil</span> <span class='ocrx_word' id='word_1_34' title='bbox 1507 428 1653 469; x_wconf 84' lang='lat' dir='ltr'>curent,</span> <span class='ocrx_word' id='word_1_35' title='bbox 1664 413 1792 474; x_wconf 85' lang='lat' dir='ltr'>neque</span> 
     </span>
     <span class='ocr_line' id='line_1_5' title="bbox 328 482 1792 535; baseline 0.003 -16"><span class='ocrx_word' id='word_1_36' title='bbox 328 482 516 520; x_wconf 80' lang='lat' dir='ltr'>familiam</span> <span class='ocrx_word' id='word_1_37' title='bbox 536 483 706 534; x_wconf 87' lang='lat' dir='ltr'>Hagniae</span> <span class='ocrx_word' id='word_1_38' title='bbox 725 483 956 528; x_wconf 82' lang='lat' dir='ltr'>desolatam,</span> <span class='ocrx_word' id='word_1_39' title='bbox 973 496 1100 534; x_wconf 89' lang='lat' dir='ltr'>neque</span> <span class='ocrx_word' id='word_1_40' title='bbox 1119 490 1273 530; x_wconf 65' lang='lat' dir='ltr'>caetera,</span> <span class='ocrx_word' id='word_1_41' title='bbox 1292 484 1331 521; x_wconf 89' lang='lat' dir='ltr'>in</span> <span class='ocrx_word' id='word_1_42' title='bbox 1350 483 1489 535; x_wconf 89' lang='lat' dir='ltr'>quibus</span> <span class='ocrx_word' id='word_1_43' title='bbox 1504 483 1615 535; x_wconf 77' lang='lat' dir='ltr'>leges</span> <span class='ocrx_word' id='word_1_44' title='bbox 1631 484 1792 524; x_wconf 87' lang='lat' dir='ltr'>violant.</span> 
     </span>
     <span class='ocr_line' id='line_1_6' title="bbox 330 544 1793 598; baseline 0.001 -16"><span class='ocrx_word' id='word_1_45' title='bbox 330 544 408 589; x_wconf 87' lang='lat' dir='ltr'>Qui</span> <span class='ocrx_word' id='word_1_46' title='bbox 448 544 616 596; x_wconf 86' lang='lat' dir='ltr'>quidem,</span> <span class='ocrx_word' id='word_1_47' title='bbox 647 544 740 595; x_wconf 86' lang='lat' dir='ltr'>proh</span> <span class='ocrx_word' id='word_1_48' title='bbox 779 544 911 582; x_wconf 89' lang='lat' dir='ltr'>divum</span> <span class='ocrx_word' id='word_1_49' title='bbox 948 544 1224 596; x_wconf 87' lang='lat' dir='ltr'><strong>hominumque</strong></span> <span class='ocrx_word' id='word_1_50' title='bbox 1263 545 1599 598; x_wconf 86' lang='lat' dir='ltr'>fidem,—-reliqua</span> <span class='ocrx_word' id='word_1_51' title='bbox 1637 558 1793 585; x_wconf 85' lang='lat' dir='ltr'>narrare</span> 
     </span>
     <span class='ocr_line' id='line_1_7' title="bbox 331 605 1795 657; baseline 0.001 -13"><span class='ocrx_word' id='word_1_52' title='bbox 331 616 514 657; x_wconf 85' lang='lat' dir='ltr'>quorsum</span> <span class='ocrx_word' id='word_1_53' title='bbox 538 605 745 644; x_wconf 70' lang='lat' dir='ltr'>attineret?</span> <span class='ocrx_word' id='word_1_54' title='bbox 782 605 903 643; x_wconf 89' lang='lat' dir='ltr'>multa</span> <span class='ocrx_word' id='word_1_55' title='bbox 928 606 1032 643; x_wconf 87' lang='lat' dir='ltr'>enirn</span> <span class='ocrx_word' id='word_1_56' title='bbox 1058 606 1134 645; x_wconf 86' lang='lat' dir='ltr'>dici</span> <span class='ocrx_word' id='word_1_57' title='bbox 1166 613 1378 657; x_wconf 72' lang='lat' dir='ltr'>queant—‚</span> <span class='ocrx_word' id='word_1_58' title='bbox 1406 619 1526 645; x_wconf 90' lang='lat' dir='ltr'>unum</span> <span class='ocrx_word' id='word_1_59' title='bbox 1559 607 1724 646; x_wconf 84' lang='lat' dir='ltr'>maxime</span> <span class='ocrx_word' id='word_1_60' title='bbox 1755 614 1795 645; x_wconf 91' lang='lat' dir='ltr'>et</span> 
     </span>
     <span class='ocr_line' id='line_1_8' title="bbox 331 667 1795 720; baseline 0 -14"><span class='ocrx_word' id='word_1_61' title='bbox 331 668 520 706; x_wconf 87' lang='lat' dir='ltr'>nefarium</span> <span class='ocrx_word' id='word_1_62' title='bbox 540 675 579 705; x_wconf 88' lang='lat' dir='ltr'>et</span> <span class='ocrx_word' id='word_1_63' title='bbox 598 667 749 719; x_wconf 79' lang='lat' dir='ltr'>legibus</span> <span class='ocrx_word' id='word_1_64' title='bbox 782 668 1017 705; x_wconf 75' lang='lat' dir='ltr'>contrarium</span> <span class='ocrx_word' id='word_1_65' title='bbox 1044 668 1199 706; x_wconf 88' lang='lat' dir='ltr'>facinus</span> <span class='ocrx_word' id='word_1_66' title='bbox 1227 674 1511 719; x_wconf 85' lang='lat' dir='ltr'>perpetrarunt,</span> <span class='ocrx_word' id='word_1_67' title='bbox 1541 681 1619 719; x_wconf 90' lang='lat' dir='ltr'>quo</span> <span class='ocrx_word' id='word_1_68' title='bbox 1639 668 1795 720; x_wconf 89' lang='lat' dir='ltr'>potissi—</span> 
     </span>
     <span class='ocr_line' id='line_1_9' title="bbox 329 729 1795 781; baseline 0 -13"><span class='ocrx_word' id='word_1_69' title='bbox 329 743 437 768; x_wconf 90' lang='lat' dir='ltr'>mum</span> <span class='ocrx_word' id='word_1_70' title='bbox 458 729 725 776; x_wconf 86' lang='lat' dir='ltr'>ostenderunt,</span> <span class='ocrx_word' id='word_1_71' title='bbox 752 729 823 766; x_wconf 84' lang='lat' dir='ltr'>sibi</span> <span class='ocrx_word' id='word_1_72' title='bbox 841 729 932 767; x_wconf 87' lang='lat' dir='ltr'>nihil</span> <span class='ocrx_word' id='word_1_73' title='bbox 954 729 1059 767; x_wconf 87' lang='lat' dir='ltr'>aliud</span> <span class='ocrx_word' id='word_1_74' title='bbox 1080 742 1167 767; x_wconf 91' lang='lat' dir='ltr'>esse</span> <span class='ocrx_word' id='word_1_75' title='bbox 1187 743 1291 767; x_wconf 82' lang='lat' dir='ltr'>curae</span> <span class='ocrx_word' id='word_1_76' title='bbox 1317 729 1389 768; x_wconf 89' lang='lat' dir='ltr'>nisi</span> <span class='ocrx_word' id='word_1_77' title='bbox 1414 730 1634 781; x_wconf 86' lang='lat' dir='ltr'>pecuniam.</span> <span class='ocrx_word' id='word_1_78' title='bbox 1690 730 1795 768; x_wconf 88' lang='lat' dir='ltr'>Nam</span> 
     </span>
     <span class='ocr_line' id='line_1_10' title="bbox 332 791 1794 844; baseline 0 -14"><span class='ocrx_word' id='word_1_79' title='bbox 332 804 422 830; x_wconf 91' lang='lat' dir='ltr'>cum</span> <span class='ocrx_word' id='word_1_80' title='bbox 449 791 615 843; x_wconf 89' lang='lat' dir='ltr'>primum</span> <span class='ocrx_word' id='word_1_81' title='bbox 644 791 921 842; x_wconf 85' lang='lat' dir='ltr'>Theopompus</span> <span class='ocrx_word' id='word_1_82' title='bbox 952 791 1157 830; x_wconf 90' lang='lat' dir='ltr'>nobiscum</span> <span class='ocrx_word' id='word_1_83' title='bbox 1186 791 1235 830; x_wconf 90' lang='lat' dir='ltr'>de</span> <span class='ocrx_word' id='word_1_84' title='bbox 1267 791 1495 830; x_wconf 83' lang='lat' dir='ltr'>haereditate</span> <span class='ocrx_word' id='word_1_85' title='bbox 1527 791 1696 844; x_wconf 81' lang='lat' dir='ltr'>Hagniae</span> <span class='ocrx_word' id='word_1_86' title='bbox 1735 792 1794 830; x_wconf 87' lang='lat' dir='ltr'>di-</span> 
     </span>
     <span class='ocr_line' id='line_1_11' title="bbox 334 853 1796 906; baseline 0 -13"><span class='ocrx_word' id='word_1_87' title='bbox 334 860 543 906; x_wconf 87' lang='lat' dir='ltr'>sceptarat,</span> <span class='ocrx_word' id='word_1_88' title='bbox 564 867 611 893; x_wconf 94' lang='lat' dir='ltr'>eo</span> <span class='ocrx_word' id='word_1_89' title='bbox 631 854 761 900; x_wconf 84' lang='lat' dir='ltr'>modo,</span> <span class='ocrx_word' id='word_1_90' title='bbox 783 855 896 906; x_wconf 72' lang='lat' dir='ltr'>quein</span> <span class='ocrx_word' id='word_1_91' title='bbox 919 854 1095 901; x_wconf 83' lang='lat' dir='ltr'>audistis,</span> <span class='ocrx_word' id='word_1_92' title='bbox 1116 854 1246 893; x_wconf 87' lang='lat' dir='ltr'>statim</span> <span class='ocrx_word' id='word_1_93' title='bbox 1262 853 1473 893; x_wconf 85' lang='lat' dir='ltr'>declaravit</span> <span class='ocrx_word' id='word_1_94' title='bbox 1493 854 1713 893; x_wconf 72' lang='lat' dir='ltr'>existimare</span> <span class='ocrx_word' id='word_1_95' title='bbox 1738 867 1796 901; x_wconf 89' lang='lat' dir='ltr'>se,</span> 
     </span>
     <span class='ocr_line' id='line_1_12' title="bbox 331 916 1796 969; baseline 0 -15"><span class='ocrx_word' id='word_1_96' title='bbox 331 916 457 955; x_wconf 82' lang='lat' dir='ltr'>aliena</span> <span class='ocrx_word' id='word_1_97' title='bbox 477 930 518 955; x_wconf 89' lang='lat' dir='ltr'>se</span> <span class='ocrx_word' id='word_1_98' title='bbox 538 929 741 968; x_wconf 87' lang='lat' dir='ltr'>occupare.</span> <span class='ocrx_word' id='word_1_99' title='bbox 800 916 917 960; x_wconf 87' lang='lat' dir='ltr'>Quod</span> <span class='ocrx_word' id='word_1_100' title='bbox 946 916 1048 954; x_wconf 87' lang='lat' dir='ltr'>enim</span> <span class='ocrx_word' id='word_1_101' title='bbox 1068 917 1226 955; x_wconf 87' lang='lat' dir='ltr'>maximi</span> <span class='ocrx_word' id='word_1_102' title='bbox 1245 923 1326 955; x_wconf 87' lang='lat' dir='ltr'>erat</span> <span class='ocrx_word' id='word_1_103' title='bbox 1344 917 1455 967; x_wconf 86' lang='lat' dir='ltr'>pretii</span> <span class='ocrx_word' id='word_1_104' title='bbox 1481 916 1519 954; x_wconf 90' lang='lat' dir='ltr'>in</span> <span class='ocrx_word' id='word_1_105' title='bbox 1538 916 1694 969; x_wconf 83' lang='lat' dir='ltr'>praediis</span> <span class='ocrx_word' id='word_1_106' title='bbox 1714 917 1796 955; x_wconf 90' lang='lat' dir='ltr'>Ha-</span> 
     </span>
     <span class='ocr_line' id='line_1_13' title="bbox 330 978 1794 1030; baseline -0.001 -13"><span class='ocrx_word' id='word_1_107' title='bbox 330 979 446 1030; x_wconf 81' lang='lat' dir='ltr'>gniae,</span> <span class='ocrx_word' id='word_1_108' title='bbox 465 985 505 1017; x_wconf 91' lang='lat' dir='ltr'>et</span> <span class='ocrx_word' id='word_1_109' title='bbox 526 979 703 1016; x_wconf 80' lang='lat' dir='ltr'>maximae</span> <span class='ocrx_word' id='word_1_110' title='bbox 721 978 964 1016; x_wconf 84' lang='lat' dir='ltr'>admirationi</span> <span class='ocrx_word' id='word_1_111' title='bbox 990 984 1073 1016; x_wconf 90' lang='lat' dir='ltr'>erat</span> <span class='ocrx_word' id='word_1_112' title='bbox 1097 978 1233 1016; x_wconf 88' lang='lat' dir='ltr'>vicinis</span> <span class='ocrx_word' id='word_1_113' title='bbox 1253 985 1293 1016; x_wconf 93' lang='lat' dir='ltr'>et</span> <span class='ocrx_word' id='word_1_114' title='bbox 1311 978 1396 1016; x_wconf 84' lang='lat' dir='ltr'>aliis</span> <span class='ocrx_word' id='word_1_115' title='bbox 1420 978 1794 1026; x_wconf 45' lang='lat' dir='ltr'>hominibus,*oleae‚</span> 
     </span>
     <span class='ocr_line' id='line_1_14' title="bbox 329 1039 1833 1093; baseline -0.001 -14"><span class='ocrx_word' id='word_1_116' title='bbox 329 1054 396 1080; x_wconf 87' lang='lat' dir='ltr'>eas</span> <span class='ocrx_word' id='word_1_117' title='bbox 419 1040 638 1079; x_wconf 81' lang='lat' dir='ltr'>effoderunt</span> <span class='ocrx_word' id='word_1_118' title='bbox 662 1047 702 1078; x_wconf 87' lang='lat' dir='ltr'>et</span> <span class='ocrx_word' id='word_1_119' title='bbox 725 1039 986 1092; x_wconf 81' lang='lat' dir='ltr'>exstirparunt</span> <span class='ocrx_word' id='word_1_120' title='bbox 1004 1040 1168 1092; x_wconf 87' lang='lat' dir='ltr'>amplius</span> <span class='ocrx_word' id='word_1_121' title='bbox 1197 1040 1301 1078; x_wconf 91' lang='lat' dir='ltr'>mille</span> <span class='ocrx_word' id='word_1_122' title='bbox 1321 1041 1476 1092; x_wconf 80' lang='lat' dir='ltr'>stirpes,</span> <span class='ocrx_word' id='word_1_123' title='bbox 1497 1053 1586 1093; x_wconf 85' lang='lat' dir='ltr'>quae</span> <span class='ocrx_word' id='word_1_124' title='bbox 1614 1052 1796 1091; x_wconf 86' lang='lat' dir='ltr'>magnam</span> <span class='ocrx_word' id='word_1_125' title='bbox 1828 1084 1833 1089; x_wconf 35' lang='grc'><em>,</em></span> 
     </span>
     <span class='ocr_line' id='line_1_15' title="bbox 330 1101 1797 1154; baseline -0.001 -13"><span class='ocrx_word' id='word_1_126' title='bbox 330 1102 406 1141; x_wconf 90' lang='lat' dir='ltr'>olei</span> <span class='ocrx_word' id='word_1_127' title='bbox 424 1102 575 1154; x_wconf 86' lang='lat' dir='ltr'>copiam</span> <span class='ocrx_word' id='word_1_128' title='bbox 592 1101 815 1150; x_wconf 84' lang='lat' dir='ltr'>afferebant,</span> <span class='ocrx_word' id='word_1_129' title='bbox 828 1115 894 1140; x_wconf 90' lang='lat' dir='ltr'>eas</span> <span class='ocrx_word' id='word_1_130' title='bbox 914 1102 976 1141; x_wconf 86' lang='lat' dir='ltr'>isti</span> <span class='ocrx_word' id='word_1_131' title='bbox 996 1102 1226 1154; x_wconf 85' lang='lat' dir='ltr'>exstirpatas</span> <span class='ocrx_word' id='word_1_132' title='bbox 1242 1102 1502 1141; x_wconf 86' lang='lat' dir='ltr'>vendiderunt</span> <span class='ocrx_word' id='word_1_133' title='bbox 1513 1109 1552 1141; x_wconf 88' lang='lat' dir='ltr'>et</span> <span class='ocrx_word' id='word_1_134' title='bbox 1568 1101 1797 1140; x_wconf 85' lang='lat' dir='ltr'>immensam</span> 
     </span>
     <span class='ocr_line' id='line_1_16' title="bbox 330 1159 1798 1216; baseline -0.001 -13"><span class='ocrx_word' id='word_1_135' title='bbox 330 1165 481 1216; x_wconf 86' lang='lat' dir='ltr'>argenti</span> <span class='ocrx_word' id='word_1_136' title='bbox 495 1159 648 1216; x_wconf 87' lang='lat' dir='ltr'>copiam</span> <span class='ocrx_word' id='word_1_137' title='bbox 664 1171 909 1216; x_wconf 86' lang='lat' dir='ltr'>receperunt,</span> <span class='ocrx_word' id='word_1_138' title='bbox 929 1177 1052 1216; x_wconf 89' lang='lat' dir='ltr'>eaque</span> <span class='ocrx_word' id='word_1_139' title='bbox 1073 1164 1248 1202; x_wconf 87' lang='lat' dir='ltr'>fecerunt</span> <span class='ocrx_word' id='word_1_140' title='bbox 1265 1164 1341 1211; x_wconf 85' lang='lat' dir='ltr'>isti,</span> <span class='ocrx_word' id='word_1_141' title='bbox 1355 1177 1442 1202; x_wconf 86' lang='lat' dir='ltr'>cum</span> <span class='ocrx_word' id='word_1_142' title='bbox 1466 1163 1611 1202; x_wconf 88' lang='lat' dir='ltr'>actioni</span> <span class='ocrx_word' id='word_1_143' title='bbox 1629 1163 1798 1202; x_wconf 86' lang='lat' dir='ltr'>obnoxia</span> 
     </span>
     <span class='ocr_line' id='line_1_17' title="bbox 332 1224 1796 1277; baseline -0.003 -12"><span class='ocrx_word' id='word_1_144' title='bbox 332 1233 438 1265; x_wconf 89' lang='lat' dir='ltr'>esset</span> <span class='ocrx_word' id='word_1_145' title='bbox 455 1226 664 1264; x_wconf 86' lang='lat' dir='ltr'>haereditas</span> <span class='ocrx_word' id='word_1_146' title='bbox 686 1226 855 1277; x_wconf 79' lang='lat' dir='ltr'>Hagniae</span> <span class='ocrx_word' id='word_1_147' title='bbox 875 1239 921 1263; x_wconf 83' lang='lat' dir='ltr'>ex</span> <span class='ocrx_word' id='word_1_148' title='bbox 938 1239 985 1264; x_wconf 89' lang='lat' dir='ltr'>ea</span> <span class='ocrx_word' id='word_1_149' title='bbox 1003 1225 1103 1276; x_wconf 86' lang='lat' dir='ltr'>lege,</span> <span class='ocrx_word' id='word_1_150' title='bbox 1125 1239 1200 1276; x_wconf 89' lang='lat' dir='ltr'>qua</span> <span class='ocrx_word' id='word_1_151' title='bbox 1217 1225 1280 1263; x_wconf 88' lang='lat' dir='ltr'>isti</span> <span class='ocrx_word' id='word_1_152' title='bbox 1305 1225 1391 1263; x_wconf 86' lang='lat' dir='ltr'>freti</span> <span class='ocrx_word' id='word_1_153' title='bbox 1411 1231 1573 1263; x_wconf 87' lang='lat' dir='ltr'>matrem</span> <span class='ocrx_word' id='word_1_154' title='bbox 1592 1224 1709 1275; x_wconf 88' lang='lat' dir='ltr'>hujus</span> <span class='ocrx_word' id='word_1_155' title='bbox 1729 1236 1796 1262; x_wconf 89' lang='lat' dir='ltr'>ac-</span> 
     </span>
     <span class='ocr_line' id='line_1_18' title="bbox 330 1285 1798 1339; baseline -0.005 -10"><span class='ocrx_word' id='word_1_156' title='bbox 330 1298 526 1330; x_wconf 85' lang='lat' dir='ltr'>cusarant.</span> <span class='ocrx_word' id='word_1_157' title='bbox 585 1291 637 1328; x_wconf 92' lang='lat' dir='ltr'>Ut</span> <span class='ocrx_word' id='word_1_158' title='bbox 666 1297 796 1328; x_wconf 86' lang='lat' dir='ltr'>autem</span> <span class='ocrx_word' id='word_1_159' title='bbox 816 1303 878 1327; x_wconf 88' lang='lat' dir='ltr'>me</span> <span class='ocrx_word' id='word_1_160' title='bbox 898 1302 989 1327; x_wconf 87' lang='lat' dir='ltr'>vera</span> <span class='ocrx_word' id='word_1_161' title='bbox 1014 1289 1142 1326; x_wconf 88' lang='lat' dir='ltr'>dicere</span> <span class='ocrx_word' id='word_1_162' title='bbox 1164 1293 1362 1339; x_wconf 86' lang='lat' dir='ltr'>appareat,</span> <span class='ocrx_word' id='word_1_163' title='bbox 1380 1293 1420 1325; x_wconf 90' lang='lat' dir='ltr'>et</span> <span class='ocrx_word' id='word_1_164' title='bbox 1442 1287 1539 1325; x_wconf 88' lang='lat' dir='ltr'>istos</span> <span class='ocrx_word' id='word_1_165' title='bbox 1561 1285 1798 1336; x_wconf 86' lang='lat' dir='ltr'>exstirpasse</span> 
     </span>
     <span class='ocr_line' id='line_1_19' title="bbox 333 1347 1797 1403; baseline -0.003 -12"><span class='ocrx_word' id='word_1_166' title='bbox 333 1353 440 1392; x_wconf 86' lang='lat' dir='ltr'>oleas</span> <span class='ocrx_word' id='word_1_167' title='bbox 472 1359 628 1391; x_wconf 88' lang='lat' dir='ltr'>constet</span> <span class='ocrx_word' id='word_1_168' title='bbox 657 1347 705 1390; x_wconf 83' lang='lat' dir='ltr'>ex</span> <span class='ocrx_word' id='word_1_169' title='bbox 735 1352 780 1390; x_wconf 89' lang='lat' dir='ltr'>iis</span> <span class='ocrx_word' id='word_1_170' title='bbox 806 1351 962 1403; x_wconf 81' lang='lat' dir='ltr'>praediis</span> <span class='ocrx_word' id='word_1_171' title='bbox 993 1364 1081 1402; x_wconf 79' lang='lat' dir='ltr'>quae</span> <span class='ocrx_word' id='word_1_172' title='bbox 1109 1351 1286 1402; x_wconf 79' lang='lat' dir='ltr'>Hagnias</span> <span class='ocrx_word' id='word_1_173' title='bbox 1312 1350 1480 1401; x_wconf 86' lang='lat' dir='ltr'>reliquit,</span> <span class='ocrx_word' id='word_1_174' title='bbox 1509 1349 1646 1387; x_wconf 82' lang='lat' dir='ltr'>horum</span> <span class='ocrx_word' id='word_1_175' title='bbox 1678 1355 1797 1387; x_wconf 88' lang='lat' dir='ltr'>testes</span> 
     </span>
     <span class='ocr_line' id='line_1_20' title="bbox 331 1413 1797 1467; baseline -0.002 -14"><span class='ocrx_word' id='word_1_176' title='bbox 331 1416 440 1454; x_wconf 90' lang='lat' dir='ltr'>vobis</span> <span class='ocrx_word' id='word_1_177' title='bbox 470 1415 733 1467; x_wconf 81' lang='lat' dir='ltr'>producemus</span> <span class='ocrx_word' id='word_1_178' title='bbox 754 1414 917 1462; x_wconf 86' lang='lat' dir='ltr'>vicinos,</span> <span class='ocrx_word' id='word_1_179' title='bbox 946 1421 984 1453; x_wconf 89' lang='lat' dir='ltr'>et</span> <span class='ocrx_word' id='word_1_180' title='bbox 1015 1427 1061 1452; x_wconf 86' lang='lat' dir='ltr'>ex</span> <span class='ocrx_word' id='word_1_181' title='bbox 1096 1414 1245 1453; x_wconf 82' lang='lat' dir='ltr'>caeteris</span> <span class='ocrx_word' id='word_1_182' title='bbox 1274 1426 1372 1465; x_wconf 88' lang='lat' dir='ltr'>quos</span> <span class='ocrx_word' id='word_1_183' title='bbox 1398 1413 1684 1460; x_wconf 76' lang='lat' dir='ltr'>accersivimus,</span> <span class='ocrx_word' id='word_1_184' title='bbox 1707 1425 1797 1451; x_wconf 87' lang='lat' dir='ltr'>cum</span> 
     </span>
     <span class='ocr_line' id='line_1_21' title="bbox 333 1474 1137 1517; baseline -0.002 -2"><span class='ocrx_word' id='word_1_185' title='bbox 333 1478 641 1517; x_wconf 81' lang='lat' dir='ltr'>testificaremur.</span> <span class='ocrx_word' id='word_1_186' title='bbox 699 1477 840 1516; x_wconf 87' lang='lat' dir='ltr'>Recita</span> <span class='ocrx_word' id='word_1_187' title='bbox 858 1474 1137 1516; x_wconf 76' lang='lat' dir='ltr'>testimenium.</span> 
     </span>
    </p>
   </div>
   <div class='ocr_carea' id='block_1_3' title="bbox 818 1595 1269 1634">
    <p class='ocr_par' dir='ltr' id='par_1_4' title="bbox 818 1595 1269 1634">
     <span class='ocr_line' id='line_1_22' title="bbox 818 1595 1269 1634; baseline -0.002 -1"><span class='ocrx_word' id='word_1_188' title='bbox 818 1622 822 1625; x_wconf 85' lang='lat'><em>-</em></span> <span class='ocrx_word' id='word_1_189' title='bbox 859 1595 1269 1634; x_wconf 86' lang='lat' dir='ltr'><strong>TESTIMONIUM.</strong></span> 
     </span>
    </p>
   </div>
   <div class='ocr_carea' id='block_1_4' title="bbox 377 1675 1799 1716">
    <p class='ocr_par' dir='ltr' id='par_1_5' title="bbox 377 1675 1799 1716">
     <span class='ocr_line' id='line_1_23' title="bbox 377 1675 1799 1716; baseline -0.001 -9"><span class='ocrx_word' id='word_1_190' title='bbox 377 1678 541 1707; x_wconf 83' lang='lat' dir='ltr'>Testantur</span> <span class='ocrx_word' id='word_1_191' title='bbox 564 1688 597 1707; x_wconf 85' lang='lat' dir='ltr'>se</span> <span class='ocrx_word' id='word_1_192' title='bbox 618 1687 743 1706; x_wconf 78' lang='lat' dir='ltr'>securos</span> <span class='ocrx_word' id='word_1_193' title='bbox 774 1675 942 1705; x_wconf 83' lang='lat' dir='ltr'>accersitos</span> <span class='ocrx_word' id='word_1_194' title='bbox 966 1686 983 1705; x_wconf 86' lang='lat' dir='ltr'>a</span> <span class='ocrx_word' id='word_1_195' title='bbox 1009 1675 1150 1706; x_wconf 86' lang='lat' dir='ltr'>Sositheo</span> <span class='ocrx_word' id='word_1_196' title='bbox 1171 1677 1210 1706; x_wconf 84' lang='lat' dir='ltr'>ad</span> <span class='ocrx_word' id='word_1_197' title='bbox 1231 1677 1394 1716; x_wconf 85' lang='lat' dir='ltr'>Araphena</span> <span class='ocrx_word' id='word_1_198' title='bbox 1415 1677 1447 1706; x_wconf 86' lang='lat' dir='ltr'>iu</span> <span class='ocrx_word' id='word_1_199' title='bbox 1463 1676 1594 1716; x_wconf 80' lang='lat' dir='ltr'>Hagniae</span> <span class='ocrx_word' id='word_1_200' title='bbox 1610 1686 1712 1716; x_wconf 78' lang='lat' dir='ltr'>agros,</span> <span class='ocrx_word' id='word_1_201' title='bbox 1728 1685 1799 1706; x_wconf 86' lang='lat' dir='ltr'>cum</span> 
     </span>
    </p>
   </div>
   <div class='ocr_carea' id='block_1_5' title="bbox 335 1727 1799 1819">
    <p class='ocr_par' dir='ltr' id='par_1_6' title="bbox 335 1727 1799 1819">
     <span class='ocr_line' id='line_1_24' title="bbox 336 1727 1799 1767; baseline 0.001 -10"><span class='ocrx_word' id='word_1_202' title='bbox 336 1727 556 1767; x_wconf 82' lang='lat' dir='ltr'>Theopompus</span> <span class='ocrx_word' id='word_1_203' title='bbox 573 1727 708 1766; x_wconf 82' lang='lat' dir='ltr'>Hagniae</span> <span class='ocrx_word' id='word_1_204' title='bbox 724 1727 935 1756; x_wconf 65' lang='lat' dir='ltr'>haereditatem</span> <span class='ocrx_word' id='word_1_205' title='bbox 950 1727 1113 1764; x_wconf 79' lang='lat' dir='ltr'>crevisset,</span> <span class='ocrx_word' id='word_1_206' title='bbox 1129 1731 1160 1758; x_wconf 82' lang='lat' dir='ltr'>et</span> <span class='ocrx_word' id='word_1_207' title='bbox 1180 1728 1239 1758; x_wconf 89' lang='lat' dir='ltr'>sibi</span> <span class='ocrx_word' id='word_1_208' title='bbox 1256 1728 1428 1759; x_wconf 77' lang='lat' dir='ltr'>ostendisse</span> <span class='ocrx_word' id='word_1_209' title='bbox 1445 1728 1619 1759; x_wconf 76' lang='lat' dir='ltr'>Sositheum</span> <span class='ocrx_word' id='word_1_210' title='bbox 1631 1729 1714 1760; x_wconf 85' lang='lat' dir='ltr'>oleas</span> <span class='ocrx_word' id='word_1_211' title='bbox 1726 1729 1799 1759; x_wconf 81' lang='lat' dir='ltr'>dum</span> 
     </span>
     <span class='ocr_line' id='line_1_25' title="bbox 335 1778 890 1819; baseline -0.004 -10"><span class='ocrx_word' id='word_1_212' title='bbox 335 1780 583 1819; x_wconf 81' lang='lat' dir='ltr'>exstirparentur</span> <span class='ocrx_word' id='word_1_213' title='bbox 599 1789 637 1808; x_wconf 84' lang='lat' dir='ltr'>ex</span> <span class='ocrx_word' id='word_1_214' title='bbox 657 1778 789 1818; x_wconf 81' lang='lat' dir='ltr'>Hagniae</span> <span class='ocrx_word' id='word_1_215' title='bbox 806 1788 890 1817; x_wconf 83' lang='lat' dir='ltr'>agro.</span> 
     </span>
    </p>
   </div>
   <div class='ocr_carea' id='block_1_6' title="bbox 333 1854 1803 2093">
    <p class='ocr_par' dir='ltr' id='par_1_7' title="bbox 333 1854 1803 2093">
     <span class='ocr_line' id='line_1_26' title="bbox 337 1854 1799 1907; baseline 0 -12"><span class='ocrx_word' id='word_1_216' title='bbox 337 1857 452 1900; x_wconf 82' lang='lat' dir='ltr'>Quod</span> <span class='ocrx_word' id='word_1_217' title='bbox 469 1858 513 1904; x_wconf 87' lang='lat' dir='ltr'>si,</span> <span class='ocrx_word' id='word_1_218' title='bbox 534 1856 707 1901; x_wconf 67' lang='lat' dir='ltr'>judices,</span> <span class='ocrx_word' id='word_1_219' title='bbox 728 1855 854 1893; x_wconf 91' lang='lat' dir='ltr'>solum</span> <span class='ocrx_word' id='word_1_220' title='bbox 874 1855 912 1892; x_wconf 92' lang='lat' dir='ltr'>in</span> <span class='ocrx_word' id='word_1_221' title='bbox 933 1854 1157 1894; x_wconf 89' lang='lat' dir='ltr'>defunctum</span> <span class='ocrx_word' id='word_1_222' title='bbox 1183 1855 1310 1907; x_wconf 85' lang='lat' dir='ltr'>injurii</span> <span class='ocrx_word' id='word_1_223' title='bbox 1325 1856 1501 1902; x_wconf 87' lang='lat' dir='ltr'>fuissent,</span> <span class='ocrx_word' id='word_1_224' title='bbox 1523 1856 1690 1907; x_wconf 82' lang='lat' dir='ltr'>graviter</span> <span class='ocrx_word' id='word_1_225' title='bbox 1708 1869 1799 1907; x_wconf 83' lang='lat' dir='ltr'>pec·</span> 
     </span>
     <span class='ocr_line' id='line_1_27' title="bbox 338 1917 1800 1969; baseline 0 -13"><span class='ocrx_word' id='word_1_226' title='bbox 338 1926 508 1964; x_wconf 76' lang='lat' dir='ltr'>cassem,</span> <span class='ocrx_word' id='word_1_227' title='bbox 529 1918 597 1956; x_wconf 92' lang='lat' dir='ltr'>sed</span> <span class='ocrx_word' id='word_1_228' title='bbox 617 1930 694 1955; x_wconf 90' lang='lat' dir='ltr'>non</span> <span class='ocrx_word' id='word_1_229' title='bbox 715 1917 838 1955; x_wconf 89' lang='lat' dir='ltr'>adeo:</span> <span class='ocrx_word' id='word_1_230' title='bbox 873 1929 979 1955; x_wconf 89' lang='lat' dir='ltr'>nunc</span> <span class='ocrx_word' id='word_1_231' title='bbox 1002 1917 1088 1955; x_wconf 84' lang='lat' dir='ltr'>istae</span> <span class='ocrx_word' id='word_1_232' title='bbox 1119 1917 1266 1969; x_wconf 85' lang='lat' dir='ltr'>injuriae</span> <span class='ocrx_word' id='word_1_233' title='bbox 1286 1923 1326 1955; x_wconf 89' lang='lat' dir='ltr'>et</span> <span class='ocrx_word' id='word_1_234' title='bbox 1343 1917 1587 1956; x_wconf 74' lang='lat' dir='ltr'>contumeliae</span> <span class='ocrx_word' id='word_1_235' title='bbox 1606 1918 1657 1956; x_wconf 90' lang='lat' dir='ltr'>ad</span> <span class='ocrx_word' id='word_1_236' title='bbox 1674 1925 1800 1957; x_wconf 84' lang='lat' dir='ltr'>totam</span> 
     </span>
     <span class='ocr_line' id='line_1_28' title="bbox 336 1978 1803 2031; baseline 0 -13"><span class='ocrx_word' id='word_1_237' title='bbox 336 1982 513 2031; x_wconf 89' lang='lat' dir='ltr'>rempub.</span> <span class='ocrx_word' id='word_1_238' title='bbox 533 1979 740 2031; x_wconf 87' lang='lat' dir='ltr'>pertinent.</span> <span class='ocrx_word' id='word_1_239' title='bbox 781 1978 902 2028; x_wconf 89' lang='lat' dir='ltr'>quue</span> <span class='ocrx_word' id='word_1_240' title='bbox 929 1978 982 2015; x_wconf 82' lang='lat' dir='ltr'>ita</span> <span class='ocrx_word' id='word_1_241' title='bbox 1000 1992 1084 2017; x_wconf 87' lang='lat' dir='ltr'>esse</span> <span class='ocrx_word' id='word_1_242' title='bbox 1103 1979 1190 2030; x_wconf 82' lang='lat' dir='ltr'>lege</span> <span class='ocrx_word' id='word_1_243' title='bbox 1210 1978 1343 2018; x_wconf 88' lang='lat' dir='ltr'>audita</span> <span class='ocrx_word' id='word_1_244' title='bbox 1362 1980 1622 2031; x_wconf 72' lang='lat' dir='ltr'>cognoscetis·</span> <span class='ocrx_word' id='word_1_245' title='bbox 1662 1979 1803 2019; x_wconf 88' lang='lat' dir='ltr'>Recita</span> 
     </span>
     <span class='ocr_line' id='line_1_29' title="bbox 333 2043 476 2093; baseline 0 -12"><span class='ocrx_word' id='word_1_246' title='bbox 333 2043 476 2093; x_wconf 83' lang='lat' dir='ltr'>legem.</span> 
     </span>
    </p>
   </div>
   <div class='ocr_carea' id='block_1_7' title="bbox 1008 2139 1131 2177">
    <p class='ocr_par' dir='ltr' id='par_1_8' title="bbox 1008 2139 1131 2177">
     <span class='ocr_line' id='line_1_30' title="bbox 1008 2139 1131 2177; baseline 0 0"><span class='ocrx_word' id='word_1_247' title='bbox 1008 2139 1131 2177; x_wconf 90' lang='lat' dir='ltr'><strong>LEX.</strong></span> 
     </span>
    </p>
   </div>
   <div class='ocr_carea' id='block_1_8' title="bbox 336 2217 1803 2565">
    <p class='ocr_par' dir='ltr' id='par_1_9' title="bbox 336 2217 1803 2565">
     <span class='ocr_line' id='line_1_31' title="bbox 380 2217 1799 2257; baseline 0.001 -12"><span class='ocrx_word' id='word_1_248' title='bbox 380 2217 413 2246; x_wconf 84' lang='lat' dir='ltr'>si</span> <span class='ocrx_word' id='word_1_249' title='bbox 423 2217 492 2256; x_wconf 80' lang='lat' dir='ltr'>quis</span> <span class='ocrx_word' id='word_1_250' title='bbox 510 2218 607 2247; x_wconf 77' lang='lat' dir='ltr'>oleam</span> <span class='ocrx_word' id='word_1_251' title='bbox 621 2219 748 2248; x_wconf 75' lang='lat' dir='ltr'>Athenis</span> <span class='ocrx_word' id='word_1_252' title='bbox 765 2218 918 2253; x_wconf 77' lang='lat' dir='ltr'>effoderit,</span> <span class='ocrx_word' id='word_1_253' title='bbox 936 2218 994 2247; x_wconf 89' lang='lat' dir='ltr'>nisi</span> <span class='ocrx_word' id='word_1_254' title='bbox 1008 2218 1046 2247; x_wconf 85' lang='lat' dir='ltr'>ad</span> <span class='ocrx_word' id='word_1_255' title='bbox 1062 2218 1208 2257; x_wconf 85' lang='lat' dir='ltr'>templum</span> <span class='ocrx_word' id='word_1_256' title='bbox 1223 2217 1457 2248; x_wconf 82' lang='lat' dir='ltr'>Atheniensium</span> <span class='ocrx_word' id='word_1_257' title='bbox 1471 2217 1626 2257; x_wconf 83' lang='lat' dir='ltr'>publicum</span> <span class='ocrx_word' id='word_1_258' title='bbox 1637 2220 1689 2247; x_wconf 82' lang='lat' dir='ltr'>aut</span> <span class='ocrx_word' id='word_1_259' title='bbox 1702 2217 1799 2247; x_wconf 89' lang='lat' dir='ltr'>muni-</span> 
     </span>
     <span class='ocr_line' id='line_1_32' title="bbox 337 2268 1799 2309; baseline 0.001 -13"><span class='ocrx_word' id='word_1_260' title='bbox 337 2268 437 2307; x_wconf 81' lang='lat' dir='ltr'>cipale</span> <span class='ocrx_word' id='word_1_261' title='bbox 458 2269 641 2307; x_wconf 76' lang='lat' dir='ltr'>requiratur,</span> <span class='ocrx_word' id='word_1_262' title='bbox 655 2269 685 2299; x_wconf 88' lang='lat' dir='ltr'>in</span> <span class='ocrx_word' id='word_1_263' title='bbox 710 2280 781 2299; x_wconf 81' lang='lat' dir='ltr'>suos</span> <span class='ocrx_word' id='word_1_264' title='bbox 806 2280 879 2299; x_wconf 89' lang='lat' dir='ltr'>usus</span> <span class='ocrx_word' id='word_1_265' title='bbox 900 2280 997 2309; x_wconf 89' lang='lat' dir='ltr'>usque</span> <span class='ocrx_word' id='word_1_266' title='bbox 1012 2270 1050 2299; x_wconf 82' lang='lat' dir='ltr'>ad</span> <span class='ocrx_word' id='word_1_267' title='bbox 1070 2268 1157 2299; x_wconf 80' lang='lat' dir='ltr'>binas</span> <span class='ocrx_word' id='word_1_268' title='bbox 1173 2271 1256 2300; x_wconf 85' lang='lat' dir='ltr'>olcas</span> <span class='ocrx_word' id='word_1_269' title='bbox 1272 2269 1446 2309; x_wconf 75' lang='lat' dir='ltr'>quotannis,</span> <span class='ocrx_word' id='word_1_270' title='bbox 1456 2269 1516 2299; x_wconf 87' lang='lat' dir='ltr'>nisi</span> <span class='ocrx_word' id='word_1_271' title='bbox 1531 2269 1570 2299; x_wconf 88' lang='lat' dir='ltr'>ad</span> <span class='ocrx_word' id='word_1_272' title='bbox 1584 2268 1675 2298; x_wconf 78' lang='lat' dir='ltr'>funus</span> <span class='ocrx_word' id='word_1_273' title='bbox 1691 2268 1799 2298; x_wconf 87' lang='lat' dir='ltr'>iisdem</span> 
     </span>
     <span class='ocr_line' id='line_1_33' title="bbox 337 2319 1800 2360; baseline 0.001 -12"><span class='ocrx_word' id='word_1_274' title='bbox 337 2319 484 2349; x_wconf 87' lang='lat' dir='ltr'>utendum</span> <span class='ocrx_word' id='word_1_275' title='bbox 501 2319 552 2355; x_wconf 82' lang='lat' dir='ltr'>sit,</span> <span class='ocrx_word' id='word_1_276' title='bbox 567 2324 712 2349; x_wconf 85' lang='lat' dir='ltr'>centenas</span> <span class='ocrx_word' id='word_1_277' title='bbox 727 2321 766 2350; x_wconf 84' lang='lat' dir='ltr'>de</span> <span class='ocrx_word' id='word_1_278' title='bbox 784 2321 912 2360; x_wconf 85' lang='lat' dir='ltr'>singulis</span> <span class='ocrx_word' id='word_1_279' title='bbox 929 2321 1006 2351; x_wconf 90' lang='lat' dir='ltr'>oleis</span> <span class='ocrx_word' id='word_1_280' title='bbox 1022 2321 1183 2351; x_wconf 87' lang='lat' dir='ltr'>drachmas</span> <span class='ocrx_word' id='word_1_281' title='bbox 1206 2322 1313 2351; x_wconf 83' lang='lat' dir='ltr'>aerario</span> <span class='ocrx_word' id='word_1_282' title='bbox 1329 2321 1460 2359; x_wconf 78' lang='lat' dir='ltr'>debeto;</span> <span class='ocrx_word' id='word_1_283' title='bbox 1482 2324 1572 2360; x_wconf 83' lang='lat' dir='ltr'>atque</span> <span class='ocrx_word' id='word_1_284' title='bbox 1593 2321 1661 2359; x_wconf 86' lang='lat' dir='ltr'>ejus</span> <span class='ocrx_word' id='word_1_285' title='bbox 1676 2320 1800 2350; x_wconf 80' lang='lat' dir='ltr'>mulctae</span> 
     </span>
     <span class='ocr_line' id='line_1_34' title="bbox 337 2369 1803 2411; baseline 0.001 -12"><span class='ocrx_word' id='word_1_286' title='bbox 337 2369 466 2399; x_wconf 67' lang='lat' dir='ltr'>decimae</span> <span class='ocrx_word' id='word_1_287' title='bbox 483 2370 634 2400; x_wconf 81' lang='lat' dir='ltr'>Minervae</span> <span class='ocrx_word' id='word_1_288' title='bbox 651 2375 751 2400; x_wconf 86' lang='lat' dir='ltr'>sunto.</span> <span class='ocrx_word' id='word_1_289' title='bbox 786 2372 908 2401; x_wconf 84' lang='lat' dir='ltr'>Debeto</span> <span class='ocrx_word' id='word_1_290' title='bbox 923 2375 954 2401; x_wconf 88' lang='lat' dir='ltr'>et</span> <span class='ocrx_word' id='word_1_291' title='bbox 970 2370 1083 2400; x_wconf 88' lang='lat' dir='ltr'>homini</span> <span class='ocrx_word' id='word_1_292' title='bbox 1100 2371 1234 2411; x_wconf 74' lang='lat' dir='ltr'>privato,</span> <span class='ocrx_word' id='word_1_293' title='bbox 1249 2382 1266 2401; x_wconf 90' lang='lat' dir='ltr'>a</span> <span class='ocrx_word' id='word_1_294' title='bbox 1287 2381 1347 2411; x_wconf 91' lang='lat' dir='ltr'>quo</span> <span class='ocrx_word' id='word_1_295' title='bbox 1365 2381 1436 2401; x_wconf 82' lang='lat' dir='ltr'>reus</span> <span class='ocrx_word' id='word_1_296' title='bbox 1457 2375 1601 2410; x_wconf 84' lang='lat' dir='ltr'>peractus</span> <span class='ocrx_word' id='word_1_297' title='bbox 1613 2370 1716 2405; x_wconf 80' lang='lat' dir='ltr'>fuerit,</span> <span class='ocrx_word' id='word_1_298' title='bbox 1731 2381 1803 2401; x_wconf 87' lang='lat' dir='ltr'>cen-</span> 
     </span>
     <span class='ocr_line' id='line_1_35' title="bbox 336 2421 1800 2463; baseline 0.001 -13"><span class='ocrx_word' id='word_1_299' title='bbox 336 2426 424 2451; x_wconf 83' lang='lat' dir='ltr'>tenas</span> <span class='ocrx_word' id='word_1_300' title='bbox 439 2421 599 2451; x_wconf 86' lang='lat' dir='ltr'>drachmas</span> <span class='ocrx_word' id='word_1_301' title='bbox 621 2421 652 2451; x_wconf 90' lang='lat' dir='ltr'>in</span> <span class='ocrx_word' id='word_1_302' title='bbox 670 2421 805 2461; x_wconf 82' lang='lat' dir='ltr'>singulas</span> <span class='ocrx_word' id='word_1_303' title='bbox 822 2422 915 2452; x_wconf 72' lang='lat' dir='ltr'>oleas.</span> <span class='ocrx_word' id='word_1_304' title='bbox 959 2422 1050 2452; x_wconf 83' lang='lat' dir='ltr'>Actio</span> <span class='ocrx_word' id='word_1_305' title='bbox 1075 2427 1177 2453; x_wconf 86' lang='lat' dir='ltr'>autem</span> <span class='ocrx_word' id='word_1_306' title='bbox 1198 2423 1304 2452; x_wconf 85' lang='lat' dir='ltr'>harum</span> <span class='ocrx_word' id='word_1_307' title='bbox 1319 2432 1419 2453; x_wconf 87' lang='lat' dir='ltr'>rerum</span> <span class='ocrx_word' id='word_1_308' title='bbox 1439 2422 1520 2463; x_wconf 85' lang='lat' dir='ltr'>apud</span> <span class='ocrx_word' id='word_1_309' title='bbox 1535 2432 1589 2452; x_wconf 87' lang='lat' dir='ltr'>eos</span> <span class='ocrx_word' id='word_1_310' title='bbox 1604 2421 1800 2462; x_wconf 76' lang='lat' dir='ltr'>magistratus</span> 
     </span>
     <span class='ocr_line' id='line_1_36' title="bbox 336 2472 1801 2514; baseline 0.001 -12"><span class='ocrx_word' id='word_1_311' title='bbox 336 2472 525 2508; x_wconf 79' lang='lat' dir='ltr'>instituatur,</span> <span class='ocrx_word' id='word_1_312' title='bbox 541 2483 667 2511; x_wconf 84' lang='lat' dir='ltr'>quarum</span> <span class='ocrx_word' id='word_1_313' title='bbox 684 2473 798 2512; x_wconf 82' lang='lat' dir='ltr'>quique</span> <span class='ocrx_word' id='word_1_314' title='bbox 810 2473 933 2513; x_wconf 81' lang='lat' dir='ltr'>judices</span> <span class='ocrx_word' id='word_1_315' title='bbox 949 2478 1031 2504; x_wconf 87' lang='lat' dir='ltr'>sunt.</span> <span class='ocrx_word' id='word_1_316' title='bbox 1076 2474 1119 2504; x_wconf 81' lang='lat' dir='ltr'>Et</span> <span class='ocrx_word' id='word_1_317' title='bbox 1138 2478 1224 2504; x_wconf 86' lang='lat' dir='ltr'>actor</span> <span class='ocrx_word' id='word_1_318' title='bbox 1241 2474 1396 2514; x_wconf 82' lang='lat' dir='ltr'>sportulas</span> <span class='ocrx_word' id='word_1_319' title='bbox 1411 2478 1507 2514; x_wconf 84' lang='lat' dir='ltr'>ponat</span> <span class='ocrx_word' id='word_1_320' title='bbox 1522 2484 1586 2504; x_wconf 81' lang='lat' dir='ltr'>suae</span> <span class='ocrx_word' id='word_1_321' title='bbox 1601 2473 1708 2513; x_wconf 84' lang='lat' dir='ltr'>partis.</span> <span class='ocrx_word' id='word_1_322' title='bbox 1736 2473 1801 2510; x_wconf 86' lang='lat' dir='ltr'>Qui</span> 
     </span>
     <span class='ocr_line' id='line_1_37' title="bbox 337 2524 1802 2565; baseline 0 -11"><span class='ocrx_word' id='word_1_323' title='bbox 337 2529 440 2554; x_wconf 80' lang='lat' dir='ltr'>autem</span> <span class='ocrx_word' id='word_1_324' title='bbox 463 2524 684 2554; x_wconf 83' lang='lat' dir='ltr'>condemnatus</span> <span class='ocrx_word' id='word_1_325' title='bbox 700 2525 803 2560; x_wconf 80' lang='lat' dir='ltr'>suerit,</span> <span class='ocrx_word' id='word_1_326' title='bbox 819 2535 886 2554; x_wconf 90' lang='lat' dir='ltr'>eum</span> <span class='ocrx_word' id='word_1_327' title='bbox 904 2530 1052 2565; x_wconf 82' lang='lat' dir='ltr'>praetores</span> <span class='ocrx_word' id='word_1_328' title='bbox 1067 2525 1259 2555; x_wconf 80' lang='lat' dir='ltr'>inscribunto</span> <span class='ocrx_word' id='word_1_329' title='bbox 1287 2525 1370 2564; x_wconf 83' lang='lat' dir='ltr'>apud</span> <span class='ocrx_word' id='word_1_330' title='bbox 1392 2535 1469 2564; x_wconf 87' lang='lat' dir='ltr'>quos</span> <span class='ocrx_word' id='word_1_331' title='bbox 1493 2524 1647 2564; x_wconf 84' lang='lat' dir='ltr'>judicium</span> <span class='ocrx_word' id='word_1_332' title='bbox 1670 2524 1724 2554; x_wconf 77' lang='lat' dir='ltr'>fiet</span> <span class='ocrx_word' id='word_1_333' title='bbox 1744 2534 1802 2554; x_wconf 86' lang='lat' dir='ltr'>ex-</span> 
     </span>
    </p>
   </div>
   <div class='ocr_carea' id='block_1_9' title="bbox 336 2575 1801 2667">
    <p class='ocr_par' dir='ltr' id='par_1_10' title="bbox 336 2575 1801 2667">
     <span class='ocr_line' id='line_1_38' title="bbox 336 2575 1801 2616; baseline 0.001 -11"><span class='ocrx_word' id='word_1_334' title='bbox 336 2575 496 2606; x_wconf 79' lang='lat' dir='ltr'>actoribus</span> <span class='ocrx_word' id='word_1_335' title='bbox 511 2576 550 2606; x_wconf 83' lang='lat' dir='ltr'>de</span> <span class='ocrx_word' id='word_1_336' title='bbox 564 2585 601 2606; x_wconf 87' lang='lat' dir='ltr'>eo</span> <span class='ocrx_word' id='word_1_337' title='bbox 615 2576 696 2614; x_wconf 87' lang='lat' dir='ltr'>quod</span> <span class='ocrx_word' id='word_1_338' title='bbox 712 2575 743 2605; x_wconf 87' lang='lat' dir='ltr'>in</span> <span class='ocrx_word' id='word_1_339' title='bbox 758 2577 897 2606; x_wconf 81' lang='lat' dir='ltr'>aerarium</span> <span class='ocrx_word' id='word_1_340' title='bbox 914 2576 1007 2612; x_wconf 87' lang='lat' dir='ltr'>redit,</span> <span class='ocrx_word' id='word_1_341' title='bbox 1022 2575 1227 2616; x_wconf 77' lang='lat' dir='ltr'>quaestoribus</span> <span class='ocrx_word' id='word_1_342' title='bbox 1243 2575 1394 2608; x_wconf 84' lang='lat' dir='ltr'>Minervae</span> <span class='ocrx_word' id='word_1_343' title='bbox 1408 2577 1448 2607; x_wconf 89' lang='lat' dir='ltr'>de</span> <span class='ocrx_word' id='word_1_344' title='bbox 1461 2586 1500 2606; x_wconf 80' lang='grc' dir='ltr'>ου</span> <span class='ocrx_word' id='word_1_345' title='bbox 1514 2576 1595 2616; x_wconf 87' lang='lat' dir='ltr'>quod</span> <span class='ocrx_word' id='word_1_346' title='bbox 1609 2575 1676 2606; x_wconf 86' lang='lat' dir='ltr'>deae</span> <span class='ocrx_word' id='word_1_347' title='bbox 1691 2582 1801 2606; x_wconf 77' lang='lat' dir='ltr'>eonse-</span> 
     </span>
     <span class='ocr_line' id='line_1_39' title="bbox 339 2626 1169 2667; baseline 0.001 -10"><span class='ocrx_word' id='word_1_348' title='bbox 339 2631 457 2658; x_wconf 84' lang='lat' dir='ltr'>eratum</span> <span class='ocrx_word' id='word_1_349' title='bbox 472 2631 539 2658; x_wconf 86' lang='lat' dir='ltr'>est:</span> <span class='ocrx_word' id='word_1_350' title='bbox 563 2627 645 2667; x_wconf 83' lang='lat' dir='ltr'>quod</span> <span class='ocrx_word' id='word_1_351' title='bbox 662 2627 693 2657; x_wconf 88' lang='lat' dir='ltr'>ni</span> <span class='ocrx_word' id='word_1_352' title='bbox 708 2626 932 2667; x_wconf 76' lang='lat' dir='ltr'>inscripserint,</span> <span class='ocrx_word' id='word_1_353' title='bbox 948 2628 1009 2667; x_wconf 83' lang='lat' dir='ltr'>ipsi</span> <span class='ocrx_word' id='word_1_354' title='bbox 1024 2628 1169 2659; x_wconf 78' lang='lat' dir='ltr'>debente.</span> 
     </span>
    </p>
   </div>
   <div class='ocr_carea' id='block_1_10' title="bbox 335 2711 1798 3013">
    <p class='ocr_par' dir='ltr' id='par_1_11' title="bbox 335 2711 1798 3013">
     <span class='ocr_line' id='line_1_40' title="bbox 335 2711 1798 2765; baseline 0.001 -15"><span class='ocrx_word' id='word_1_355' title='bbox 335 2712 422 2751; x_wconf 84' lang='lat' dir='ltr'>Lex</span> <span class='ocrx_word' id='word_1_356' title='bbox 450 2711 606 2763; x_wconf 86' lang='lat' dir='ltr'>quidem</span> <span class='ocrx_word' id='word_1_357' title='bbox 640 2711 726 2750; x_wconf 85' lang='lat' dir='ltr'>haec</span> <span class='ocrx_word' id='word_1_358' title='bbox 753 2712 865 2751; x_wconf 88' lang='lat' dir='ltr'>firma</span> <span class='ocrx_word' id='word_1_359' title='bbox 884 2723 964 2751; x_wconf 87' lang='lat' dir='ltr'>est:</span> <span class='ocrx_word' id='word_1_360' title='bbox 1002 2713 1100 2752; x_wconf 92' lang='lat' dir='ltr'>illud</span> <span class='ocrx_word' id='word_1_361' title='bbox 1130 2719 1259 2752; x_wconf 88' lang='lat' dir='ltr'>autem</span> <span class='ocrx_word' id='word_1_362' title='bbox 1289 2713 1461 2765; x_wconf 87' lang='lat' dir='ltr'>cogitate</span> <span class='ocrx_word' id='word_1_363' title='bbox 1490 2711 1563 2764; x_wconf 90' lang='lat' dir='ltr'>ipsi</span> <span class='ocrx_word' id='word_1_364' title='bbox 1581 2712 1798 2759; x_wconf 87' lang='lat' dir='ltr'>vobiscum,</span> 
     </span>
     <span class='ocr_line' id='line_1_41' title="bbox 337 2774 1798 2827; baseline 0.001 -16"><span class='ocrx_word' id='word_1_365' title='bbox 337 2775 358 2811; x_wconf 71' lang='lat' dir='ltr'><em>J</em></span> <span class='ocrx_word' id='word_1_366' title='bbox 364 2774 512 2822; x_wconf 86' lang='lat' dir='ltr'>udices,</span> <span class='ocrx_word' id='word_1_367' title='bbox 532 2774 719 2826; x_wconf 84' lang='lat' dir='ltr'>quidnam</span> <span class='ocrx_word' id='word_1_368' title='bbox 738 2775 883 2825; x_wconf 91' lang='lat' dir='ltr'>putetis</span> <span class='ocrx_word' id='word_1_369' title='bbox 909 2788 982 2813; x_wconf 91' lang='lat' dir='ltr'>nos</span> <span class='ocrx_word' id='word_1_370' title='bbox 1001 2788 1206 2827; x_wconf 89' lang='lat' dir='ltr'>perpessos</span> <span class='ocrx_word' id='word_1_371' title='bbox 1225 2788 1310 2814; x_wconf 88' lang='lat' dir='ltr'>esse</span> <span class='ocrx_word' id='word_1_372' title='bbox 1329 2775 1526 2827; x_wconf 88' lang='lat' dir='ltr'>superiore</span> <span class='ocrx_word' id='word_1_373' title='bbox 1553 2781 1726 2827; x_wconf 89' lang='lat' dir='ltr'>tempore</span> <span class='ocrx_word' id='word_1_374' title='bbox 1747 2776 1798 2813; x_wconf 91' lang='lat' dir='ltr'>ab</span> 
     </span>
     <span class='ocr_line' id='line_1_42' title="bbox 336 2836 1797 2889; baseline 0.001 -15"><span class='ocrx_word' id='word_1_375' title='bbox 336 2836 419 2874; x_wconf 86' lang='lat' dir='ltr'>istis</span> <span class='ocrx_word' id='word_1_376' title='bbox 439 2836 675 2888; x_wconf 86' lang='lat' dir='ltr'>istorumque</span> <span class='ocrx_word' id='word_1_377' title='bbox 695 2836 921 2888; x_wconf 87' lang='lat' dir='ltr'>petulantia,</span> <span class='ocrx_word' id='word_1_378' title='bbox 941 2837 1006 2888; x_wconf 92' lang='lat' dir='ltr'>qui</span> <span class='ocrx_word' id='word_1_379' title='bbox 1026 2843 1175 2875; x_wconf 86' lang='lat' dir='ltr'>tantam</span> <span class='ocrx_word' id='word_1_380' title='bbox 1194 2844 1363 2876; x_wconf 88' lang='lat' dir='ltr'>vestram</span> <span class='ocrx_word' id='word_1_381' title='bbox 1387 2837 1524 2875; x_wconf 86' lang='lat' dir='ltr'>urbem</span> <span class='ocrx_word' id='word_1_382' title='bbox 1552 2843 1797 2889; x_wconf 88' lang='lat' dir='ltr'>contempse-</span> 
     </span>
     <span class='ocr_line' id='line_1_43' title="bbox 335 2898 1798 2951; baseline 0.001 -15"><span class='ocrx_word' id='word_1_383' title='bbox 335 2904 425 2936; x_wconf 88' lang='lat' dir='ltr'>runt</span> <span class='ocrx_word' id='word_1_384' title='bbox 444 2905 484 2936; x_wconf 90' lang='lat' dir='ltr'>et</span> <span class='ocrx_word' id='word_1_385' title='bbox 500 2898 608 2950; x_wconf 82' lang='lat' dir='ltr'>leges</span> <span class='ocrx_word' id='word_1_386' title='bbox 627 2905 790 2948; x_wconf 88' lang='lat' dir='ltr'>vestras,</span> <span class='ocrx_word' id='word_1_387' title='bbox 810 2906 862 2947; x_wconf 87' lang='lat' dir='ltr'>et,</span> <span class='ocrx_word' id='word_1_388' title='bbox 882 2899 988 2951; x_wconf 91' lang='lat' dir='ltr'>quod</span> <span class='ocrx_word' id='word_1_389' title='bbox 1008 2906 1141 2951; x_wconf 89' lang='lat' dir='ltr'>aperte</span> <span class='ocrx_word' id='word_1_390' title='bbox 1166 2899 1318 2951; x_wconf 88' lang='lat' dir='ltr'>legibus</span> <span class='ocrx_word' id='word_1_391' title='bbox 1337 2898 1586 2937; x_wconf 86' lang='lat' dir='ltr'>interdictum</span> <span class='ocrx_word' id='word_1_392' title='bbox 1605 2905 1679 2946; x_wconf 85' lang='lat' dir='ltr'>est,</span> <span class='ocrx_word' id='word_1_393' title='bbox 1697 2899 1798 2937; x_wconf 86' lang='lat' dir='ltr'>adeo</span> 
     </span>
     <span class='ocr_line' id='line_1_44' title="bbox 335 2960 1796 3013; baseline 0 -14"><span class='ocrx_word' id='word_1_394' title='bbox 335 2960 615 3000; x_wconf 89' lang='lat' dir='ltr'>contumeliose</span> <span class='ocrx_word' id='word_1_395' title='bbox 633 2961 781 3012; x_wconf 85' lang='lat' dir='ltr'>praedia</span> <span class='ocrx_word' id='word_1_396' title='bbox 809 2961 1063 3001; x_wconf 88' lang='lat' dir='ltr'>devastarunt</span> <span class='ocrx_word' id='word_1_397' title='bbox 1081 2975 1170 3013; x_wconf 82' lang='lat' dir='ltr'>quae</span> <span class='ocrx_word' id='word_1_398' title='bbox 1197 2960 1352 3013; x_wconf 86' lang='lat' dir='ltr'>reliquit</span> <span class='ocrx_word' id='word_1_399' title='bbox 1372 2960 1562 3012; x_wconf 84' lang='lat' dir='ltr'>Hagnias.</span> <span class='ocrx_word' id='word_1_400' title='bbox 1618 2961 1701 2999; x_wconf 83' lang='lat' dir='ltr'>Lex</span> <span class='ocrx_word' id='word_1_401' title='bbox 1727 2960 1796 2999; x_wconf 74' lang='lat' dir='ltr'>&#39;au-</span> 
     </span>
    </p>
   </div>
   <div class='ocr_carea' id='block_1_11' title="bbox 1930 2658 1948 3306">
    <p class='ocr_par' dir='ltr' id='par_1_12' title="bbox 1930 2658 1948 3306">
     <span class='ocr_line' id='line_1_45' title="bbox 1930 2658 1948 3306; baseline 0 0"><span class='ocrx_word' id='word_1_402' title='bbox 1930 2658 1948 3306; x_wconf 95' lang='lat' dir='ltr'> </span> 
     </span>
    </p>
   </div>
  </div>
 </body>
</html>
