1915 3356
578 178 803 216 CONTRA
845 177 1206 216 TIMARCHUM.
1581 180 1631 215 35

158 282 358 333 republica
375 278 492 320 fa'ciet
513 282 656 321 severis
688 282 849 320 deabus.
893 280 999 324 Quid
1031 294 1125 330 ergo
1145 282 1328 319 miramur
1351 281 1506 332 publice
1536 281 1630 318 nihil

157 345 229 382 rite
249 344 344 394 geri,
365 357 452 382 cum
474 343 694 382 istiusmodi
721 350 917 381 oratorum
938 341 1094 378 nomina
1114 342 1323 392 plebiscitis
1347 343 1629 381 inscribantur:

156 419 246 445 cum
273 419 361 444 eum
383 406 450 457 qui
479 406 585 444 domi
604 405 766 456 turpiter
786 404 892 449 vixit,
917 403 1092 453 legatum
1119 411 1228 442 extra
1254 405 1390 442 urbem
1415 405 1632 451 mittamus,

153 467 266 519 eique
295 468 343 506 de
369 469 485 506 rebus
507 467 679 506 maximis
708 466 826 503 fidem
846 465 1090 503 habeamus?
1129 465 1236 507 Quid
1268 474 1396 504 autem
1428 480 1507 505 non
1536 481 1628 505 ven-

155 529 267 568 deret
284 530 331 576 is,
359 530 425 581 qui
445 529 617 581 corporis
639 528 812 566 dedecus
838 528 1008 579 pecunia
1037 527 1214 565 addixit?
1245 528 1368 579 Cujus
1389 528 1451 566 ille
1471 530 1629 568 misere-

154 591 270 638 bitur,
290 592 355 642 qui
376 592 435 629 sui
455 591 578 642 ipsius
597 590 776 628 misertus
796 603 875 628 non
895 590 983 628 est?
1022 590 1096 628 Cui
1116 602 1231 640 porro
1246 596 1414 627 vestrum
1434 604 1511 628 non
1534 593 1628 630 satis

154 659 249 691 nota
267 660 327 691 est
347 652 543 690 Timarchi
562 651 817 703 improbitas?
849 652 905 690 Ut
924 652 1023 689 enim
1044 651 1213 703 pugiles,
1233 651 1388 689 tametsi
1408 651 1445 688 in
1466 666 1628 703 gymna-

153 713 218 752 siis
247 727 325 752 non
355 713 610 760 adfuerimus,
639 713 887 752 considerato
919 713 1053 751 habitu
1088 725 1293 763 corporum
1326 713 1627 763 cognoscimus:

153 774 209 813 sic
228 775 445 826 profligatae
463 775 634 813 libidinis
654 774 842 819 homines,
867 774 1021 812 tametsi
1043 773 1282 818 facinoribus
1311 787 1446 812 eorum
1472 788 1549 812 non
1571 775 1628 812 in-

153 836 415 883 terfuerimus,
435 850 483 875 ex
510 836 754 888 impudentia
779 843 897 888 atque
923 835 1089 874 audacia
1114 842 1153 874 et
1169 835 1406 887 quotidianae
1425 836 1512 873 vitae
1532 849 1625 874 con-

150 897 358 937 suetudine
379 897 644 949 agnoscimus.
701 897 777 942 Qui
797 898 901 935 enim
921 897 1098 936 maximis
1119 897 1157 934 in
1171 898 1286 935 rebus
1306 897 1413 948 leges
1433 904 1472 935 et
1492 898 1626 937 mode-

152 959 264 999 stiam
295 960 486 1011 despexit,
507 960 682 998 habitum
705 960 902 1011 quendam
923 960 1052 998 animo
1080 972 1151 998 suo
1170 959 1381 1010 impressit,
1402 960 1466 1011 qui
1487 973 1534 998 ex
1555 961 1625 998 im-

150 1022 344 1061 modestia
362 1036 511 1060 morum
524 1023 665 1062 elucet.
697 1022 906 1061 Invenietis
926 1023 1042 1060 etiam
1061 1023 1248 1074 plurimos
1266 1035 1312 1060 ex
1332 1023 1406 1061 isto
1425 1023 1623 1061 hominum

151 1098 306 1134 genere,
326 1086 392 1136 qui
415 1093 456 1124 et
483 1086 597 1124 urbes
619 1085 840 1131 everterint,
869 1092 908 1123 et
928 1085 975 1122 in1
992 1086 1180 1123 maximas
1203 1084 1275 1135 ipsi
1304 1085 1542 1123 calamitates
1566 1086 1624 1123 in-

151 1146 327 1185 ciderint.
359 1146 500 1198 Neque
528 1147 630 1185 enim
649 1147 807 1198 putetis,
828 1146 1106 1194 Athenienses,
1126 1147 1342 1185 facinorum
1368 1146 1477 1185 initia
1495 1160 1517 1185 a
1537 1147 1624 1194 diis,

149 1221 227 1246 non
249 1209 298 1246 ab
325 1208 525 1246 hominum
545 1208 762 1260 petulantia
780 1209 972 1260 proficisci
990 1222 999 1247 2
1038 1219 1105 1247 aut
1126 1208 1263 1260 impios
1293 1208 1486 1255 homines,
1509 1217 1552 1247 ut
1583 1210 1623 1247 in

148 1269 363 1320 tragoediis,
385 1283 409 1308 a
427 1270 536 1308 furiis
557 1269 707 1321 agitari,
729 1278 768 1307 et
792 1269 942 1308 facibus
963 1270 1192 1308 ardentibus
1215 1270 1368 1321 puniri:
1401 1271 1473 1309 sed
1502 1278 1622 1309 teme-

146 1332 257 1370 rariae
293 1333 464 1383 corporis
501 1332 738 1384 voluptates,
779 1340 817 1370 et
855 1332 1098 1383 inexplebilis
1139 1332 1361 1383 cupiditatis
1399 1333 1494 1379 sitis,
1537 1333 1623 1372 haec

144 1392 301 1431 demum
323 1402 415 1433 sunt
433 1394 540 1432 unde
559 1394 761 1432 latrocinia
776 1394 990 1432 exsistant:
1010 1393 1094 1431 haec
1110 1393 1149 1431 in
1167 1407 1425 1446 myoparones
1438 1396 1621 1446 piraticos

146 1456 375 1507 impellunt:
422 1456 507 1494 haec
535 1470 854 1508 unumquemque
894 1456 1092 1494 cruciant:
1125 1456 1212 1494 haec
1253 1456 1525 1495 adolescentes
1563 1457 1621 1495 in-

147 1518 299 1556 ducunt
317 1518 368 1555 ad
387 1519 491 1556 cives
513 1518 761 1564 occidendos,
781 1518 832 1562 ,ad
853 1525 1036 1568 tyrannos
1068 1518 1361 1564 custodiendos,
1389 1519 1437 1557 ad
1466 1533 1619 1570 rempu-

143 1580 287 1618 blicam
306 1580 616 1631 opprimendam.
653 1581 792 1631 Neque
813 1580 913 1618 enim
935 1588 1002 1618 aut
1022 1580 1143 1631 ipsius
1165 1580 1218 1618 rei
1240 1581 1427 1625 dedecus,
1444 1589 1511 1619 aut
1530 1595 1619 1633 sup-

143 1642 349 1694 pliciorum
363 1644 606 1681 atrocitatem
622 1642 886 1688 considerant,
905 1643 974 1682 sed
990 1656 1059 1694 spe
1075 1656 1327 1681 successuum
1345 1643 1492 1681 deliniti
1505 1652 1622 1683 ruunt
1647 1640 1654 1645 ’

145 1705 183 1742 in
204 1705 367 1743 facinus.

200 1768 264 1805 38.
296 1766 520 1805 Exscindite
555 1767 685 1818 igitur,
705 1767 932 1813 exscindite‚
964 1767 1239 1813 Athenienses,
1267 1767 1360 1805 talia
1382 1769 1551 1818 ingenia,
1581 1778 1620 1808 et

143 1829 313 1867 indolem
348 1829 640 1867 adolescentum
672 1830 722 1867 ad
753 1829 902 1867 virtutis
934 1829 1230 1867 admirationem
1258 1830 1438 1868 excitate.
1484 1831 1617 1870 Unum

143 1898 273 1929 autem
292 1891 480 1942 quiddam
501 1891 592 1929 satis
613 1891 940 1941 scitote,—atque
959 1891 997 1928 id
1018 1892 1123 1942 quod
1145 1892 1319 1929 dicturus
1349 1906 1446 1937 sum,
1477 1893 1514 1929 in
1537 1908 1616 1931 me-

142 1953 265 1992 moria
289 1953 530 2004 reponite-—‚
553 1954 584 1991 si
606 1953 820 1991 facinorum
847 1967 1005 1991 suorum
1033 1967 1166 2005 poenas
1196 1954 1425 1992 Timarchus
1454 1955 1619 2002 dederit,

144 2015 389 2066 disciplinam
427 2015 593 2053 civitatis
631 2015 784 2065 erigetis
802 2029 810 2053 :
853 2016 911 2053 sin
949 2015 1068 2053 fuerit
1115 2015 1332 2061 absolutus,
1371 2018 1618 2068 praestitisset

142 2090 302 2116 causam
321 2077 420 2115 hanc
441 2078 478 2114 in
493 2076 684 2128 judicium
707 2091 784 2115 non
805 2078 970 2115 venisse.
1011 2078 1111 2115 Nam
1133 2077 1360 2128 priusquam
1388 2079 1615 2119 Timarchus

143 2139 180 2176 in
196 2139 386 2191 judicium
409 2139 682 2186 adduceretur,
708 2146 894 2177 terrorem
913 2139 1105 2189 aliquibus
1126 2140 1290 2177 incussit
1317 2140 1394 2185 lex,
1415 2148 1453 2178 et
1473 2155 1614 2181 nomen

134 2201 395 2253 judiciorum:
427 2202 457 2239 si
490 2208 618 2239 autem
650 2201 830 2253 princeps
852 2202 1105 2252 improbitatis
1127 2208 1166 2239 et
1192 2201 1465 2248 nobilissimus,
1498 2203 1615 2255 inju-

141 2264 282 2301 dicium
302 2263 496 2301 adductus
516 2263 680 2301 evaserit
698 2263 906 2309 indemnis,
928 2263 1071 2301 multos
1093 2263 1142 2300 ad
1163 2263 1405 2314 peccandum
1427 2264 1613 2312 incitabit,

140 2339 186 2364 ac
206 2326 365 2364 tandem
385 2333 552 2364 vestram
574 2326 811 2363 iracundiam
834 2339 909 2363 non
932 2325 1070 2370 oratio,
1092 2325 1161 2363 sed
1180 2332 1333 2376 tempus
1358 2327 1486 2377 ipsum
1508 2341 1613 2365 com-

140 2389 323 2427 movebit.
364 2389 424 2426 Ne
446 2401 536 2426 vero
556 2400 641 2426 eam
661 2388 699 2425 in
721 2389 879 2435 multos,
902 2388 971 2426 sed
991 2388 1029 2425 in
1052 2402 1170 2425 unum
1193 2388 1371 2434 exserite,
1399 2403 1613 2442 eorumque

139 2457 366 2502 apparatum
388 2459 427 2489 et
446 2450 655 2489 advocatos
676 2457 834 2489 cavete:
871 2451 921 2488 de
943 2463 1106 2501 quorum
1128 2464 1202 2501 ego
1223 2450 1375 2488 nemine
1396 2451 1521 2489 dicam
1544 2467 1611 2491 no-

138 2512 325 2557 minatim,
348 2526 398 2550 ne
418 2512 494 2551 hoc
510 2513 694 2551 orationis
712 2527 792 2551 suae
808 2512 1035 2564 principium
1050 2519 1219 2557 sumant,
1234 2526 1274 2550 se
1295 2513 1516 2564 prodituros
1532 2528 1609 2553 non

137 2575 271 2619 fuisse,
292 2575 364 2612 nisi
388 2575 612 2613 nominatim
636 2575 860 2626 compellati
881 2575 1059 2613 fuissent.
1098 2575 1201 2612 Illud
1218 2582 1345 2612 autem
1365 2574 1516 2621 faciam,
1540 2591 1610 2615 no-

138 2636 305 2674 minibus
335 2636 605 2683 dissimulatis,
636 2650 849 2688 eorumque
871 2636 1008 2675 studiis
1032 2637 1358 2681 commemoratis,
1382 2637 1495 2674 etiam
1527 2651 1611 2688 per-

138 2710 255 2735 sonas
276 2697 434 2736 reddam
455 2706 581 2737 notas.
622 2699 739 2743 Quod
753 2706 796 2737 ut
816 2699 897 2743 fiat,
920 2699 1085 2749 quisque
1106 2698 1187 2750 ipse
1208 2699 1245 2735 in
1260 2712 1379 2736 causa
1394 2699 1464 2736 erit
1483 2700 1513 2737 si
1531 2700 1607 2739 huc

137 2758 399 2805 adscenderit,
420 2768 459 2799 et
477 2762 642 2799 frontem
669 2761 922 2812 perfricuerit.
958 2761 1115 2798 Adsunt
1143 2760 1203 2798 isti
1234 2761 1306 2798 tria
1330 2761 1608 2801 advocatorum

138 2835 304 2873 genera:
345 2822 422 2869 alii,
459 2824 524 2874 qui
560 2824 651 2861 luxu
681 2823 908 2874 quotidiano
943 2823 1177 2874 patrimonia
1207 2835 1276 2860 sua
1314 2823 1606 2863 exhauserunt:

137 2884 215 2930 alii,
243 2885 309 2936 qui
328 2885 424 2923 flore
445 2887 567 2923 aetatis
587 2893 628 2924 et
656 2886 882 2937 corporibus
905 2886 985 2923 suis
1014 2898 1091 2923 non
1122 2892 1226 2923 recte
1255 2884 1313 2922 usi
1339 2892 1440 2930 sunt,
1464 2899 1534 2925 nec
1556 2887 1606 2926 de

138 2945 347 2985 Timarcho
387 2947 659 2995 sollicitantur,
698 2948 768 2987 sed
805 2947 852 2986 dc
893 2947 1124 2998 semetipsis,
1172 2946 1329 2998 suisque
1369 2947 1521 2993 studiis,
1561 2963 1606 2987 ne
