1915 3356
559 204 783 248 CONTRA
812 207 1172 247 TIMARCHUM.
1528 208 1571 245 17

111 312 286 351 hortatus
305 316 432 351 esset:
463 313 714 364 perforato
749 310 946 351 calculo
984 322 1118 348 suam
1157 310 1461 350 sententiam
1493 309 1574 348 de-

111 373 268 411 claret
300 372 338 410 is
371 374 444 411 cui
482 374 676 412 videtur
715 379 929 411 scortum
972 371 1138 423 egisse
1181 371 1475 418 Timarchus,
1512 372 1575 409 in-

110 442 248 485 tegro
287 442 443 473 autem
476 435 555 473 cui
592 448 650 472 no
664 448 716 472 n:
750 434 936 484 quidnam
969 433 1320 484 pronunciassetis?
1351 431 1456 472 Satis
1484 433 1578 480 scio,

110 507 181 533 vos
203 495 306 533 illum
336 496 458 534 fuisse
476 496 818 534 condemnaturus.
868 493 987 537 Quod
1007 493 1038 532 si
1065 507 1125 531 me
1149 493 1232 544 quis
1256 500 1426 531 vestrum
1454 499 1579 545 roget,

110 557 214 594 unde
233 570 307 608 ego
327 558 446 595 sciam
476 564 604 595 utrum
624 569 692 594 vos
723 556 839 593 istum
860 556 1155 594 condemnaturi
1185 555 1360 594 fueritis?
1388 555 1577 602 Dixerim‚

110 631 158 655 eo
173 619 277 669 quod
294 619 409 656 libere
424 631 574 657 mecum
594 618 761 668 egeritis,
777 631 822 656 ac
843 618 1123 656 disserueritis:
1153 616 1311 668 quando
1331 623 1370 654 et
1388 617 1453 653 ubi
1474 617 1579 667 quis-

111 692 187 729 que
206 679 245 716 id
265 679 410 724 fecerit,
426 691 506 730 vego
529 692 598 717 vos
619 679 981 717 commonefaciam.
1027 679 1128 718 Cum
1159 678 1232 717 iste
1262 677 1364 729 apud
1392 677 1579 728 populum

112 747 343 792 suggestum
357 741 674 780 conscendisset:
705 741 810 788 item,
831 754 921 779 cum
942 747 1101 779 senatus
1122 753 1226 779 anno
1247 739 1445 791 superiore
1463 738 1582 776 habe·

112 808 241 840 retur:
272 808 473 853 praeterea,
499 815 586 841 cum
612 802 849 841 mentionem
876 803 1037 841 fecisset
1066 803 1249 840 moenium
1276 800 1584 847 reficiendorum,

113 869 182 901 aut
195 863 308 902 turris
325 877 334 902 :
365 870 432 902 aut
447 871 491 902 ut
505 864 643 915 aliquis
660 864 841 916 quopiam
857 864 1132 911 abduceretur,
1147 876 1236 901 cum
1250 862 1430 900 dixisset:
1452 861 1582 899 statim

112 923 312 971 ridebatis,
335 931 375 963 et
392 925 633 970 clamabatis,
654 933 696 964 et
709 925 780 978 ipsi
800 925 986 964 dicebatis
1007 924 1242 977 cognomina
1260 937 1399 970 rerum,
1419 936 1585 975 quarum

113 985 149 1023 ei
170 986 264 1024 estis
290 986 450 1025 conscii.
494 987 555 1025 Ac
582 987 705 1025 multa
734 987 891 1038 quidem
917 993 1050 1025 vetera
1077 986 1277 1025 omittam:
1308 998 1396 1035 quae
1422 997 1514 1022 vero
1544 984 1585 1021 in

113 1046 201 1097 ipsa
221 1047 410 1096 concione
430 1055 520 1085 acta
539 1054 645 1093 sunt,
665 1060 753 1084 cum
774 1059 849 1096 ego
876 1047 1082 1086 Timarcho
1109 1046 1300 1100 judicium
1330 1045 1406 1084 hoc
1435 1046 1586 1084 denun-

115 1108 226 1154 ciavi,
251 1119 299 1145 ea
317 1108 425 1145 vobis
444 1108 484 1144 in
509 1108 730 1144 memoriam
750 1108 957 1145 revocabo:
989 1107 1092 1144 Nam
1112 1121 1201 1144 eum
1232 1113 1390 1145 senatus
1410 1107 1587 1158 Areopa—

116 1168 255 1219 giticus
274 1168 462 1220 populum
489 1181 538 1206 ex
567 1167 677 1206 istius
704 1167 863 1206 decreto
882 1167 1100 1215 accederet,
1129 1168 1236 1219 quod
1264 1168 1338 1206 iste
1364 1169 1511 1207 fecerat
1537 1168 1587 1206 de

114 1229 320 1268 domiciliis
357 1230 395 1267 in
424 1229 584 1281 Pnyce:
613 1229 829 1268 orationem
853 1229 1008 1267 nomine
1041 1236 1198 1267 senatus
1221 1230 1488 1280 Areopagitici
1518 1229 1587 1268 ha-

116 1291 234 1329 bebat
263 1291 509 1343 Autolycus:
541 1291 620 1342 qui,
641 1291 696 1329 ita
724 1303 787 1329 me
818 1290 871 1328 dii
893 1296 1036 1336 ament,
1056 1291 1156 1329 bene
1185 1290 1430 1342 honesteque
1455 1298 1495 1329 et
1521 1303 1591 1343 pro

117 1353 202 1405 ejus
233 1352 389 1392 concilii
415 1352 605 1404 dignitate
632 1352 802 1392 vixerat:
834 1352 904 1390 sed
933 1352 999 1390 ubi
1030 1352 1188 1390 tandem
1216 1352 1257 1390 in
1290 1352 1476 1391 orationis
1501 1365 1592 1405 pro-

118 1427 258 1465 gressu
296 1414 406 1459 dixit,
437 1420 615 1452 senatum
644 1414 842 1452 Timarchi
869 1414 1102 1454 sententiam
1134 1413 1183 1452 de
1213 1413 1424 1453 solitudine
1450 1413 1525 1453 hac
1554 1420 1594 1453 et

119 1476 208 1515 loco
231 1476 270 1514 in
290 1475 426 1528 Pnyce
443 1475 689 1527 improbare:
718 1489 767 1514 ne
786 1476 990 1523 miremini,
1016 1474 1154 1527 inquit,
1180 1476 1455 1523 Athenienses,
1478 1475 1510 1514 si
1527 1476 1593 1514 Ti-

121 1537 306 1576 marchus
339 1537 477 1588 peritia
509 1543 687 1575 senatum
711 1543 891 1588 superat:
922 1536 974 1575 ibi
1001 1549 1069 1574 vos
1099 1536 1279 1587 plausum
1312 1536 1525 1584 excitastis,
1555 1542 1596 1575 et

123 1599 363 1652 Autolycum
377 1612 470 1639 vera
488 1599 593 1650 loqui
611 1599 786 1643 dixistis;
817 1612 903 1638 esse
924 1599 1024 1637 enim
1046 1611 1133 1637 eum
1156 1598 1331 1638 locorum
1352 1599 1504 1637 illorum
1524 1612 1593 1651 pe-

119 1661 251 1700 ritum.
281 1662 497 1714 Autolycus
516 1668 646 1701 autem
666 1661 806 1713 plausu
821 1667 954 1700 vestro
974 1674 1052 1699 non
1068 1660 1283 1707 intellecto,
1303 1674 1438 1699 severo
1459 1661 1595 1699 admo—

121 1723 218 1761 dum
231 1723 342 1761 vultu
354 1730 446 1775 post
461 1723 704 1762 intervallum
726 1723 846 1761 dixit:
867 1736 938 1761 nos
954 1723 1216 1774 Areopagitae,
1238 1722 1512 1769 Athenienses,
1531 1722 1597 1760 Ti-

122 1784 323 1824 marchum
338 1797 411 1823 nec
430 1798 674 1832 accusamus,
689 1798 763 1823 nec
782 1784 1226 1836 defendimus,—-neque
1245 1784 1347 1822 enim
1367 1784 1535 1836 patrium
1555 1784 1597 1822 id

120 1846 233 1885 nobis
250 1852 377 1894 est—,
394 1847 463 1885 sed
480 1847 582 1885 hanc
601 1846 754 1885 veniam
773 1846 978 1884 Timarcho
1000 1845 1151 1884 damus.
1181 1846 1282 1883 Tum
1303 1845 1388 1892 iste,
1405 1845 1597 1892 fortassis,

123 1908 263 1959 inquit,
282 1908 434 1959 putavit
452 1907 492 1946 in
518 1908 594 1946 hoc
617 1907 768 1946 silentio
797 1920 960 1959 parvum
986 1919 1009 1946 a
1039 1914 1215 1946 nostrum
1235 1920 1470 1959 unoquoque
1492 1920 1598 1945 sum-

122 1976 232 2022 ptum
258 1970 351 2008 fieri.
385 1970 540 2008 Rursus
560 1970 610 2009 ob
630 1969 828 2008 silentium
846 1977 887 2008 et
904 1982 1068 2021 parvum
1089 1975 1304 2020 sumptum,
1323 1969 1447 2021 major
1471 1976 1601 2007 vester

123 2043 213 2069 eum
242 2030 395 2083 excepit
413 2044 502 2070 cum
521 2031 600 2069 risu
622 2032 798 2083 plausus.
858 2031 912 2069 Ut
936 2044 1023 2069 vero
1051 2031 1287 2068 mentionem
1307 2031 1401 2069 fecit
1424 2042 1600 2068 arearum

123 2099 165 2132 et
182 2092 392 2139 canalium,
408 2094 486 2131 risu
506 2106 605 2145 pene
624 2093 790 2131 emortui
809 2093 916 2131 estis.
945 2093 1003 2131 Ibi
1026 2093 1273 2143 Pyrrhander
1292 2092 1423 2143 prodit
1441 2105 1509 2129 vos
1530 2091 1600 2129 ob-

120 2154 374 2206 jurgaturus:
405 2161 445 2192 et
462 2160 576 2205 rogat
592 2154 795 2204 populum,
812 2167 862 2192 an
891 2167 966 2191 non
992 2153 1156 2204 puderet
1182 2153 1306 2190 ridere
1325 2160 1519 2204 praesente
1540 2165 1603 2191 se-

127 2222 224 2253 natu
243 2214 533 2266 Areopagitico.
574 2213 657 2251 Vos
678 2221 807 2251 autem
827 2215 1032 2264 repudiato
1053 2227 1098 2252 eo
1120 2213 1376 2265 respondistis
1396 2224 1404 2250 ε
1443 2215 1601 2260 scimus,

128 2275 389 2328 Pyrrhander,
410 2287 541 2313 coram
560 2273 622 2312 his
643 2286 722 2312 non
752 2287 838 2313 esse
860 2274 1088 2312 ridendum:
1119 2275 1186 2313 sed
1208 2287 1266 2313 res
1285 2274 1386 2313 adeo
1413 2275 1523 2313 fortis
1543 2283 1605 2314 est

127 2338 286 2384 veritas,
312 2343 357 2374 ut
381 2349 518 2375 omnes
535 2336 726 2374 humanas
757 2336 1014 2387 cogitationes
1042 2336 1185 2375 vincat.
1225 2337 1316 2375 Hoc
1336 2350 1409 2388 ego
1429 2338 1604 2375 testimo-

128 2398 234 2436 nium
251 2397 361 2436 vobis
375 2411 462 2436 esse
477 2397 711 2449 perhibitum
724 2397 901 2436 existimo
919 2411 941 2435 a
957 2397 1102 2449 populo
1118 2397 1363 2445 Atheniensi,
1376 2399 1480 2449 quod
1497 2412 1605 2437 men-

129 2459 231 2498 dacii
250 2459 407 2510 coargui
428 2459 537 2497 nefas
560 2465 633 2497 est.
673 2459 896 2497 Absurdum
917 2459 1033 2510 igitur
1054 2459 1183 2507 fuerit,
1203 2459 1476 2506 Athenienses,
1497 2460 1606 2499 sime

130 2521 226 2559 nihil
257 2521 423 2567 dicente,
451 2521 524 2572 ipsi
553 2520 803 2572 proclamatis
838 2528 1147 2572 cognomentum
1183 2521 1411 2569 facinorum,
1441 2535 1607 2573 quorum

129 2583 194 2621 isti
214 2583 308 2622 estis
327 2583 487 2630 conscii,
507 2596 567 2621 me
588 2596 679 2622 vero
698 2583 854 2622 dicente
874 2583 985 2621 obliti
1008 2583 1102 2622 estis
1119 2596 1127 2621 :
1159 2584 1268 2634 sique
1290 2583 1396 2621 nullo
1415 2583 1464 2620 de
1484 2597 1523 2621 re
1543 2584 1607 2634 ju-

133 2645 235 2683 dicio
253 2645 358 2683 facto
376 2645 657 2683 condemnatus
676 2652 790 2692 esset,
805 2658 844 2684 re
867 2658 958 2683 vero
975 2644 1153 2683 convicta
1172 2645 1405 2683 absolvetur.

190 2706 255 2744 17.
281 2705 491 2756 Postquam
507 2712 635 2745 autem
653 2706 926 2758 suffragiorum
942 2705 1114 2753 memini,
1126 2713 1167 2744 et
1179 2713 1354 2744 actorum
1372 2703 1611 2755 Demophili,

136 2767 243 2806 aliud
270 2766 387 2805 etiam
405 2767 466 2806 his
486 2768 535 2806 de
563 2769 681 2807 rebus
703 2767 926 2820 exemplum
946 2767 1153 2806 adducam.
1198 2768 1306 2805 Idem
1326 2767 1429 2805 enim
1459 2766 1522 2803 hic
1553 2765 1612 2804 vir

135 2828 240 2880 prius
259 2827 374 2866 etiam
390 2827 615 2880 hujusmodi
635 2829 835 2882 quippiam
856 2828 991 2879 gessit.
1022 2828 1277 2879 Conquestus
1298 2835 1370 2874 est,
1391 2840 1475 2866 esse
1495 2839 1612 2878 quos-

136 2890 227 2928 dam
242 2889 308 2941 qui
319 2888 567 2929 instituerent
579 2903 826 2943 corrumpere
840 2890 1080 2934 concionem,
1095 2897 1300 2941 ceteraque
1305 2889 1465 2938 judicia,
1476 2901 1612 2941 quem-

139 2951 352 2990 admodum
370 2952 487 2990 etiarn
507 2963 615 2991 nunc
634 2952 906 2996 Nicostratus;
940 2958 980 2991 et
999 2951 1059 2990 his
1080 2951 1129 2990 de
1145 2951 1258 2990 rebus
1270 2950 1421 3002 judicia
1434 2951 1614 3003 quaedam

833 3012 853 3033 *
877 3025 904 3050 D
