1915 3356
879 330 910 368 Ι.

536 440 638 489 DE
698 440 1249 491 CONCORDIA.

225 616 376 654 Omns
395 621 434 654 et
449 615 540 654 dicti
563 622 602 654 et
621 615 712 655 facti
730 618 912 669 gravioris
932 617 1120 671 principia
1140 616 1323 657 ducenda
1341 617 1434 655 mihi
1453 618 1633 658 videntur

168 690 193 717 a
211 678 282 716 diis
301 678 593 716 immortalibus.
650 679 794 719 Precor
815 689 944 720 autem
965 681 1060 719 deos
1082 681 1252 731 deasque
1279 694 1428 727 omnes,
1449 688 1504 728 ut,
1525 681 1632 732 quod

165 740 392 778 Atheniensi
413 740 554 792 populo
572 741 820 780 utilissimum
842 751 903 782 est
929 752 969 782 et
995 742 1140 795 populo
1172 743 1269 780 bene
1300 743 1562 794 cupientibus,
1593 743 1633 781 id

165 809 204 839 et
223 815 328 840 nunc
344 809 383 841 et
396 802 560 854 posthac
580 803 670 841 mihi
689 806 819 843 veniat
839 805 877 843 in
889 812 1059 844 mentem
1080 798 1257 850 scribere,
1275 811 1312 843 et
1335 805 1632 843 Atheniensium

164 864 341 903 concioni
360 864 582 904 decernere.
631 866 731 904 Haec
751 877 946 918 precatus,
966 882 1054 907 cum
1075 880 1157 920 spe,
1173 867 1265 905 mihi
1284 867 1466 906 divinitus
1487 866 1633 918 aliquid

162 926 309 964 bonum
327 926 478 966 venisse
497 927 536 966 in
555 935 739 975 mentem,
762 929 818 968 sic
850 931 990 969 scribo.

336 1038 749 1078 DEMOSTHENES
779 1041 1020 1096 SENATVUI
1049 1040 1384 1085 POPULOQUE
1416 1041 1458 1079 S.

219 1126 336 1170 Quod
363 1127 411 1166 de
443 1141 530 1166 meo
560 1128 600 1166 in
625 1130 788 1180 patriam
815 1129 943 1168 reditu
965 1142 1117 1180 semper
1145 1129 1324 1167 omnibus
1347 1127 1455 1166 vobis
1484 1127 1633 1165 delibe-

164 1187 277 1226 randi
297 1189 449 1240 copiam
464 1190 545 1228 fore
564 1197 672 1241 puto,
695 1205 799 1230 nunc
820 1191 869 1229 de
890 1205 936 1229 eo
955 1190 1052 1228 nihil
1070 1190 1228 1241 scripsi:
1259 1204 1348 1228 cum
1373 1203 1460 1228 vero
1480 1189 1631 1227 videam

161 1248 236 1288 hoc
265 1264 370 1289 nunc
390 1264 474 1289 esse
493 1259 650 1303 tempus
680 1266 757 1304 quo
777 1267 861 1299 vos,
892 1253 922 1290 si
957 1260 1064 1290 recta
1083 1252 1246 1290 consilia
1267 1251 1496 1303 sequamini,
1518 1250 1633 1289 simul

158 1317 200 1349 et
219 1311 381 1362 gloriam
401 1321 440 1351 et
460 1313 625 1352 salutem
645 1321 685 1353 et
704 1315 919 1353 libertatem
937 1314 1099 1365 adipisci
1121 1314 1277 1365 possitis
1294 1327 1373 1351 non
1390 1313 1507 1351 modo
1524 1312 1632 1350 vobis

160 1373 231 1411 sed
251 1380 291 1412 et
310 1374 464 1426 reliquis
492 1375 678 1415 universis
712 1376 879 1423 Graecis,
907 1377 967 1415 sin
998 1376 1212 1414 erraveritis
1244 1375 1445 1427 deceptive
1470 1375 1632 1419 fueritis,

160 1448 239 1473 non
259 1435 370 1475 facile
389 1450 504 1488 posse
525 1438 690 1476 eandem
712 1439 957 1477 occasionem
990 1438 1222 1489 recuperari,
1245 1439 1339 1476 duxi
1369 1451 1494 1477 meam
1513 1451 1632 1489 quam

160 1498 210 1536 de
228 1498 337 1537 hisce
360 1499 545 1538 haberem
565 1501 784 1552 opinionem
813 1502 852 1538 in
875 1501 1045 1539 medium
1076 1514 1164 1539 esse
1195 1501 1486 1553 proferendam.
1544 1500 1632 1538 Dif-

158 1560 259 1598 ficile
288 1561 445 1612 quidem
477 1569 538 1601 est
567 1577 637 1615 per
665 1563 797 1602 literas
819 1571 1018 1615 pertexere
1037 1563 1265 1602 consilium:
1297 1564 1421 1602 multa
1440 1563 1540 1601 enim
1560 1577 1632 1602 vos

157 1630 248 1661 ante
267 1636 346 1662 rem
368 1625 564 1676 cognitam
585 1625 718 1665 soletis
738 1626 999 1678 interpellare.
1057 1626 1114 1664 Ac
1135 1625 1279 1664 dicenti
1301 1625 1412 1664 facile
1442 1633 1515 1672 est,
1536 1625 1632 1676 quid

158 1684 286 1724 velitis
324 1687 642 1734 animadvertere,
676 1688 860 1739 quodque
890 1688 1092 1739 ignoratur
1120 1695 1223 1726 recte
1248 1689 1472 1739 explicare:
1500 1687 1631 1728 libello

159 1754 290 1786 autem
309 1747 461 1785 nullum
488 1748 566 1786 tale
587 1749 853 1800 adjumentum
875 1749 1049 1801 suppetit
1074 1756 1210 1788 contra
1230 1750 1529 1788 tumultuantes.
1589 1749 1630 1788 Si

157 1815 289 1848 tamen
308 1810 442 1848 audire
462 1811 598 1848 voletis
613 1824 700 1849 cum
723 1811 876 1849 silentio
904 1818 943 1849 et
962 1811 1240 1863 exspectabitis
1262 1812 1355 1849 dum
1376 1825 1455 1849 rem
1476 1825 1632 1851 omnem

156 1872 432 1923 cognoveritis,
452 1886 565 1924 spero
585 1873 657 1911 diis
678 1873 867 1924 propitiis,
888 1887 1114 1925 quanquam
1142 1874 1279 1912 breves
1302 1874 1363 1911 hae
1382 1873 1504 1912 literae
1525 1883 1629 1921 sunt,

157 1934 239 1973 fore
258 1941 300 1973 ut
319 1942 504 1986 appareat
523 1948 583 1973 me
603 1942 641 1973 et
660 1935 805 1986 optimo
832 1935 961 1973 studio
989 1949 1036 1974 ea
1063 1937 1194 1974 conari
1225 1950 1294 1988 pro
1315 1936 1424 1974 vobis
1445 1950 1533 1987 quae
1562 1937 1631 1975 de-

157 2003 274 2035 ceant
292 2003 331 2035 et
350 2010 438 2048 quae
457 1997 565 2035 vobis
581 1998 792 2049 expediant
812 1999 1014 2049 perspicue
1029 1997 1329 2036 declaraturum.
1375 1998 1516 2049 Neque
1537 2012 1630 2038 vero

157 2071 205 2097 eo
223 2058 386 2097 consilio
404 2058 525 2097 hasce
545 2059 592 2097 ad
628 2073 695 2097 vos
727 2059 819 2097 dedi
850 2059 994 2106 literas,
1015 2059 1126 2111 quasi
1147 2060 1254 2098 vobis
1285 2059 1412 2098 desint
1442 2068 1630 2108 oratores,

157 2120 269 2159 aliive
304 2120 369 2172 qui
399 2120 710 2172 impraemeditati
748 2121 935 2173 quicquid
972 2120 1012 2158 in
1045 2127 1215 2159 mentem
1254 2121 1436 2159 inciderit
1469 2122 1627 2162 dicant:

155 2182 239 2228 sed,
259 2196 347 2234 quae
366 2195 435 2234 per
454 2183 731 2234 experientiam
762 2190 802 2222 et
820 2192 862 2221 ut
880 2183 918 2221 in
946 2182 1126 2234 gerendis
1158 2183 1274 2221 rebus
1307 2191 1481 2222 versatus
1502 2184 1629 2223 habeo

156 2245 329 2296 cognita,
350 2244 394 2282 iis
423 2245 626 2296 expositis,
647 2245 800 2285 dicendi
832 2245 872 2283 in
900 2245 1059 2297 publico
1095 2245 1280 2283 studiosis
1307 2247 1463 2284 uberem
1496 2260 1630 2286 eorum

155 2320 242 2358 quae
260 2320 345 2345 esse
365 2314 496 2358 putem
518 2320 539 2345 e
559 2307 714 2359 Repub.
742 2307 942 2346 materiam
962 2307 1227 2359 suppeditare,
1245 2307 1365 2359 vulgo
1395 2308 1630 2359 optimorum

154 2369 404 2408 consiliorum
425 2369 620 2408 delectum
641 2369 796 2408 facilem
823 2369 988 2408 reddere
1015 2369 1133 2407 volui.
1191 2370 1251 2408 Ac
1272 2383 1341 2408 cur
1361 2369 1462 2408 hanc
1485 2371 1628 2423 episto-

151 2431 230 2470 lam
252 2431 418 2470 scribere
439 2431 682 2479 instituerim,
701 2431 788 2470 haec
809 2438 912 2471 sunt.
954 2431 1126 2470 Primum
1148 2432 1334 2477 omnium,
1351 2432 1628 2481 Athenienses,

152 2509 223 2534 vos
244 2495 462 2534 concordes
492 2508 578 2533 esse
609 2502 766 2547 propter
794 2508 1041 2534 communem
1061 2494 1230 2534 civitatis
1249 2495 1453 2533 utilitatem
1476 2503 1630 2547 oportet

154 2567 336 2610 ortasque
372 2559 411 2596 in
445 2558 637 2610 prioribus
676 2559 931 2597 conventibus
972 2558 1111 2596 missas
1162 2558 1290 2596 facere
1343 2558 1625 2604 dissensiones,

154 2621 295 2660 deinde
314 2620 646 2659 consentientibus
678 2620 815 2659 animis
843 2634 976 2659 omnes
1002 2621 1258 2672 alacriterque
1278 2620 1464 2671 quicquid
1493 2620 1628 2658 decre-

154 2690 237 2722 tum
265 2683 379 2722 fuerit
410 2684 617 2736 adjuvare:
659 2682 752 2721 nihil
783 2683 886 2721 enim
917 2688 1141 2721 constanter
1172 2680 1474 2732 simpliciterque
1510 2693 1627 2731 agere

154 2758 232 2783 non
252 2744 368 2782 modo
399 2751 460 2783 est
478 2744 677 2795 indignum
698 2744 806 2782 vobis
827 2751 868 2782 et
885 2743 1002 2782 animi
1018 2756 1153 2794 parum
1171 2742 1368 2793 generosi,
1389 2742 1458 2779 sed
1475 2755 1626 2782 summo

154 2806 271 2845 etiam
289 2819 378 2844 cum
397 2807 568 2857 periculo
584 2806 852 2859 conjunctum.
911 2806 1005 2844 Jam
1025 2818 1098 2843 nec
1119 2805 1216 2843 illud
1236 2805 1346 2842 vobis
1367 2804 1625 2855 ignorandum

152 2876 214 2907 est
229 2882 289 2916 ea,
303 2881 390 2920 quae
410 2881 475 2919 per
493 2882 536 2907 se
565 2869 615 2907 ad
635 2876 780 2908 statum
809 2881 937 2906 rerum
957 2874 1170 2906 vestrarum
1200 2866 1392 2904 tuendum
1425 2866 1518 2905 satis
1546 2881 1624 2906 non

151 2937 256 2977 sunt,
279 2930 311 2970 si
331 2929 382 2969 ad
401 2929 572 2982 reliquas
597 2931 728 2984 copias
750 2929 1027 2982 adjungantur,
1048 2927 1245 2974 effectura,
1264 2936 1308 2967 ut
1327 2928 1450 2968 multo
1471 2929 1622 2968 facilius
