1948 3306
327 167 402 204 788
780 168 1006 208 CONTRA
1037 167 1303 207 NEAERAM.

323 281 461 316 sorem,
481 276 522 309 et
539 270 765 310 Phanonem
784 271 849 309 cui
872 270 1062 323 Strybelae
1087 282 1229 308 nomen
1259 275 1334 316 est,
1353 281 1441 319 quae
1472 268 1672 322 Theogeni
1699 267 1780 320 regi

321 331 538 370 sacrificulo
560 340 757 383 nupserat,
779 332 930 370 Neaerae
944 345 1032 370 esse
1052 331 1208 369 liberos.
1266 329 1383 374 Quod
1408 330 1440 367 si
1463 343 1483 368 e
1501 332 1784 381 quaestionibus

321 392 611 444 comperiretur,
631 393 870 445 Stephanum
897 392 1019 431 civem
1054 392 1212 430 duxisse
1247 403 1418 438 uxorem,
1447 399 1487 431 et
1512 392 1653 432 liberos
1684 394 1782 432 istos

321 466 369 490 ex
401 454 476 493 alia
506 455 667 494 muliere
694 455 777 494 cive
813 455 1048 507 suscepisse,
1070 467 1148 492 non
1179 467 1200 492 e
1230 453 1385 501 Neaera,
1416 454 1513 492 velle
1543 468 1605 493 me
1632 456 1681 494 ab
1706 455 1783 494 bac

320 514 472 554 actione
493 515 693 563 desistere,
715 524 754 554 et
773 529 852 554 non
872 516 1000 555 venire
1023 516 1063 554 in
1083 515 1290 567 judicium.
1347 514 1450 554 Nam
1469 515 1612 554 habere
1637 516 1675 554 in
1701 529 1784 555 ma·

320 576 500 616 trimonio
517 578 592 617 hoc
614 586 685 625 est,
713 578 744 616 si
779 578 867 629 quis
897 577 1036 616 liberos
1067 577 1241 629 suscipit,
1260 577 1291 615 si
1311 590 1399 615 cum
1429 577 1480 616 ad
1502 577 1681 626 curiales,
1700 583 1783 616 tum

320 638 371 677 ad
389 640 604 692 municipes
625 640 835 678 introducit
855 639 968 686 filios,
990 640 1022 678 si
1036 640 1133 678 filias
1154 653 1221 691 pro
1243 640 1321 678 suis
1337 646 1502 691 nuptum
1522 639 1661 678 elocat.
1697 639 1785 678 Me·
1822 644 1827 657 ¹

318 701 473 739 retrices
504 703 606 740 enirn
637 716 757 740 causa
783 701 996 753 voluptatis
1029 701 1192 741 alimus:
1229 701 1467 741 concubinas
1499 708 1656 754 propter
1684 712 1782 752 quo-

320 760 468 801 tidiana
485 764 709 810 ministeria,
730 771 770 802 et
789 764 1027 802 curationem
1043 763 1238 816 corporis:
1259 776 1400 801 uxores
1418 769 1574 815 propter
1588 763 1783 815 ingenuos

317 822 458 863 liberos
484 826 767 877 suscipiendos,
799 833 838 865 et
864 826 1016 865 fidelem
1038 826 1093 864 rei
1125 826 1320 864 familiaris
1346 825 1721 865 administrationem
1741 831 1781 864 et

317 885 550 925 custodiam.
579 886 749 926 Proinde
769 888 801 926 si
821 887 927 940 prius
947 887 1145 926 mulierem
1163 887 1287 926 civem
1306 886 1488 934 duxerat,
1511 894 1551 927 et
1568 901 1616 926 ex
1634 887 1702 925 illa
1719 886 1782 925 isti

317 945 426 985 liberi
445 955 547 995 sunt,
567 962 645 987 non
662 950 829 997 Neaerae,
843 949 883 988 id
904 950 938 988 ei
963 950 1179 988 certissimo
1197 949 1308 988 licuit
1320 949 1525 988 ostendere
1545 948 1781 997 testimonio,

316 1008 466 1047 traditis
497 1010 658 1049 ancillis.
716 1011 770 1049 Ut
798 1020 927 1050 autem
946 1011 1049 1050 hanc
1068 1011 1123 1049 illi
1143 1010 1406 1051 conditionem
1434 1024 1497 1049 me
1527 1010 1663 1050 tulisse
1687 1023 1781 1050 con-

316 1065 465 1117 stet‚'et
483 1072 744 1111 testimonium
763 1080 802 1112 et
821 1074 906 1125 ipsa
925 1073 1034 1113 vobis
1054 1073 1302 1112 denunciatio
1324 1073 1487 1125 legetur.
1518 1072 1660 1119 Recita
1670 1072 1780 1112 testi-

315 1132 499 1180 monium,
520 1133 663 1176 deinde
684 1135 1039 1175 denunciationem.

837 1272 1243 1313 TESTIMONIUM.

371 1355 581 1395 Hippocrates
607 1357 812 1398 Hippocratis
850 1359 930 1390 filius
960 1360 1162 1397 Probalisius‚
1188 1360 1414 1390 Demosthenes
1448 1357 1666 1389 Demosthenis
1694 1358 1776 1389 filius

314 1405 515 1445 Paeaniensis,
533 1408 711 1448 Diophanes
725 1410 895 1449 Diophanis
912 1411 990 1441 filius
1002 1411 1219 1451 Alopecensis,
1236 1411 1402 1442 Diomenes
1419 1409 1564 1440 Archelai
1579 1410 1660 1440 filius
1675 1410 1778 1450 Cyda-

312 1456 506 1495 thenaeensis,
522 1460 632 1490 Dinias
660 1461 836 1491 Phorrnidae
868 1462 948 1492 filius
968 1463 1168 1502 Cydantides,
1200 1462 1402 1502 Lysimachus
1419 1461 1551 1502 Lysippi
1572 1461 1651 1492 filius
1668 1461 1778 1501 AEgia-

311 1508 417 1545 lensis,
433 1514 595 1546 testantur,
609 1522 643 1541 se
656 1512 781 1542 affuisse
795 1513 823 1542 in
837 1513 914 1549 foro,
930 1524 1000 1543 cum
1016 1513 1225 1553 Apollodorus
1239 1514 1394 1554 Stephano
1404 1512 1611 1551 conditionem
1623 1511 1729 1548 ferret,
1739 1523 1776 1542 ac

313 1564 432 1599 peteret
448 1566 481 1591 ut
496 1562 534 1591 ad
552 1563 750 1602 quaestionem
767 1564 855 1594 daret
871 1564 1010 1601 ancillas,
1024 1575 1128 1595 earum
1152 1576 1255 1596 rerum
1276 1575 1369 1595 causa
1384 1574 1512 1605 quarum
1528 1564 1567 1594 de
1581 1565 1693 1595 Neaera
1708 1564 1778 1594 ste-
1813 1578 1820 1583 ·

310 1610 444 1650 phanum
459 1614 642 1644 accusabat:
665 1616 720 1645 sed
741 1616 926 1655 Stephanum
943 1617 1079 1647 noluisse
1095 1617 1221 1648 ancillas
1237 1617 1378 1647 tradere:
1396 1616 1660 1648 denunciationem
1675 1621 1776 1647 autem

312 1672 378 1692 eam
394 1674 463 1694 esse
479 1675 568 1704 quarn
586 1666 729 1696 exhibeat
745 1667 963 1707 Apollodorus.

311 1739 398 1793 Age
418 1743 538 1781 recita
555 1742 661 1795 ipsas
680 1744 921 1784 conditiones
936 1758 1032 1797 quas
1057 1745 1256 1798 Stephano
1278 1746 1362 1784 tuli.

847 1891 1250 1930 DENUNCIATIO.

354 1995 421 2025 Has
447 1995 640 2026 conditiones
666 1996 738 2026 tulit
762 1996 971 2035 Apollodorus
992 1996 1157 2036 Stephano,
1185 2007 1287 2026 earum
1311 2006 1414 2026 rerum
1437 2005 1530 2026 causa
1553 1999 1678 2034 propter
1700 2004 1775 2034 quas

310 2046 458 2077 actionem
475 2048 624 2077 adversus
641 2059 709 2078 eum
727 2048 914 2084 instituerat,
930 2049 1071 2078 Neaeram
1088 2048 1279 2087 peregrinam
1298 2058 1365 2077 esse
1387 2051 1420 2077 et
1440 2046 1501 2076 civi
1519 2045 1671 2085 nupsisse,
1687 2054 1773 2086 para-

308 2100 358 2127 tus
374 2098 410 2127 ad
426 2099 625 2137 qnaestionem
638 2099 776 2138 accipere
793 2100 919 2130 ancillas
932 2100 1064 2135 Neaerae,
1082 2109 1157 2138 quas
1170 2099 1222 2128 illa
1234 2098 1372 2138 Megaris
1389 2108 1492 2128 secum
1509 2096 1651 2132 adduxit,
1665 2097 1775 2127 Thrat-

308 2153 369 2178 tam
386 2153 418 2179 et
433 2149 638 2186 CoccaHuam,
654 2155 695 2184 et,
709 2161 785 2190 quas
800 2150 912 2180 deinde
925 2151 1007 2190 apud
1022 2151 1211 2193 Stephanum
1227 2152 1430 2190 comparavit,
1448 2150 1622 2180 Xennidem
1645 2152 1677 2178 et
1691 2149 1773 2178 Dro-

310 2199 421 2235 sidem,
434 2211 502 2239 quae
526 2211 590 2231 rem
608 2201 681 2231 satis
705 2202 858 2241 cognitam
877 2203 1024 2232 haberent
1047 2202 1085 2232 de
1102 2202 1220 2232 Neaerae
1240 2201 1358 2242 liberis,
1374 2211 1426 2231 eos
1446 2210 1505 2230 non
1523 2199 1670 2240 Stephani
1692 2209 1774 2235 esse,

307 2250 486 2281 Proxenum
503 2251 693 2287 defunctum,
708 2257 739 2282 et
755 2252 932 2282 Aristonem
954 2252 1165 2292 superstitem,
1182 2257 1213 2282 et
1227 2252 1443 2283 Antidoridem
1461 2261 1629 2287 cursorem,
1645 2255 1676 2280 et
1692 2250 1775 2281 Pha·

308 2311 431 2332 nonem.
477 2303 555 2340 Quae
571 2303 598 2332 si
616 2303 784 2334 faterentur
799 2315 816 2334 e
831 2305 990 2344 Stephano
1011 2308 1042 2334 et
1067 2304 1180 2335 Neaera
1196 2314 1249 2334 eos
1267 2315 1336 2334 esse
1359 2304 1485 2339 liberos,
1503 2303 1694 2334 vendendam
1709 2303 1775 2333 Ne-

307 2363 398 2382 aeram
413 2354 585 2392 utjubeant
602 2354 697 2393 leges,
720 2363 750 2384 et
768 2355 885 2385 liberos
901 2365 957 2394 pro
974 2355 1146 2394 peregrinis
1163 2355 1336 2385 habendos:
1360 2355 1406 2385 sin
1423 2365 1477 2385 eos
1494 2365 1552 2384 non
1569 2364 1611 2384 ex
1629 2353 1700 2390 ista,
1717 2353 1773 2384 sed

307 2413 345 2432 ex
368 2403 427 2433 alia
442 2403 569 2433 muliere
591 2404 660 2433 cive
677 2415 745 2434 esse
767 2405 918 2441 dicerent,
931 2406 1080 2435 desistere
1096 2405 1195 2435 voluit
1219 2407 1257 2436 ab
1270 2406 1390 2436 actione
1406 2410 1513 2435 contra
1525 2405 1667 2435 Neaeram
1685 2403 1774 2434 insti-

305 2457 380 2484 tuta.
426 2455 479 2490 Et,
495 2454 520 2484 si
536 2454 610 2494 quid
623 2455 805 2485 calamitatis
821 2455 851 2485 in
868 2456 1028 2486 tormentis
1046 2456 1236 2487 mulierculis
1251 2456 1429 2492 accidisset,
1444 2465 1576 2495 pensare
1586 2455 1740 2485 damnum.

305 2530 388 2569 Has
414 2544 489 2582 ego
507 2530 764 2578 conditiones,
791 2531 818 2570 J
823 2531 969 2578 udices,
996 2545 1116 2583 quum
1138 2531 1337 2584 Stephano
1353 2531 1520 2579 tulerim,
1540 2530 1770 2583 repudiavit.

305 2592 475 2632 Proinde
509 2594 590 2645 jain
637 2593 720 2645 ipse
752 2594 975 2646 Stephanus
1009 2601 1145 2646 suapte
1191 2594 1384 2632 sententia
1423 2593 1606 2631 Neaeram
1639 2605 1772 2631 eorum

303 2656 519 2703 criminum,
541 2666 705 2709 quorum
725 2666 784 2695 est
805 2671 827 2695 a
845 2670 906 2695 me
933 2664 1128 2702 accusata,
1149 2655 1437 2701 condemnavit,
1452 2661 1491 2693 et
1519 2668 1582 2693 me
1601 2667 1693 2693 vera
1712 2654 1771 2693 di-

302 2718 407 2757 xisse
428 2719 532 2771 apud
554 2731 640 2765 vos,
662 2725 702 2756 et
721 2718 942 2757 testimonia
967 2732 1058 2757 vera
1077 2718 1312 2765 exhibuisse,
1332 2730 1373 2756 se
1392 2729 1484 2755 vero
1514 2729 1603 2768 quae
1632 2715 1772 2755 dixerit

303 2781 434 2819 omnia
451 2780 614 2828 mentiri,
635 2787 675 2818 et
703 2793 726 2818 a
753 2780 880 2833 seipso
908 2780 1084 2819 convinci
1113 2779 1293 2831 vanitatis
1324 2779 1545 2826 confitetur,
1565 2784 1769 2830 postquam

301 2842 462 2880 ancillas
489 2855 512 2880 a
533 2855 594 2880 me
614 2843 841 2894 postulatas,
862 2842 912 2880 ad
940 2841 1194 2894 quaestionem
1225 2841 1317 2880 dare
1351 2840 1490 2879 noluit.
1547 2840 1635 2891 Ego
1663 2852 1768 2886 vero,

302 2904 476 2953 Judices,
497 2911 536 2945 et
564 2905 739 2954 deorum,
759 2918 858 2958 quos
891 2904 953 2944 isti
986 2904 1190 2952 violarunt,
1209 2911 1248 2943 et
1277 2909 1429 2956 meopte
1459 2902 1612 2942 nomine
1633 2895 1768 2955 poenas
