<?xml version="1.0" encoding="UTF-8"?>
<!DOCTYPE html PUBLIC "-//W3C//DTD XHTML 1.0 Transitional//EN"
    "http://www.w3.org/TR/xhtml1/DTD/xhtml1-transitional.dtd">
<html xmlns="http://www.w3.org/1999/xhtml" xml:lang="en" lang="en">
 <head>
  <title>
</title>
<meta http-equiv="Content-Type" content="text/html;charset=utf-8" />
  <meta name='ocr-system' content='tesseract 3.04.00' />
  <meta name='ocr-capabilities' content='ocr_page ocr_carea ocr_par ocr_line ocrx_word'/>
</head>
<body>
  <div class='ocr_page' id='page_1' title='image "./oratoresatticie16dobs_0040.png"; bbox 0 0 1998 3306; ppageno 0'>
   <div class='ocr_carea' id='block_1_1' title="bbox 342 233 1393 275">
    <p class='ocr_par' dir='ltr' id='par_1_1' title="bbox 342 233 1393 275">
     <span class='ocr_line' id='line_1_1' title="bbox 342 233 1393 275; baseline -0.001 -3"><span class='ocrx_word' id='word_1_1' title='bbox 342 238 420 275; x_wconf 77' lang='lat'><strong>540</strong></span> <span class='ocrx_word' id='word_1_2' title='bbox 762 235 1053 273; x_wconf 87' lang='lat' dir='ltr'>ADVERSUS</span> <span class='ocrx_word' id='word_1_3' title='bbox 1084 233 1393 273; x_wconf 88' lang='lat' dir='ltr'><strong>LACRlTUM.</strong></span> 
     </span>
    </p>
   </div>
   <div class='ocr_carea' id='block_1_2' title="bbox 340 338 1806 430">
    <p class='ocr_par' dir='ltr' id='par_1_2' title="bbox 340 338 1806 430">
     <span class='ocr_line' id='line_1_2' title="bbox 341 338 1806 378; baseline 0.001 -10"><span class='ocrx_word' id='word_1_4' title='bbox 341 340 410 369; x_wconf 86' lang='lat' dir='ltr'><strong>vlus</strong></span> <span class='ocrx_word' id='word_1_5' title='bbox 432 338 592 373; x_wconf 73' lang='lat' dir='ltr'><strong>acciderit,</strong></span> <span class='ocrx_word' id='word_1_6' title='bbox 610 339 638 367; x_wconf 89' lang='lat' dir='ltr'><strong>in</strong></span> <span class='ocrx_word' id='word_1_7' title='bbox 657 349 715 377; x_wconf 80' lang='lat' dir='ltr'><strong>qua</strong></span> <span class='ocrx_word' id='word_1_8' title='bbox 731 339 880 369; x_wconf 81' lang='lat' dir='ltr'><strong>vehentur</strong></span> <span class='ocrx_word' id='word_1_9' title='bbox 904 350 1035 375; x_wconf 84' lang='lat' dir='ltr'>merces,</span> <span class='ocrx_word' id='word_1_10' title='bbox 1051 339 1178 378; x_wconf 84' lang='lat' dir='ltr'><strong>pignora</strong></span> <span class='ocrx_word' id='word_1_11' title='bbox 1203 340 1288 369; x_wconf 82' lang='lat' dir='ltr'><strong>salva</strong></span> <span class='ocrx_word' id='word_1_12' title='bbox 1308 339 1388 368; x_wconf 82' lang='lat' dir='ltr'><strong>sint:</strong></span> <span class='ocrx_word' id='word_1_13' title='bbox 1411 349 1479 377; x_wconf 78' lang='lat' dir='ltr'><strong>quae</strong></span> <span class='ocrx_word' id='word_1_14' title='bbox 1496 339 1701 378; x_wconf 78' lang='lat' dir='ltr'><strong>superfuerint</strong></span> <span class='ocrx_word' id='word_1_15' title='bbox 1723 349 1806 369; x_wconf 72' lang='lat' dir='ltr'><strong>com-</strong></span> 
     </span>
     <span class='ocr_line' id='line_1_3' title="bbox 340 389 1620 430; baseline 0 -10"><span class='ocrx_word' id='word_1_16' title='bbox 340 390 441 420; x_wconf 80' lang='lat' dir='ltr'><strong>munia</strong></span> <span class='ocrx_word' id='word_1_17' title='bbox 454 395 543 420; x_wconf 79' lang='lat' dir='ltr'><strong>sunto</strong></span> <span class='ocrx_word' id='word_1_18' title='bbox 557 389 781 420; x_wconf 71' lang='lat' dir='ltr'><strong>oreditoribus:</strong></span> <span class='ocrx_word' id='word_1_19' title='bbox 807 397 837 420; x_wconf 87' lang='lat' dir='ltr'><strong>et</strong></span> <span class='ocrx_word' id='word_1_20' title='bbox 854 391 882 420; x_wconf 91' lang='lat' dir='ltr'><strong>in</strong></span> <span class='ocrx_word' id='word_1_21' title='bbox 900 391 947 420; x_wconf 81' lang='lat' dir='ltr'><strong>his</strong></span> <span class='ocrx_word' id='word_1_22' title='bbox 963 391 1055 421; x_wconf 84' lang='lat' dir='ltr'><strong>rebus</strong></span> <span class='ocrx_word' id='word_1_23' title='bbox 1074 390 1147 420; x_wconf 88' lang='lat' dir='ltr'><strong>nihil</strong></span> <span class='ocrx_word' id='word_1_24' title='bbox 1164 390 1234 429; x_wconf 85' lang='lat' dir='ltr'><strong>plus</strong></span> <span class='ocrx_word' id='word_1_25' title='bbox 1251 390 1350 420; x_wconf 88' lang='lat' dir='ltr'><strong>valeat</strong></span> <span class='ocrx_word' id='word_1_26' title='bbox 1366 390 1421 419; x_wconf 82' lang='lat' dir='ltr'><strong>hac</strong></span> <span class='ocrx_word' id='word_1_27' title='bbox 1438 390 1620 430; x_wconf 77' lang='lat' dir='ltr'><strong>syngrapha.</strong></span> 
     </span>
    </p>
   </div>
   <div class='ocr_carea' id='block_1_3' title="bbox 966 483 1178 521">
    <p class='ocr_par' dir='ltr' id='par_1_3' title="bbox 966 483 1178 521">
     <span class='ocr_line' id='line_1_4' title="bbox 966 483 1178 521; baseline 0 -1"><span class='ocrx_word' id='word_1_28' title='bbox 966 483 1178 521; x_wconf 86' lang='lat' dir='ltr'><strong>TESTES.</strong></span> 
     </span>
    </p>
   </div>
   <div class='ocr_carea' id='block_1_4' title="bbox 382 567 1543 609">
    <p class='ocr_par' dir='ltr' id='par_1_4' title="bbox 382 567 1543 609">
     <span class='ocr_line' id='line_1_5' title="bbox 382 567 1543 609; baseline -0.002 -10"><span class='ocrx_word' id='word_1_29' title='bbox 382 568 529 599; x_wconf 80' lang='lat' dir='ltr'><strong>Phormio</strong></span> <span class='ocrx_word' id='word_1_30' title='bbox 544 568 719 604; x_wconf 83' lang='lat' dir='ltr'><strong>Piraeensis,</strong></span> <span class='ocrx_word' id='word_1_31' title='bbox 738 569 969 609; x_wconf 80' lang='lat' dir='ltr'>Cephisodotus</span> <span class='ocrx_word' id='word_1_32' title='bbox 987 569 1142 604; x_wconf 77' lang='lat' dir='ltr'><strong>Boeotius,</strong></span> <span class='ocrx_word' id='word_1_33' title='bbox 1158 568 1347 598; x_wconf 84' lang='lat' dir='ltr'>Heliodorus</span> <span class='ocrx_word' id='word_1_34' title='bbox 1363 567 1543 598; x_wconf 69' lang='lat' dir='ltr'><strong>Pitthensis.</strong></span> 
     </span>
    </p>
   </div>
   <div class='ocr_carea' id='block_1_5' title="bbox 339 644 871 683">
    <p class='ocr_par' dir='ltr' id='par_1_5' title="bbox 339 644 871 683">
     <span class='ocr_line' id='line_1_6' title="bbox 339 644 871 683; baseline 0.002 -2"><span class='ocrx_word' id='word_1_35' title='bbox 339 644 478 683; x_wconf 84' lang='lat' dir='ltr'><strong>Recita</strong></span> <span class='ocrx_word' id='word_1_36' title='bbox 496 644 611 682; x_wconf 86' lang='lat' dir='ltr'><strong>etiam</strong></span> <span class='ocrx_word' id='word_1_37' title='bbox 635 644 871 682; x_wconf 84' lang='lat' dir='ltr'><strong>testimonia.</strong></span> 
     </span>
    </p>
   </div>
   <div class='ocr_carea' id='block_1_6' title="bbox 894 747 1249 787">
    <p class='ocr_par' dir='ltr' id='par_1_6' title="bbox 894 747 1249 787">
     <span class='ocr_line' id='line_1_7' title="bbox 894 747 1249 787; baseline -0.006 0"><span class='ocrx_word' id='word_1_38' title='bbox 894 747 1249 787; x_wconf 87' lang='lat' dir='ltr'><strong>TESTIMONIA.</strong></span> 
     </span>
    </p>
   </div>
   <div class='ocr_carea' id='block_1_7' title="bbox 335 833 1806 927">
    <p class='ocr_par' dir='ltr' id='par_1_7' title="bbox 335 833 1806 927">
     <span class='ocr_line' id='line_1_8' title="bbox 378 833 1804 875; baseline -0.002 -10"><span class='ocrx_word' id='word_1_39' title='bbox 378 836 619 866; x_wconf 81' lang='lat' dir='ltr'><strong>Archenomides</strong></span> <span class='ocrx_word' id='word_1_40' title='bbox 636 835 671 866; x_wconf 88' lang='lat' dir='ltr'><strong>F.</strong></span> <span class='ocrx_word' id='word_1_41' title='bbox 687 836 943 867; x_wconf 80' lang='lat' dir='ltr'><strong>Archedamantis</strong></span> <span class='ocrx_word' id='word_1_42' title='bbox 960 835 1172 875; x_wconf 82' lang='lat' dir='ltr'><strong>Anagyrasius</strong></span> <span class='ocrx_word' id='word_1_43' title='bbox 1190 839 1322 864; x_wconf 82' lang='lat' dir='ltr'><strong>testatur</strong></span> <span class='ocrx_word' id='word_1_44' title='bbox 1338 834 1459 864; x_wconf 80' lang='lat' dir='ltr'><strong>tabulas</strong></span> <span class='ocrx_word' id='word_1_45' title='bbox 1476 834 1556 873; x_wconf 87' lang='lat' dir='ltr'><strong>apud</strong></span> <span class='ocrx_word' id='word_1_46' title='bbox 1575 844 1608 863; x_wconf 82' lang='lat' dir='ltr'><strong>se</strong></span> <span class='ocrx_word' id='word_1_47' title='bbox 1621 833 1804 873; x_wconf 73' lang='lat' dir='ltr'>deposuisse</span> 
     </span>
     <span class='ocr_line' id='line_1_9' title="bbox 335 884 1806 927; baseline -0.001 -13"><span class='ocrx_word' id='word_1_48' title='bbox 335 886 519 917; x_wconf 78' lang='lat' dir='ltr'><strong>Androclem</strong></span> <span class='ocrx_word' id='word_1_49' title='bbox 543 888 731 927; x_wconf 79' lang='lat' dir='ltr'><strong>Sphetlium,</strong></span> <span class='ocrx_word' id='word_1_50' title='bbox 749 889 932 918; x_wconf 82' lang='lat' dir='ltr'><strong>Naucratem</strong></span> <span class='ocrx_word' id='word_1_51' title='bbox 957 887 1148 926; x_wconf 58' lang='lat' dir='ltr'><strong>Cary-stium,</strong></span> <span class='ocrx_word' id='word_1_52' title='bbox 1164 886 1357 917; x_wconf 77' lang='lat' dir='ltr'><strong>Artemonem</strong></span> <span class='ocrx_word' id='word_1_53' title='bbox 1378 884 1601 925; x_wconf 85' lang='lat' dir='ltr'><strong>Apollodorum</strong></span> <span class='ocrx_word' id='word_1_54' title='bbox 1621 884 1806 917; x_wconf 76' lang='lat' dir='ltr'><strong>Phaselitas,</strong></span> 
     </span>
    </p>
   </div>
   <div class='ocr_carea' id='block_1_8' title="bbox 333 939 1051 980">
    <p class='ocr_par' dir='ltr' id='par_1_8' title="bbox 333 939 1051 980">
     <span class='ocr_line' id='line_1_10' title="bbox 333 939 1051 980; baseline 0.003 -14"><span class='ocrx_word' id='word_1_55' title='bbox 333 943 364 967; x_wconf 81' lang='lat' dir='ltr'><strong>et</strong></span> <span class='ocrx_word' id='word_1_56' title='bbox 381 939 582 979; x_wconf 56' lang='lat' dir='ltr'><strong>syngrapham</strong></span> <span class='ocrx_word' id='word_1_57' title='bbox 601 940 701 969; x_wconf 76' lang='lat' dir='ltr'><strong>adhuc</strong></span> <span class='ocrx_word' id='word_1_58' title='bbox 718 940 806 969; x_wconf 87' lang='lat' dir='ltr'><strong>sitam</strong></span> <span class='ocrx_word' id='word_1_59' title='bbox 822 951 891 970; x_wconf 81' lang='lat' dir='ltr'><strong>esse</strong></span> <span class='ocrx_word' id='word_1_60' title='bbox 908 940 991 980; x_wconf 85' lang='lat' dir='ltr'><strong>apud</strong></span> <span class='ocrx_word' id='word_1_61' title='bbox 1007 950 1051 968; x_wconf 83' lang='lat' dir='ltr'><strong>se.</strong></span> 
     </span>
    </p>
   </div>
   <div class='ocr_carea' id='block_1_9' title="bbox 334 1021 1427 1074">
    <p class='ocr_par' dir='ltr' id='par_1_9' title="bbox 334 1021 1427 1074">
     <span class='ocr_line' id='line_1_11' title="bbox 334 1021 1427 1074; baseline 0.002 -16"><span class='ocrx_word' id='word_1_62' title='bbox 334 1021 473 1060; x_wconf 84' lang='lat' dir='ltr'><strong>Recita</strong></span> <span class='ocrx_word' id='word_1_63' title='bbox 493 1036 624 1069; x_wconf 84' lang='lat' dir='ltr'><strong>eorum</strong></span> <span class='ocrx_word' id='word_1_64' title='bbox 647 1024 762 1061; x_wconf 88' lang='lat' dir='ltr'><strong>etiam</strong></span> <span class='ocrx_word' id='word_1_65' title='bbox 784 1025 850 1074; x_wconf 88' lang='lat' dir='ltr'><strong>qui</strong></span> <span class='ocrx_word' id='word_1_66' title='bbox 870 1023 1130 1062; x_wconf 79' lang='lat' dir='ltr'><strong>interfuerunt</strong></span> <span class='ocrx_word' id='word_1_67' title='bbox 1148 1022 1427 1060; x_wconf 84' lang='lat' dir='ltr'><strong>testimonium.</strong></span> 
     </span>
    </p>
   </div>
   <div class='ocr_carea' id='block_1_10' title="bbox 866 1132 1274 1172">
    <p class='ocr_par' dir='ltr' id='par_1_10' title="bbox 866 1132 1274 1172">
     <span class='ocr_line' id='line_1_12' title="bbox 866 1132 1274 1172; baseline 0 -1"><span class='ocrx_word' id='word_1_68' title='bbox 866 1132 1274 1172; x_wconf 83' lang='lat' dir='ltr'><strong>TESTIMONIUM.</strong></span> 
     </span>
    </p>
   </div>
   <div class='ocr_carea' id='block_1_11' title="bbox 287 1219 1804 1414">
    <p class='ocr_par' dir='ltr' id='par_1_11' title="bbox 287 1219 1804 1414">
     <span class='ocr_line' id='line_1_13' title="bbox 373 1219 1804 1260; baseline 0.003 -13"><span class='ocrx_word' id='word_1_69' title='bbox 373 1219 552 1249; x_wconf 82' lang='lat' dir='ltr'><strong>Theodotus</strong></span> <span class='ocrx_word' id='word_1_70' title='bbox 570 1219 738 1260; x_wconf 44' lang='lat' dir='ltr'><strong>municep&amp;</strong></span> <span class='ocrx_word' id='word_1_71' title='bbox 755 1221 906 1250; x_wconf 83' lang='lat' dir='ltr'><strong>Charinus</strong></span> <span class='ocrx_word' id='word_1_72' title='bbox 917 1221 1086 1260; x_wconf 76' lang='lat' dir='ltr'><strong>Epieharas</strong></span> <span class='ocrx_word' id='word_1_73' title='bbox 1102 1219 1324 1255; x_wconf 80' lang='lat' dir='ltr'><strong>Leuconensis,</strong></span> <span class='ocrx_word' id='word_1_74' title='bbox 1336 1219 1483 1249; x_wconf 82' lang='lat' dir='ltr'><strong>Phormio</strong></span> <span class='ocrx_word' id='word_1_75' title='bbox 1499 1219 1804 1260; x_wconf 71' lang='lat' dir='ltr'><strong>F.Ce1›hisophm=tis</strong></span> 
     </span>
     <span class='ocr_line' id='line_1_14' title="bbox 330 1269 1802 1310; baseline 0.003 -12"><span class='ocrx_word' id='word_1_76' title='bbox 330 1269 507 1306; x_wconf 79' lang='lat' dir='ltr'><strong>Piraeensis,</strong></span> <span class='ocrx_word' id='word_1_77' title='bbox 525 1271 756 1310; x_wconf 59' lang='lat' dir='ltr'><strong>Cephisodotus</strong></span> <span class='ocrx_word' id='word_1_78' title='bbox 779 1272 931 1307; x_wconf 84' lang='lat' dir='ltr'><strong>Boeotius,</strong></span> <span class='ocrx_word' id='word_1_79' title='bbox 955 1276 1107 1301; x_wconf 85' lang='lat' dir='ltr'><strong>testantur</strong></span> <span class='ocrx_word' id='word_1_80' title='bbox 1135 1282 1168 1300; x_wconf 85' lang='lat' dir='ltr'><strong>se</strong></span> <span class='ocrx_word' id='word_1_81' title='bbox 1195 1272 1330 1305; x_wconf 79' lang='lat' dir='ltr'><strong>affuisse,</strong></span> <span class='ocrx_word' id='word_1_82' title='bbox 1354 1281 1422 1300; x_wconf 85' lang='lat' dir='ltr'><strong>cum</strong></span> <span class='ocrx_word' id='word_1_83' title='bbox 1449 1275 1603 1300; x_wconf 73' lang='lat' dir='ltr'><strong>mutuaret</strong></span> <span class='ocrx_word' id='word_1_84' title='bbox 1628 1271 1802 1303; x_wconf 77' lang='lat' dir='ltr'><strong>Androcles</strong></span> 
     </span>
     <span class='ocr_line' id='line_1_15' title="bbox 329 1321 1801 1362; baseline 0.002 -12"><span class='ocrx_word' id='word_1_85' title='bbox 329 1321 526 1359; x_wconf 78' lang='lat' dir='ltr'><strong>Apollodoro</strong></span> <span class='ocrx_word' id='word_1_86' title='bbox 543 1327 574 1352; x_wconf 88' lang='lat' dir='ltr'><strong>et</strong></span> <span class='ocrx_word' id='word_1_87' title='bbox 590 1322 749 1352; x_wconf 78' lang='lat' dir='ltr'><strong>Artemoni</strong></span> <span class='ocrx_word' id='word_1_88' title='bbox 778 1324 894 1361; x_wconf 78' lang='lat' dir='ltr'><strong>argenti</strong></span> <span class='ocrx_word' id='word_1_89' title='bbox 919 1328 966 1352; x_wconf 81' lang='lat' dir='ltr'><strong>ter</strong></span> <span class='ocrx_word' id='word_1_90' title='bbox 991 1323 1073 1353; x_wconf 81' lang='lat' dir='ltr'><strong>inille</strong></span> <span class='ocrx_word' id='word_1_91' title='bbox 1096 1322 1268 1357; x_wconf 83' lang='lat' dir='ltr'><strong>drachmas,</strong></span> <span class='ocrx_word' id='word_1_92' title='bbox 1284 1322 1423 1361; x_wconf 85' lang='lat' dir='ltr'><strong>scireque</strong></span> <span class='ocrx_word' id='word_1_93' title='bbox 1447 1333 1479 1352; x_wconf 89' lang='lat' dir='ltr'><strong>se</strong></span> <span class='ocrx_word' id='word_1_94' title='bbox 1500 1333 1553 1352; x_wconf 86' lang='lat' dir='ltr'><strong>eos</strong></span> <span class='ocrx_word' id='word_1_95' title='bbox 1579 1322 1700 1352; x_wconf 73' lang='lat' dir='ltr'><strong>tabulas</strong></span> <span class='ocrx_word' id='word_1_96' title='bbox 1721 1324 1801 1362; x_wconf 84' lang='lat' dir='ltr'><strong>apud</strong></span> 
     </span>
     <span class='ocr_line' id='line_1_16' title="bbox 287 1364 1039 1414; baseline 0.001 -12"><span class='ocrx_word' id='word_1_97' title='bbox 287 1375 295 1381; x_wconf 52' lang='lat'>¹</span> <span class='ocrx_word' id='word_1_98' title='bbox 328 1373 586 1403; x_wconf 77' lang='lat' dir='ltr'><strong>Archenomidem</strong></span> <span class='ocrx_word' id='word_1_99' title='bbox 605 1364 826 1414; x_wconf 79' lang='lat' dir='ltr'><strong>Anagyrasium</strong></span> <span class='ocrx_word' id='word_1_100' title='bbox 844 1375 1039 1413; x_wconf 81' lang='lat' dir='ltr'><strong>deposuisse.</strong></span> 
     </span>
    </p>
   </div>
   <div class='ocr_carea' id='block_1_12' title="bbox 313 1442 1803 3051">
    <p class='ocr_par' dir='ltr' id='par_1_12' title="bbox 318 1442 1803 2495">
     <span class='ocr_line' id='line_1_17' title="bbox 383 1442 1802 1504; baseline 0.001 -18"><span class='ocrx_word' id='word_1_101' title='bbox 383 1451 420 1486; x_wconf 86' lang='lat'><strong>3.</strong></span> <span class='ocrx_word' id='word_1_102' title='bbox 452 1444 509 1486; x_wconf 88' lang='lat' dir='ltr'><strong>Ex</strong></span> <span class='ocrx_word' id='word_1_103' title='bbox 546 1451 621 1489; x_wconf 88' lang='lat' dir='ltr'><strong>hac</strong></span> <span class='ocrx_word' id='word_1_104' title='bbox 652 1452 890 1503; x_wconf 82' lang='lat' dir='ltr'><strong>syngrapha,</strong></span> <span class='ocrx_word' id='word_1_105' title='bbox 930 1452 1105 1498; x_wconf 86' lang='lat' dir='ltr'><strong>Judices,</strong></span> <span class='ocrx_word' id='word_1_106' title='bbox 1142 1452 1315 1490; x_wconf 83' lang='lat' dir='ltr'><strong>mutuavi</strong></span> <span class='ocrx_word' id='word_1_107' title='bbox 1353 1453 1562 1504; x_wconf 88' lang='lat' dir='ltr'><strong>pecuniam</strong></span> <span class='ocrx_word' id='word_1_108' title='bbox 1599 1442 1802 1490; x_wconf 80' lang='lat' dir='ltr'><strong>Artemoni</strong></span> 
     </span>
     <span class='ocr_line' id='line_1_18' title="bbox 324 1509 1803 1566; baseline 0.002 -19"><span class='ocrx_word' id='word_1_109' title='bbox 324 1509 436 1549; x_wconf 86' lang='lat' dir='ltr'><strong>istius</strong></span> <span class='ocrx_word' id='word_1_110' title='bbox 457 1512 578 1559; x_wconf 85' lang='lat' dir='ltr'><strong>fratri,</strong></span> <span class='ocrx_word' id='word_1_111' title='bbox 592 1513 757 1564; x_wconf 90' lang='lat' dir='ltr'><strong>jubente</strong></span> <span class='ocrx_word' id='word_1_112' title='bbox 776 1514 851 1552; x_wconf 89' lang='lat' dir='ltr'><strong>isto</strong></span> <span class='ocrx_word' id='word_1_113' title='bbox 869 1521 909 1552; x_wconf 87' lang='lat' dir='ltr'><strong>et</strong></span> <span class='ocrx_word' id='word_1_114' title='bbox 930 1514 1137 1566; x_wconf 83' lang='lat' dir='ltr'><strong>recipiente</strong></span> <span class='ocrx_word' id='word_1_115' title='bbox 1158 1514 1289 1552; x_wconf 89' lang='lat' dir='ltr'><strong>omnia</strong></span> <span class='ocrx_word' id='word_1_116' title='bbox 1308 1528 1395 1566; x_wconf 83' lang='lat' dir='ltr'><strong>quae</strong></span> <span class='ocrx_word' id='word_1_117' title='bbox 1415 1527 1530 1564; x_wconf 83' lang='lat' dir='ltr'><strong>aequa</strong></span> <span class='ocrx_word' id='word_1_118' title='bbox 1550 1521 1681 1552; x_wconf 87' lang='lat' dir='ltr'><strong>essent</strong></span> <span class='ocrx_word' id='word_1_119' title='bbox 1710 1513 1803 1551; x_wconf 88' lang='lat' dir='ltr'><strong>mihi</strong></span> 
     </span>
     <span class='ocr_line' id='line_1_19' title="bbox 325 1573 1803 1627; baseline 0.003 -18"><span class='ocrx_word' id='word_1_120' title='bbox 325 1573 549 1622; x_wconf 78' lang='lat' dir='ltr'><strong>praestanda</strong></span> <span class='ocrx_word' id='word_1_121' title='bbox 570 1587 656 1612; x_wconf 88' lang='lat' dir='ltr'><strong>esse</strong></span> <span class='ocrx_word' id='word_1_122' title='bbox 677 1589 724 1613; x_wconf 84' lang='lat' dir='ltr'><strong>ex</strong></span> <span class='ocrx_word' id='word_1_123' title='bbox 748 1576 971 1627; x_wconf 82' lang='lat' dir='ltr'><strong>syngrapha</strong></span> <span class='ocrx_word' id='word_1_124' title='bbox 998 1589 1075 1627; x_wconf 90' lang='lat' dir='ltr'><strong>qua</strong></span> <span class='ocrx_word' id='word_1_125' title='bbox 1100 1583 1331 1621; x_wconf 90' lang='lat' dir='ltr'><strong>mutuaram‚</strong></span> <span class='ocrx_word' id='word_1_126' title='bbox 1352 1577 1427 1614; x_wconf 91' lang='lat' dir='ltr'><strong>isto</strong></span> <span class='ocrx_word' id='word_1_127' title='bbox 1447 1576 1530 1627; x_wconf 90' lang='lat' dir='ltr'><strong>ipso</strong></span> <span class='ocrx_word' id='word_1_128' title='bbox 1550 1575 1736 1627; x_wconf 85' lang='lat' dir='ltr'><strong>scriptore</strong></span> <span class='ocrx_word' id='word_1_129' title='bbox 1763 1582 1803 1614; x_wconf 89' lang='lat' dir='ltr'><strong>et</strong></span> 
     </span>
     <span class='ocr_line' id='line_1_20' title="bbox 324 1634 1800 1689; baseline 0.004 -19"><span class='ocrx_word' id='word_1_130' title='bbox 324 1634 575 1685; x_wconf 87' lang='lat' dir='ltr'><strong>obsignatore</strong></span> <span class='ocrx_word' id='word_1_131' title='bbox 609 1650 699 1675; x_wconf 89' lang='lat' dir='ltr'><strong>cum</strong></span> <span class='ocrx_word' id='word_1_132' title='bbox 731 1638 877 1688; x_wconf 87' lang='lat' dir='ltr'><strong>scripta</strong></span> <span class='ocrx_word' id='word_1_133' title='bbox 905 1645 1022 1676; x_wconf 87' lang='lat' dir='ltr'><strong>esset.</strong></span> <span class='ocrx_word' id='word_1_134' title='bbox 1081 1639 1183 1676; x_wconf 87' lang='lat' dir='ltr'><strong>Nam</strong></span> <span class='ocrx_word' id='word_1_135' title='bbox 1207 1637 1347 1676; x_wconf 87' lang='lat' dir='ltr'><strong>fratres</strong></span> <span class='ocrx_word' id='word_1_136' title='bbox 1373 1638 1457 1688; x_wconf 90' lang='lat' dir='ltr'><strong>ejus</strong></span> <span class='ocrx_word' id='word_1_137' title='bbox 1472 1638 1649 1689; x_wconf 87' lang='lat' dir='ltr'><strong>juniores</strong></span> <span class='ocrx_word' id='word_1_138' title='bbox 1670 1638 1800 1676; x_wconf 83' lang='lat' dir='ltr'><strong>adhuc</strong></span> 
     </span>
     <span class='ocr_line' id='line_1_21' title="bbox 323 1697 1803 1751; baseline 0.002 -17"><span class='ocrx_word' id='word_1_139' title='bbox 323 1704 446 1742; x_wconf 84' lang='lat' dir='ltr'><strong>erant,</strong></span> <span class='ocrx_word' id='word_1_140' title='bbox 467 1697 680 1736; x_wconf 80' lang='lat' dir='ltr'><strong>admodum</strong></span> <span class='ocrx_word' id='word_1_141' title='bbox 702 1699 1005 1737; x_wconf 81' lang='lat' dir='ltr'><strong>adolescentuli:</strong></span> <span class='ocrx_word' id='word_1_142' title='bbox 1037 1700 1111 1737; x_wconf 89' lang='lat' dir='ltr'><strong>iste</strong></span> <span class='ocrx_word' id='word_1_143' title='bbox 1133 1713 1223 1737; x_wconf 83' lang='lat' dir='ltr'><strong>vero</strong></span> <span class='ocrx_word' id='word_1_144' title='bbox 1240 1699 1416 1737; x_wconf 84' lang='lat' dir='ltr'><strong>Lacritus</strong></span> <span class='ocrx_word' id='word_1_145' title='bbox 1433 1699 1803 1751; x_wconf 86' lang='lat' dir='ltr'><strong>Phaselita‚·rnagna</strong></span> 
     </span>
     <span class='ocr_line' id='line_1_22' title="bbox 324 1759 1801 1811; baseline 0.003 -16"><span class='ocrx_word' id='word_1_146' title='bbox 324 1771 400 1803; x_wconf 89' lang='lat' dir='ltr'><strong>res,</strong></span> <span class='ocrx_word' id='word_1_147' title='bbox 420 1759 599 1797; x_wconf 85' lang='lat' dir='ltr'><strong>Isocratis</strong></span> <span class='ocrx_word' id='word_1_148' title='bbox 618 1760 848 1811; x_wconf 87' lang='lat' dir='ltr'><strong>discipulus,</strong></span> <span class='ocrx_word' id='word_1_149' title='bbox 861 1761 892 1798; x_wconf 89' lang='lat' dir='ltr'><strong>is</strong></span> <span class='ocrx_word' id='word_1_150' title='bbox 909 1768 990 1798; x_wconf 83' lang='lat' dir='ltr'><strong>erat</strong></span> <span class='ocrx_word' id='word_1_151' title='bbox 1003 1761 1068 1811; x_wconf 90' lang='lat' dir='ltr'><strong>qui</strong></span> <span class='ocrx_word' id='word_1_152' title='bbox 1084 1761 1373 1798; x_wconf 80' lang='lat' dir='ltr'><strong>administraret</strong></span> <span class='ocrx_word' id='word_1_153' title='bbox 1394 1761 1535 1798; x_wconf 89' lang='lat' dir='ltr'><strong>omnia.</strong></span> <span class='ocrx_word' id='word_1_154' title='bbox 1580 1761 1631 1799; x_wconf 89' lang='lat' dir='ltr'><strong>Et</strong></span> <span class='ocrx_word' id='word_1_155' title='bbox 1646 1774 1709 1799; x_wconf 92' lang='lat' dir='ltr'><strong>me</strong></span> <span class='ocrx_word' id='word_1_156' title='bbox 1729 1761 1801 1800; x_wconf 90' lang='lat' dir='ltr'><strong>sibi</strong></span> 
     </span>
     <span class='ocr_line' id='line_1_23' title="bbox 322 1819 1803 1873; baseline 0.003 -17"><span class='ocrx_word' id='word_1_157' title='bbox 322 1819 439 1857; x_wconf 87' lang='lat' dir='ltr'><strong>fidem</strong></span> <span class='ocrx_word' id='word_1_158' title='bbox 468 1820 611 1858; x_wconf 87' lang='lat' dir='ltr'><strong>habere</strong></span> <span class='ocrx_word' id='word_1_159' title='bbox 633 1821 823 1872; x_wconf 82' lang='lat' dir='ltr'><strong>jubebat:</strong></span> <span class='ocrx_word' id='word_1_160' title='bbox 853 1835 894 1859; x_wconf 86' lang='lat' dir='ltr'><strong>se</strong></span> <span class='ocrx_word' id='word_1_161' title='bbox 929 1821 1030 1858; x_wconf 87' lang='lat' dir='ltr'><strong>enim</strong></span> <span class='ocrx_word' id='word_1_162' title='bbox 1064 1821 1154 1858; x_wconf 88' lang='lat' dir='ltr'><strong>mihi</strong></span> <span class='ocrx_word' id='word_1_163' title='bbox 1185 1821 1452 1872; x_wconf 81' lang='lat' dir='ltr'><strong>praestiturum</strong></span> <span class='ocrx_word' id='word_1_164' title='bbox 1473 1835 1585 1873; x_wconf 80' lang='lat' dir='ltr'><strong>aequa</strong></span> <span class='ocrx_word' id='word_1_165' title='bbox 1605 1824 1736 1860; x_wconf 87' lang='lat' dir='ltr'><strong>omnia</strong></span> <span class='ocrx_word' id='word_1_166' title='bbox 1762 1830 1803 1861; x_wconf 88' lang='lat' dir='ltr'><strong>et</strong></span> 
     </span>
     <span class='ocr_line' id='line_1_24' title="bbox 322 1882 1798 1935; baseline 0.002 -16"><span class='ocrx_word' id='word_1_167' title='bbox 322 1882 497 1921; x_wconf 80' lang='lat' dir='ltr'><strong>Athenas</strong></span> <span class='ocrx_word' id='word_1_168' title='bbox 518 1890 861 1929; x_wconf 86' lang='lat' dir='ltr'><strong>commoraturum,</strong></span> <span class='ocrx_word' id='word_1_169' title='bbox 881 1891 920 1921; x_wconf 87' lang='lat' dir='ltr'><strong>et</strong></span> <span class='ocrx_word' id='word_1_170' title='bbox 938 1883 1095 1920; x_wconf 87' lang='lat' dir='ltr'><strong>fratrem</strong></span> <span class='ocrx_word' id='word_1_171' title='bbox 1121 1897 1232 1920; x_wconf 90' lang='lat' dir='ltr'><strong>suum</strong></span> <span class='ocrx_word' id='word_1_172' title='bbox 1254 1884 1506 1927; x_wconf 80' lang='lat' dir='ltr'><strong>Artemonem</strong></span> <span class='ocrx_word' id='word_1_173' title='bbox 1526 1884 1798 1935; x_wconf 85' lang='lat' dir='ltr'><strong>navigaturum</strong></span> 
     </span>
     <span class='ocr_line' id='line_1_25' title="bbox 321 1943 1798 1998; baseline 0.001 -16"><span class='ocrx_word' id='word_1_174' title='bbox 321 1952 483 1996; x_wconf 88' lang='lat' dir='ltr'><strong>accepta</strong></span> <span class='ocrx_word' id='word_1_175' title='bbox 502 1943 569 1983; x_wconf 88' lang='lat' dir='ltr'><strong>illa</strong></span> <span class='ocrx_word' id='word_1_176' title='bbox 587 1945 766 1996; x_wconf 83' lang='lat' dir='ltr'><strong>pecunia.</strong></span> <span class='ocrx_word' id='word_1_177' title='bbox 824 1946 878 1983; x_wconf 88' lang='lat' dir='ltr'><strong>At</strong></span> <span class='ocrx_word' id='word_1_178' title='bbox 905 1952 987 1983; x_wconf 91' lang='lat' dir='ltr'><strong>tum</strong></span> <span class='ocrx_word' id='word_1_179' title='bbox 1007 1945 1179 1996; x_wconf 87' lang='lat' dir='ltr'><strong>quidem,</strong></span> <span class='ocrx_word' id='word_1_180' title='bbox 1196 1946 1375 1993; x_wconf 85' lang='lat' dir='ltr'><strong>Judices,</strong></span> <span class='ocrx_word' id='word_1_181' title='bbox 1394 1959 1482 1984; x_wconf 89' lang='lat' dir='ltr'><strong>cum</strong></span> <span class='ocrx_word' id='word_1_182' title='bbox 1502 1959 1526 1984; x_wconf 87' lang='lat' dir='ltr'><strong>a</strong></span> <span class='ocrx_word' id='word_1_183' title='bbox 1547 1946 1659 1984; x_wconf 91' lang='lat' dir='ltr'><strong>nobis</strong></span> <span class='ocrx_word' id='word_1_184' title='bbox 1678 1960 1798 1998; x_wconf 89' lang='lat' dir='ltr'><strong>pecu-</strong></span> 
     </span>
     <span class='ocr_line' id='line_1_26' title="bbox 321 2006 1800 2059; baseline 0.002 -15"><span class='ocrx_word' id='word_1_185' title='bbox 321 2006 424 2044; x_wconf 86' lang='lat' dir='ltr'><strong>niam</strong></span> <span class='ocrx_word' id='word_1_186' title='bbox 443 2007 594 2045; x_wconf 83' lang='lat' dir='ltr'><strong>auferre</strong></span> <span class='ocrx_word' id='word_1_187' title='bbox 616 2007 804 2052; x_wconf 81' lang='lat' dir='ltr'><strong>studeret,</strong></span> <span class='ocrx_word' id='word_1_188' title='bbox 823 2014 863 2045; x_wconf 89' lang='lat' dir='ltr'><strong>et</strong></span> <span class='ocrx_word' id='word_1_189' title='bbox 883 2007 1041 2045; x_wconf 80' lang='lat' dir='ltr'><strong>fratrem</strong></span> <span class='ocrx_word' id='word_1_190' title='bbox 1062 2020 1149 2045; x_wconf 88' lang='lat' dir='ltr'><strong>esse</strong></span> <span class='ocrx_word' id='word_1_191' title='bbox 1169 2020 1211 2045; x_wconf 92' lang='lat' dir='ltr'><strong>se</strong></span> <span class='ocrx_word' id='word_1_192' title='bbox 1233 2008 1486 2059; x_wconf 86' lang='lat' dir='ltr'><strong>profitebatur</strong></span> <span class='ocrx_word' id='word_1_193' title='bbox 1507 2009 1731 2047; x_wconf 86' lang='lat' dir='ltr'><strong>Artemonis</strong></span> <span class='ocrx_word' id='word_1_194' title='bbox 1760 2015 1800 2047; x_wconf 88' lang='lat' dir='ltr'><strong>et</strong></span> 
     </span>
     <span class='ocr_line' id='line_1_27' title="bbox 320 2070 1796 2122; baseline 0.001 -16"><span class='ocrx_word' id='word_1_195' title='bbox 320 2070 465 2107; x_wconf 86' lang='lat' dir='ltr'><strong>socium</strong></span> <span class='ocrx_word' id='word_1_196' title='bbox 493 2077 532 2107; x_wconf 87' lang='lat' dir='ltr'><strong>et</strong></span> <span class='ocrx_word' id='word_1_197' title='bbox 559 2071 679 2107; x_wconf 84' lang='lat' dir='ltr'><strong>verba</strong></span> <span class='ocrx_word' id='word_1_198' title='bbox 706 2070 844 2107; x_wconf 89' lang='lat' dir='ltr'><strong>mirum</strong></span> <span class='ocrx_word' id='word_1_199' title='bbox 866 2070 904 2107; x_wconf 92' lang='lat' dir='ltr'><strong>in</strong></span> <span class='ocrx_word' id='word_1_200' title='bbox 925 2070 1085 2107; x_wconf 90' lang='lat' dir='ltr'><strong>modurn</strong></span> <span class='ocrx_word' id='word_1_201' title='bbox 1107 2070 1254 2108; x_wconf 86' lang='lat' dir='ltr'><strong>diserta</strong></span> <span class='ocrx_word' id='word_1_202' title='bbox 1273 2070 1485 2108; x_wconf 82' lang='lat' dir='ltr'><strong>fundebat:</strong></span> <span class='ocrx_word' id='word_1_203' title='bbox 1516 2084 1604 2109; x_wconf 90' lang='lat' dir='ltr'><strong>cum</strong></span> <span class='ocrx_word' id='word_1_204' title='bbox 1632 2071 1796 2122; x_wconf 88' lang='lat' dir='ltr'><strong>primum</strong></span> 
     </span>
     <span class='ocr_line' id='line_1_28' title="bbox 321 2131 1797 2184; baseline 0.002 -16"><span class='ocrx_word' id='word_1_205' title='bbox 321 2138 448 2169; x_wconf 90' lang='lat' dir='ltr'><strong>autem</strong></span> <span class='ocrx_word' id='word_1_206' title='bbox 477 2139 682 2182; x_wconf 84' lang='lat' dir='ltr'><strong>argentum</strong></span> <span class='ocrx_word' id='word_1_207' title='bbox 708 2139 846 2170; x_wconf 89' lang='lat' dir='ltr'><strong>nactus</strong></span> <span class='ocrx_word' id='word_1_208' title='bbox 877 2139 950 2179; x_wconf 86' lang='lat' dir='ltr'><strong>est,</strong></span> <span class='ocrx_word' id='word_1_209' title='bbox 971 2131 1011 2169; x_wconf 86' lang='lat' dir='ltr'><strong>id</strong></span> <span class='ocrx_word' id='word_1_210' title='bbox 1029 2131 1187 2183; x_wconf 92' lang='lat' dir='ltr'><strong>quidem</strong></span> <span class='ocrx_word' id='word_1_211' title='bbox 1216 2139 1255 2171; x_wconf 89' lang='lat' dir='ltr'><strong>et</strong></span> <span class='ocrx_word' id='word_1_212' title='bbox 1283 2132 1415 2183; x_wconf 88' lang='lat' dir='ltr'><strong>partiti</strong></span> <span class='ocrx_word' id='word_1_213' title='bbox 1445 2139 1536 2170; x_wconf 90' lang='lat' dir='ltr'><strong>sunt</strong></span> <span class='ocrx_word' id='word_1_214' title='bbox 1568 2140 1609 2171; x_wconf 88' lang='lat' dir='ltr'><strong>et</strong></span> <span class='ocrx_word' id='word_1_215' title='bbox 1635 2133 1675 2170; x_wconf 87' lang='lat' dir='ltr'><strong>in</strong></span> <span class='ocrx_word' id='word_1_216' title='bbox 1699 2146 1797 2184; x_wconf 90' lang='lat' dir='ltr'><strong>quos</strong></span> 
     </span>
     <span class='ocr_line' id='line_1_29' title="bbox 319 2193 1797 2246; baseline 0.001 -15"><span class='ocrx_word' id='word_1_217' title='bbox 319 2193 432 2231; x_wconf 87' lang='lat' dir='ltr'><strong>libuit</strong></span> <span class='ocrx_word' id='word_1_218' title='bbox 452 2207 544 2232; x_wconf 91' lang='lat' dir='ltr'><strong>usus</strong></span> <span class='ocrx_word' id='word_1_219' title='bbox 566 2194 858 2241; x_wconf 86' lang='lat' dir='ltr'><strong>distribuerunt,</strong></span> <span class='ocrx_word' id='word_1_220' title='bbox 880 2194 950 2233; x_wconf 90' lang='lat' dir='ltr'><strong>sed</strong></span> <span class='ocrx_word' id='word_1_221' title='bbox 975 2207 1021 2233; x_wconf 87' lang='lat' dir='ltr'><strong>ex</strong></span> <span class='ocrx_word' id='word_1_222' title='bbox 1050 2195 1207 2233; x_wconf 89' lang='lat' dir='ltr'><strong>nautica</strong></span> <span class='ocrx_word' id='word_1_223' title='bbox 1234 2194 1472 2246; x_wconf 84' lang='lat' dir='ltr'><strong>syngrapha,</strong></span> <span class='ocrx_word' id='word_1_224' title='bbox 1491 2208 1570 2246; x_wconf 87' lang='lat' dir='ltr'><strong>qua</strong></span> <span class='ocrx_word' id='word_1_225' title='bbox 1593 2194 1797 2245; x_wconf 89' lang='lat' dir='ltr'><strong>pecuniam</strong></span> 
     </span>
     <span class='ocr_line' id='line_1_30' title="bbox 318 2255 1794 2308; baseline 0.001 -14"><span class='ocrx_word' id='word_1_226' title='bbox 318 2263 564 2308; x_wconf 73' lang='lat' dir='ltr'><strong>acceperant,</strong></span> <span class='ocrx_word' id='word_1_227' title='bbox 584 2270 711 2307; x_wconf 83' lang='lat' dir='ltr'><strong>neque</strong></span> <span class='ocrx_word' id='word_1_228' title='bbox 736 2269 897 2308; x_wconf 89' lang='lat' dir='ltr'><strong>parvum</strong></span> <span class='ocrx_word' id='word_1_229' title='bbox 917 2270 1045 2308; x_wconf 92' lang='lat' dir='ltr'><strong>neque</strong></span> <span class='ocrx_word' id='word_1_230' title='bbox 1066 2269 1252 2307; x_wconf 84' lang='lat' dir='ltr'><strong>magnum</strong></span> <span class='ocrx_word' id='word_1_231' title='bbox 1279 2256 1489 2307; x_wconf 88' lang='lat' dir='ltr'><strong>quicquam</strong></span> <span class='ocrx_word' id='word_1_232' title='bbox 1516 2255 1794 2307; x_wconf 78' lang='lat' dir='ltr'><strong>praestiterunt,</strong></span> 
     </span>
     <span class='ocr_line' id='line_1_31' title="bbox 319 2319 1796 2371; baseline 0.002 -15"><span class='ocrx_word' id='word_1_233' title='bbox 319 2325 363 2356; x_wconf 90' lang='lat' dir='ltr'><strong>ut</strong></span> <span class='ocrx_word' id='word_1_234' title='bbox 382 2332 443 2357; x_wconf 91' lang='lat' dir='ltr'><strong>res</strong></span> <span class='ocrx_word' id='word_1_235' title='bbox 463 2320 546 2371; x_wconf 87' lang='lat' dir='ltr'><strong>ipsa</strong></span> <span class='ocrx_word' id='word_1_236' title='bbox 565 2320 763 2358; x_wconf 86' lang='lat' dir='ltr'><strong>indicavit.</strong></span> <span class='ocrx_word' id='word_1_237' title='bbox 822 2320 998 2359; x_wconf 88' lang='lat' dir='ltr'><strong>Lacritus</strong></span> <span class='ocrx_word' id='word_1_238' title='bbox 1018 2333 1109 2358; x_wconf 87' lang='lat' dir='ltr'><strong>vero</strong></span> <span class='ocrx_word' id='word_1_239' title='bbox 1135 2333 1269 2358; x_wconf 88' lang='lat' dir='ltr'><strong>eorum</strong></span> <span class='ocrx_word' id='word_1_240' title='bbox 1296 2320 1468 2358; x_wconf 90' lang='lat' dir='ltr'><strong>omnium</strong></span> <span class='ocrx_word' id='word_1_241' title='bbox 1495 2319 1683 2371; x_wconf 88' lang='lat' dir='ltr'><strong>interpres</strong></span> <span class='ocrx_word' id='word_1_242' title='bbox 1707 2321 1796 2359; x_wconf 78' lang='lat' dir='ltr'><strong>fuit.</strong></span> 
     </span>
     <span class='ocr_line' id='line_1_32' title="bbox 319 2381 1796 2434; baseline 0.001 -16"><span class='ocrx_word' id='word_1_243' title='bbox 319 2381 550 2432; x_wconf 86' lang='lat' dir='ltr'><strong>Singulatim</strong></span> <span class='ocrx_word' id='word_1_244' title='bbox 581 2390 712 2420; x_wconf 87' lang='lat' dir='ltr'><strong>autem</strong></span> <span class='ocrx_word' id='word_1_245' title='bbox 732 2382 938 2420; x_wconf 88' lang='lat' dir='ltr'><strong>ostendam</strong></span> <span class='ocrx_word' id='word_1_246' title='bbox 965 2382 1060 2420; x_wconf 90' lang='lat' dir='ltr'><strong>nihil</strong></span> <span class='ocrx_word' id='word_1_247' title='bbox 1086 2395 1218 2420; x_wconf 89' lang='lat' dir='ltr'><strong>eorum</strong></span> <span class='ocrx_word' id='word_1_248' title='bbox 1240 2395 1329 2433; x_wconf 91' lang='lat' dir='ltr'><strong>quae</strong></span> <span class='ocrx_word' id='word_1_249' title='bbox 1349 2381 1583 2434; x_wconf 78' lang='lat' dir='ltr'><strong>syngraphae</strong></span> <span class='ocrx_word' id='word_1_250' title='bbox 1613 2382 1796 2434; x_wconf 86' lang='lat' dir='ltr'><strong>inscripta</strong></span> 
     </span>
     <span class='ocr_line' id='line_1_33' title="bbox 319 2443 850 2495; baseline 0.002 -15"><span class='ocrx_word' id='word_1_251' title='bbox 319 2450 411 2481; x_wconf 87' lang='lat' dir='ltr'><strong>sunt</strong></span> <span class='ocrx_word' id='word_1_252' title='bbox 432 2443 501 2481; x_wconf 87' lang='lat' dir='ltr'><strong>rite</strong></span> <span class='ocrx_word' id='word_1_253' title='bbox 522 2457 589 2482; x_wconf 91' lang='lat' dir='ltr'><strong>eos</strong></span> <span class='ocrx_word' id='word_1_254' title='bbox 610 2444 850 2495; x_wconf 73' lang='lat' dir='ltr'><strong>praestitisse.</strong></span> 
     </span>
    </p>

    <p class='ocr_par' dir='ltr' id='par_1_13' title="bbox 313 2505 1795 3051">
     <span class='ocr_line' id='line_1_34' title="bbox 372 2505 1793 2557; baseline 0.001 -15"><span class='ocrx_word' id='word_1_255' title='bbox 372 2507 409 2544; x_wconf 92' lang='lat'><strong>4.</strong></span> <span class='ocrx_word' id='word_1_256' title='bbox 441 2505 611 2543; x_wconf 89' lang='lat' dir='ltr'><strong>Primum</strong></span> <span class='ocrx_word' id='word_1_257' title='bbox 634 2507 737 2544; x_wconf 90' lang='lat' dir='ltr'><strong>enim</strong></span> <span class='ocrx_word' id='word_1_258' title='bbox 759 2506 942 2557; x_wconf 91' lang='lat' dir='ltr'><strong>scriptum</strong></span> <span class='ocrx_word' id='word_1_259' title='bbox 964 2512 1039 2551; x_wconf 88' lang='lat' dir='ltr'><strong>est,</strong></span> <span class='ocrx_word' id='word_1_260' title='bbox 1058 2506 1225 2544; x_wconf 89' lang='lat' dir='ltr'><strong>mutuari</strong></span> <span class='ocrx_word' id='word_1_261' title='bbox 1241 2519 1328 2544; x_wconf 92' lang='lat' dir='ltr'><strong>eum</strong></span> <span class='ocrx_word' id='word_1_262' title='bbox 1345 2506 1493 2544; x_wconf 88' lang='lat' dir='ltr'><strong>anobis</strong></span> <span class='ocrx_word' id='word_1_263' title='bbox 1513 2506 1562 2544; x_wconf 87' lang='lat' dir='ltr'><strong>ad</strong></span> <span class='ocrx_word' id='word_1_264' title='bbox 1579 2507 1657 2544; x_wconf 88' lang='lat' dir='ltr'><strong>vini</strong></span> <span class='ocrx_word' id='word_1_265' title='bbox 1673 2506 1793 2546; x_wconf 88' lang='lat' dir='ltr'><strong>cados</strong></span> 
     </span>
     <span class='ocr_line' id='line_1_35' title="bbox 315 2567 1795 2620; baseline 0.001 -16"><span class='ocrx_word' id='word_1_266' title='bbox 315 2574 374 2604; x_wconf 85' lang='lat' dir='ltr'><strong>ter</strong></span> <span class='ocrx_word' id='word_1_267' title='bbox 407 2567 508 2605; x_wconf 89' lang='lat' dir='ltr'><strong>mille</strong></span> <span class='ocrx_word' id='word_1_268' title='bbox 541 2567 698 2619; x_wconf 85' lang='lat' dir='ltr'><strong>triginta</strong></span> <span class='ocrx_word' id='word_1_269' title='bbox 730 2567 866 2612; x_wconf 89' lang='lat' dir='ltr'><strong>minas,</strong></span> <span class='ocrx_word' id='word_1_270' title='bbox 899 2569 1007 2619; x_wconf 91' lang='lat' dir='ltr'><strong>quasi</strong></span> <span class='ocrx_word' id='word_1_271' title='bbox 1040 2569 1185 2619; x_wconf 83' lang='lat' dir='ltr'><strong>pignus</strong></span> <span class='ocrx_word' id='word_1_272' title='bbox 1217 2568 1409 2606; x_wconf 84' lang='lat' dir='ltr'><strong>haberent</strong></span> <span class='ocrx_word' id='word_1_273' title='bbox 1440 2568 1602 2606; x_wconf 88' lang='lat' dir='ltr'><strong>aliarum</strong></span> <span class='ocrx_word' id='word_1_274' title='bbox 1634 2568 1795 2620; x_wconf 88' lang='lat' dir='ltr'><strong>triginta</strong></span> 
     </span>
     <span class='ocr_line' id='line_1_36' title="bbox 316 2628 1790 2680; baseline 0.001 -15"><span class='ocrx_word' id='word_1_275' title='bbox 316 2629 520 2674; x_wconf 83' lang='lat' dir='ltr'><strong>minarum,</strong></span> <span class='ocrx_word' id='word_1_276' title='bbox 541 2635 585 2666; x_wconf 91' lang='lat' dir='ltr'><strong>ut</strong></span> <span class='ocrx_word' id='word_1_277' title='bbox 603 2632 755 2677; x_wconf 87' lang='lat' dir='ltr'><strong>justum</strong></span> <span class='ocrx_word' id='word_1_278' title='bbox 783 2628 860 2666; x_wconf 89' lang='lat' dir='ltr'><strong>vini</strong></span> <span class='ocrx_word' id='word_1_279' title='bbox 890 2629 1054 2679; x_wconf 85' lang='lat' dir='ltr'><strong>pretium</strong></span> <span class='ocrx_word' id='word_1_280' title='bbox 1074 2629 1124 2666; x_wconf 90' lang='lat' dir='ltr'><strong>ad</strong></span> <span class='ocrx_word' id='word_1_281' title='bbox 1147 2629 1297 2679; x_wconf 86' lang='lat' dir='ltr'><strong>argenti</strong></span> <span class='ocrx_word' id='word_1_282' title='bbox 1318 2629 1508 2667; x_wconf 89' lang='lat' dir='ltr'><strong>talentum</strong></span> <span class='ocrx_word' id='word_1_283' title='bbox 1535 2629 1790 2680; x_wconf 87' lang='lat' dir='ltr'><strong>redigeretur,</strong></span> 
     </span>
     <span class='ocr_line' id='line_1_37' title="bbox 314 2690 1792 2742; baseline 0.002 -15"><span class='ocrx_word' id='word_1_284' title='bbox 314 2702 403 2727; x_wconf 82' lang='lat' dir='ltr'><strong>cum</strong></span> <span class='ocrx_word' id='word_1_285' title='bbox 432 2690 614 2742; x_wconf 88' lang='lat' dir='ltr'><strong>impensis</strong></span> <span class='ocrx_word' id='word_1_286' title='bbox 635 2704 722 2741; x_wconf 86' lang='lat' dir='ltr'><strong>quae</strong></span> <span class='ocrx_word' id='word_1_287' title='bbox 748 2690 798 2728; x_wconf 89' lang='lat' dir='ltr'><strong>ad</strong></span> <span class='ocrx_word' id='word_1_288' title='bbox 824 2690 901 2727; x_wconf 90' lang='lat' dir='ltr'><strong>vini</strong></span> <span class='ocrx_word' id='word_1_289' title='bbox 929 2691 1167 2729; x_wconf 89' lang='lat' dir='ltr'><strong>curationem</strong></span> <span class='ocrx_word' id='word_1_290' title='bbox 1196 2690 1513 2741; x_wconf 86' lang='lat' dir='ltr'><strong>requirebantur:</strong></span> <span class='ocrx_word' id='word_1_291' title='bbox 1545 2704 1602 2729; x_wconf 88' lang='lat' dir='ltr'><strong>eae</strong></span> <span class='ocrx_word' id='word_1_292' title='bbox 1620 2705 1712 2729; x_wconf 89' lang='lat' dir='ltr'><strong>vero</strong></span> <span class='ocrx_word' id='word_1_293' title='bbox 1732 2697 1792 2730; x_wconf 88' lang='lat' dir='ltr'><strong>ter</strong></span> 
     </span>
     <span class='ocr_line' id='line_1_38' title="bbox 315 2751 1791 2803; baseline 0.003 -15"><span class='ocrx_word' id='word_1_294' title='bbox 315 2751 421 2789; x_wconf 90' lang='lat' dir='ltr'><strong>mille</strong></span> <span class='ocrx_word' id='word_1_295' title='bbox 441 2751 635 2803; x_wconf 79' lang='lat' dir='ltr'><strong>amphorae</strong></span> <span class='ocrx_word' id='word_1_296' title='bbox 656 2751 846 2789; x_wconf 86' lang='lat' dir='ltr'><strong>vehendae</strong></span> <span class='ocrx_word' id='word_1_297' title='bbox 867 2758 977 2789; x_wconf 84' lang='lat' dir='ltr'><strong>erant</strong></span> <span class='ocrx_word' id='word_1_298' title='bbox 1000 2752 1038 2789; x_wconf 85' lang='lat' dir='ltr'><strong>in</strong></span> <span class='ocrx_word' id='word_1_299' title='bbox 1058 2752 1231 2789; x_wconf 89' lang='lat' dir='ltr'><strong>Pontum</strong></span> <span class='ocrx_word' id='word_1_300' title='bbox 1251 2751 1406 2802; x_wconf 88' lang='lat' dir='ltr'><strong>navigio</strong></span> <span class='ocrx_word' id='word_1_301' title='bbox 1426 2751 1791 2802; x_wconf 80' lang='lat' dir='ltr'><strong>viginti-remorum,</strong></span> 
     </span>
     <span class='ocr_line' id='line_1_39' title="bbox 318 2812 1794 2866; baseline 0.002 -17"><span class='ocrx_word' id='word_1_302' title='bbox 318 2825 406 2863; x_wconf 86' lang='lat' dir='ltr'><strong>quae</strong></span> <span class='ocrx_word' id='word_1_303' title='bbox 423 2812 599 2863; x_wconf 86' lang='lat' dir='ltr'><strong>Hyblesii</strong></span> <span class='ocrx_word' id='word_1_304' title='bbox 622 2813 846 2852; x_wconf 87' lang='lat' dir='ltr'><strong>navicularii</strong></span> <span class='ocrx_word' id='word_1_305' title='bbox 866 2820 980 2851; x_wconf 85' lang='lat' dir='ltr'><strong>esset.</strong></span> <span class='ocrx_word' id='word_1_306' title='bbox 1039 2813 1152 2860; x_wconf 80' lang='lat' dir='ltr'><strong>Haec,</strong></span> <span class='ocrx_word' id='word_1_307' title='bbox 1174 2813 1351 2860; x_wconf 81' lang='lat' dir='ltr'><strong>Judices,</strong></span> <span class='ocrx_word' id='word_1_308' title='bbox 1373 2813 1410 2851; x_wconf 90' lang='lat' dir='ltr'><strong>in</strong></span> <span class='ocrx_word' id='word_1_309' title='bbox 1432 2814 1656 2866; x_wconf 84' lang='lat' dir='ltr'><strong>syngrapha</strong></span> <span class='ocrx_word' id='word_1_310' title='bbox 1676 2828 1794 2866; x_wconf 88' lang='lat' dir='ltr'><strong>quam</strong></span> 
     </span>
     <span class='ocr_line' id='line_1_40' title="bbox 315 2874 1793 2928; baseline 0.003 -19"><span class='ocrx_word' id='word_1_311' title='bbox 315 2886 383 2910; x_wconf 93' lang='lat' dir='ltr'><strong>vos</strong></span> <span class='ocrx_word' id='word_1_312' title='bbox 406 2874 607 2912; x_wconf 87' lang='lat' dir='ltr'><strong>audivistis</strong></span> <span class='ocrx_word' id='word_1_313' title='bbox 630 2875 773 2926; x_wconf 87' lang='lat' dir='ltr'><strong>scripta</strong></span> <span class='ocrx_word' id='word_1_314' title='bbox 793 2882 905 2913; x_wconf 90' lang='lat' dir='ltr'><strong>sunt:</strong></span> <span class='ocrx_word' id='word_1_315' title='bbox 939 2882 978 2913; x_wconf 90' lang='lat' dir='ltr'><strong>at</strong></span> <span class='ocrx_word' id='word_1_316' title='bbox 996 2874 1059 2912; x_wconf 91' lang='lat' dir='ltr'><strong>isti</strong></span> <span class='ocrx_word' id='word_1_317' title='bbox 1079 2888 1149 2926; x_wconf 88' lang='lat' dir='ltr'><strong>pro</strong></span> <span class='ocrx_word' id='word_1_318' title='bbox 1173 2883 1233 2912; x_wconf 89' lang='lat' dir='ltr'><strong>ter</strong></span> <span class='ocrx_word' id='word_1_319' title='bbox 1251 2874 1355 2912; x_wconf 87' lang='lat' dir='ltr'><strong>mille</strong></span> <span class='ocrx_word' id='word_1_320' title='bbox 1376 2874 1568 2925; x_wconf 90' lang='lat' dir='ltr'><strong>amphoris</strong></span> <span class='ocrx_word' id='word_1_321' title='bbox 1590 2889 1660 2914; x_wconf 90' lang='lat' dir='ltr'><strong>nec</strong></span> <span class='ocrx_word' id='word_1_322' title='bbox 1680 2876 1793 2928; x_wconf 90' lang='lat' dir='ltr'><strong>quin-</strong></span> 
     </span>
     <span class='ocr_line' id='line_1_41' title="bbox 315 2935 1789 2990; baseline 0.003 -18"><span class='ocrx_word' id='word_1_323' title='bbox 315 2942 452 2985; x_wconf 77' lang='lat' dir='ltr'><strong>gentas</strong></span> <span class='ocrx_word' id='word_1_324' title='bbox 486 2935 523 2972; x_wconf 89' lang='lat' dir='ltr'><strong>in</strong></span> <span class='ocrx_word' id='word_1_325' title='bbox 557 2949 696 2974; x_wconf 86' lang='lat' dir='ltr'><strong>navem</strong></span> <span class='ocrx_word' id='word_1_326' title='bbox 730 2937 1015 2988; x_wconf 84' lang='lat' dir='ltr'><strong>imposuerunt,</strong></span> <span class='ocrx_word' id='word_1_327' title='bbox 1037 2942 1091 2983; x_wconf 91' lang='lat' dir='ltr'><strong>et,</strong></span> <span class='ocrx_word' id='word_1_328' title='bbox 1112 2949 1200 2974; x_wconf 87' lang='lat' dir='ltr'><strong>cum</strong></span> <span class='ocrx_word' id='word_1_329' title='bbox 1226 2936 1359 2973; x_wconf 89' lang='lat' dir='ltr'><strong>vinum</strong></span> <span class='ocrx_word' id='word_1_330' title='bbox 1390 2936 1590 2980; x_wconf 83' lang='lat' dir='ltr'><strong>decuisset</strong></span> <span class='ocrx_word' id='word_1_331' title='bbox 1614 2945 1789 2990; x_wconf 89' lang='lat' dir='ltr'><strong>emptum</strong></span> 
     </span>
     <span class='ocr_line' id='line_1_42' title="bbox 313 2998 1786 3051; baseline 0.003 -17"><span class='ocrx_word' id='word_1_332' title='bbox 313 3004 498 3047; x_wconf 83' lang='lat' dir='ltr'><strong>quantum</strong></span> <span class='ocrx_word' id='word_1_333' title='bbox 532 3007 781 3044; x_wconf 84' lang='lat' dir='ltr'><strong>convenerat,</strong></span> <span class='ocrx_word' id='word_1_334' title='bbox 809 2999 880 3050; x_wconf 91' lang='lat' dir='ltr'><strong>ipsi</strong></span> <span class='ocrx_word' id='word_1_335' title='bbox 908 2998 1073 3050; x_wconf 80' lang='lat' dir='ltr'><strong>pecunia</strong></span> <span class='ocrx_word' id='word_1_336' title='bbox 1112 3010 1183 3037; x_wconf 88' lang='lat' dir='ltr'><strong>suo</strong></span> <span class='ocrx_word' id='word_1_337' title='bbox 1215 2998 1402 3037; x_wconf 87' lang='lat' dir='ltr'><strong>arbitratu</strong></span> <span class='ocrx_word' id='word_1_338' title='bbox 1428 3007 1521 3038; x_wconf 89' lang='lat' dir='ltr'><strong>sunt</strong></span> <span class='ocrx_word' id='word_1_339' title='bbox 1548 2999 1621 3048; x_wconf 85' lang='lat' dir='ltr'><strong>usi,</strong></span> <span class='ocrx_word' id='word_1_340' title='bbox 1648 3006 1786 3051; x_wconf 69' lang='lat' dir='ltr'><strong>&#39;terque</strong></span> 
     </span>
    </p>
   </div>
  </div>
 </body>
</html>
