1965 3356
620 205 675 244 IN
708 204 1046 244 STEPHANUM
1079 206 1109 244 1.
1521 212 1601 248 645

147 307 201 347 At
229 313 375 360 quanto
407 309 614 359 praecarius
646 309 762 347 fuerit
794 308 1065 348 liberalitatem
1092 317 1132 348 et
1158 310 1327 349 studium
1358 313 1397 350 in
1430 313 1603 364 rempub.

147 382 260 408 suum
279 369 484 409 ostendere
504 383 592 408 cum
612 383 710 422 opus
736 375 810 416 est,
830 382 944 421 quam
975 370 1262 410 adulationibus
1291 379 1331 410 et
1354 373 1462 412 falsis
1491 373 1602 412 testi-

146 431 282 470 moniis
302 432 479 471 dicendis
504 445 589 470 esse
610 430 812 470 deditum?
854 431 931 470 Sed
950 432 1044 470 nihil
1068 439 1129 471 est
1155 434 1261 484 quod
1280 434 1351 472 iste
1369 435 1464 473 lucri
1485 449 1604 475 causa

144 506 222 532 non
241 494 379 546 cupide
401 494 625 545 susciperet.
683 493 901 540 Enimvero,
932 494 1206 544 Athenienses,
1231 495 1271 533 in
1301 496 1500 547 opulentia
1528 498 1601 536 im-

145 556 276 606 probis
303 555 425 594 multo
455 555 607 606 gravius
639 554 881 593 irascendum
913 563 987 602 est,
1012 569 1128 607 quam
1158 557 1196 595 in
1231 563 1471 609 paupertate.
1529 559 1601 598 His

145 616 247 654 enim
278 629 403 655 rerum
433 616 739 655 necessariarum
767 617 930 668 penuria
953 617 1127 656 nonnihil
1153 618 1258 670 apud
1279 632 1412 670 aequos
1434 619 1601 659 aestima-

145 684 249 718 tores
266 679 388 717 veniae
407 678 508 730 parit
524 692 534 718 ε
565 678 631 730 qui
649 691 755 725 vero,
780 685 823 717 ut
841 679 927 727 iste,
947 679 986 717 in
1005 693 1045 718 re
1064 679 1172 719 lauta
1190 680 1292 719 ultro
1312 687 1404 719 sunt
1423 681 1599 733 improbi,

144 742 290 780 nullam
303 741 451 794 justam
479 742 770 781 excusationem
790 740 924 780 afferre
951 747 1132 793 possunt,
1157 742 1228 786 ‚sed
1257 742 1435 781 sordibus
1456 750 1494 782 et
1511 756 1602 782 ava-

143 803 229 841 ritia
259 809 299 842 et
329 803 542 855 petulantia
571 810 611 842 et
641 803 719 842 suis
753 803 1104 855 conspirationibus
1135 803 1223 855 plus
1255 803 1461 843 tribuendo
1485 818 1602 856 quam

141 865 307 918 legibus,
327 879 373 905 eo
408 866 550 905 adduci
579 866 769 906 videntur.
825 866 947 904 Vobis
977 872 1116 905 autem>
1137 866 1231 904 nihil
1265 867 1400 906 horum
1430 868 1602 919 prodest,

140 928 237 968 illud
266 929 377 969 vobis
403 929 572 981 expedit,
601 929 796 968 hominem
825 929 995 981 inopem,
1015 927 1198 968 affectum
1222 929 1373 982 injuria,
1394 943 1530 982 poenas
1551 931 1600 970 de

141 991 259 1031 divite
277 1006 392 1044 posse
411 1005 574 1031 sumere.
631 992 677 1030 Id
705 992 811 1044 quod
827 998 910 1030 tum
937 991 1016 1040 fiet,
1034 991 1067 1030 si
1093 1005 1160 1031 eos
1178 992 1243 1043 qui
1262 1005 1310 1030 ex
1337 992 1497 1031 avaritia
1522 999 1601 1032 tam

143 1063 275 1106 aperte
296 1061 386 1093 sunt
404 1054 566 1106 improbi
587 1054 797 1106 punieritis.

194 1117 260 1156 19.
292 1116 430 1167 Neque
457 1129 548 1155 vero
577 1116 728 1155 vultum
758 1117 884 1164 istius,
901 1124 941 1156 et
970 1118 1164 1157 incessum
1191 1123 1332 1169 praeter
1349 1117 1529 1169 parieteS,
1549 1118 1601 1156 ad

141 1177 382 1215 severitatem
410 1177 682 1229 compositum,
709 1179 913 1217 modestiae
936 1180 1141 1231 quisquam
1168 1193 1251 1218 esse
1270 1187 1511 1232 argumenta,
1531 1181 1600 1219 sed

137 1238 266 1290 potius
286 1238 578 1279 inhumanitatis
596 1246 731 1291 putare
750 1240 879 1279 debet.
937 1241 1124 1293 Quisquis
1157 1241 1272 1288 enim,
1304 1241 1368 1279 cui
1393 1241 1510 1279 nullae
1539 1255 1600 1281 res

139 1299 312 1339 adversae
342 1300 581 1349 acciderunt,
600 1302 662 1340 cui
689 1302 908 1341 necessaria
931 1316 1010 1341 non
1040 1303 1196 1351 desunt,
1216 1310 1346 1342 tamen
1373 1303 1448 1341 hoc
1467 1303 1599 1341 habitu

136 1361 256 1400 vitam
276 1361 370 1415 agit,
389 1376 479 1402 eum
498 1377 572 1415 ego
590 1365 833 1416 perspexisse
850 1371 890 1404 et
909 1365 1137 1405 meditatum
1159 1379 1244 1404 esse
1264 1378 1396 1404 secum
1415 1365 1511 1403 illud
1532 1378 1600 1404 ex-

137 1424 277 1472 istimo,
298 1425 349 1464 ad
379 1439 446 1465 eos
467 1426 533 1478 qui
562 1426 796 1479 simpliciter,
817 1433 861 1466 ut
888 1434 1029 1467 natura
1058 1428 1145 1475 fert,
1181 1427 1369 1466 incedunt
1391 1434 1431 1466 et
1462 1427 1601 1467 hilares

137 1493 241 1533 sunt,
262 1488 450 1527 accedere
469 1489 635 1540 aliquem
655 1489 811 1537 audere,
833 1496 872 1529 et
887 1503 1038 1542 rogare,
1056 1497 1095 1528 et
1112 1490 1311 1542 postulare
1330 1489 1489 1540 aliquid,
1506 1489 1601 1527 nihil

134 1549 298 1588 veritum
313 1563 322 1589 z
337 1551 472 1590 afictis
493 1558 623 1590 autem
639 1557 678 1590 et
694 1552 813 1591 torvis
830 1552 892 1591 vel
911 1554 1033 1604 primo
1053 1564 1267 1603 congressu
1287 1551 1506 1591 abhorrere.
1529 1551 1600 1590 Ille

136 1610 252 1662 igitur
277 1612 434 1651 habitus
463 1613 558 1651 nihil
591 1613 699 1652 aliud
726 1620 784 1652 est
812 1627 928 1666 quam
956 1621 1225 1665 tegumentum
1244 1627 1407 1661 morum,
1429 1627 1520 1652 nam
1541 1614 1600 1651 in-

138 1674 242 1726 genii
271 1674 463 1713 feritatem
499 1682 539 1713 et
577 1676 824 1714 acerbitatem
847 1675 1034 1715 declarat.
1104 1677 1350 1728 Argumento
1382 1676 1480 1714 illud
1516 1683 1600 1715 est:

136 1750 228 1774 num
251 1737 333 1785 ulli,
365 1737 406 1776 in
433 1744 541 1776 tanta
566 1738 812 1777 multitudine
832 1738 1143 1785 Atheniensium,
1171 1753 1292 1790 quum
1321 1752 1385 1777 res
1421 1738 1491 1776 tibi
1523 1739 1601 1777 sint

135 1797 253 1850 longe
273 1812 388 1851 quam
407 1813 478 1852 pro
491 1800 627 1840 merito
642 1807 709 1839 tuo
730 1800 997 1846 secundiores,
1017 1813 1191 1851 unquam
1210 1800 1417 1851 quicquam
1437 1800 1600 1851 largitus

135 1861 200 1900 es?
229 1876 322 1900 num
343 1862 412 1901 ulli
436 1864 642 1915 quicquam
670 1862 896 1902 contulisti?
936 1875 1028 1900 num
1058 1862 1128 1900 ulli
1156 1862 1412 1904 benefecisti?
1466 1863 1601 1901 Nemi-

134 1936 224 1962 nem
250 1924 420 1976 proferre
439 1924 603 1977 poteris.¹
652 1925 706 1963 At
729 1923 975 1970 foenerando,
993 1931 1034 1962 et
1051 1923 1211 1963 aliorum
1240 1924 1374 1962 clades
1398 1936 1444 1962 ac
1463 1937 1599 1963 neces-

135 1985 269 2025 sitates
286 1987 327 2025 in
345 1987 423 2026 tuis
439 1988 602 2027 fortunis
621 1987 873 2034 numerando,
885 1993 1066 2039 patruum
1087 1986 1240 2025 Niciam
1258 1986 1429 2038 paternis
1448 1986 1600 2025 aedibus

136 2047 304 2098 ejecisti:
334 2049 460 2088 socrui
485 2056 562 2088 tuae
583 2063 631 2088 ea
657 2049 760 2088 unde
779 2049 936 2088 vivebat
963 2048 1161 2101 eripuisti:
1199 2048 1433 2087 Archedemi
1462 2047 1599 2094 filiurn,

135 2116 323 2163 quantum
341 2111 381 2149 in
400 2117 439 2150 te
458 2111 545 2160 fuit,
564 2120 755 2151 extorrem
775 2111 890 2163 egisti
907 2124 916 2150 :
947 2124 1062 2150 nemo
1079 2124 1252 2162 unquam
1278 2117 1358 2149 tam
1383 2111 1520 2149 acerbe
1537 2110 1599 2148 vel

129 2172 348 2225 judicatum
367 2187 446 2213 non
466 2175 680 2213 solventem
705 2174 898 2222 tractavit,
917 2180 962 2213 ut
981 2180 1035 2221 tu,
1053 2187 1122 2212 eos
1150 2173 1217 2225 qui
1243 2185 1402 2211 usuram
1429 2172 1498 2211 tibi
1530 2172 1598 2211 de-

134 2236 241 2274 bent.
299 2236 425 2281 Quem
441 2236 558 2288 igitur
571 2236 712 2276 videtis
733 2237 911 2276 omnibus
932 2236 971 2274 in
986 2237 1101 2274 rebus
1120 2236 1174 2274 ita
1192 2235 1314 2273 ferum
1333 2242 1372 2273 et
1392 2236 1598 2287 impurum,

135 2310 225 2336 eum
244 2311 314 2338 vos
334 2298 374 2336 in
388 2298 474 2350 ipso
494 2298 666 2338 facinore
685 2305 724 2338 et
741 2298 879 2351 injuria
899 2298 1183 2350 deprehensum
1204 2311 1283 2337 non
1304 2297 1505 2350 punietis?
1533 2297 1599 2335 In-

135 2359 266 2412 digna,
287 2360 566 2408 Athenienses,
587 2367 627 2400 et
645 2375 723 2400 non
743 2374 857 2413 aequa
871 2360 1033 2400 facietis.

186 2424 254 2462 20.
285 2423 414 2462 Etiam
437 2423 695 2472 Phormionis,
715 2424 780 2477 qui
810 2424 925 2462 istum
953 2423 1192 2470 subornavit,
1211 2422 1485 2468 Athenienses,
1504 2420 1599 2459 faci-

133 2496 230 2523 nora
248 2484 382 2523 odium
402 2491 442 2524 et
459 2484 761 2537 indignationem
780 2493 990 2534 merentur,
1008 2485 1038 2523 si
1059 2485 1273 2537 praesertim
1293 2485 1375 2537 ejus
1396 2484 1598 2535 impuden-

133 2545 226 2585 tiam
245 2553 286 2585 et
302 2547 496 2598 ingratum
511 2548 681 2586 animum
696 2548 894 2600 spectetis.
937 2549 1112 2587 Arbitror
1127 2548 1230 2586 enim
1251 2548 1347 2586 scire
1368 2559 1501 2585 omnes
1515 2558 1599 2591 vos,

134 2622 223 2648 cum
241 2610 397 2648 vaenalis
417 2617 532 2658 esset,
553 2610 584 2648 si
605 2623 692 2649 eum
712 2624 736 2649 a
754 2624 879 2662 coquo
900 2617 968 2649 aut
986 2610 1119 2662 aliquo
1138 2610 1213 2648 alio
1232 2609 1369 2661 opifice
1386 2608 1459 2646 emi
1476 2607 1600 2646 conti-

135 2671 267 2722 gisset,
285 2685 374 2710 eum
390 2672 537 2711 domini
555 2679 676 2711 artem
689 2673 870 2712 edoctum
884 2673 1029 2711 abonis
1049 2672 1133 2711 istis
1152 2673 1323 2710 futurum
1343 2670 1461 2707 fuisse
1481 2682 1598 2719 quam

133 2735 451 2773 remotissimum:
482 2742 687 2787 postquam
714 2742 844 2774 autem
872 2748 959 2774 eum
978 2741 1086 2786 pater
1104 2741 1238 2773 noster
1256 2732 1472 2771 mensarius
1492 2731 1596 2777 emit,

135 2801 176 2832 et
207 2794 326 2834 literis
358 2796 512 2842 erudiit,
547 2804 587 2835 et
626 2804 748 2836 artem
778 2797 927 2842 docuit,
956 2796 1117 2848 ejusque
1145 2796 1236 2834 fidei
1265 2807 1446 2844 magnam
1479 2806 1598 2845 pecu-

135 2856 238 2893 niam
257 2857 435 2904 credidit‚
455 2857 546 2896 felix
561 2858 686 2897 factus
706 2864 781 2905 est,
799 2857 1012 2904 fortunam,
1026 2871 1104 2908 qua
1124 2857 1173 2894 ad
1195 2869 1264 2894 nos
1285 2855 1404 2901 venit,
1425 2854 1598 2893 occasio-

136 2929 225 2954 nem
243 2923 381 2955 nactus
401 2918 525 2957 omnis
550 2919 633 2971 ejus
659 2932 738 2970 qua
758 2933 862 2958 nunc
882 2918 1021 2957 fruitur
1041 2918 1252 2956 felicitatis.
1311 2917 1479 2955 Proinde
1498 2915 1597 2953 iudi-

138 2990 256 3028 gnum
276 2985 348 3026 est,
368 2980 465 3031 proh
484 2980 617 3020 divum
635 2980 910 3033 hominumque
931 2980 1063 3028 fidem,
1080 2987 1119 3019 et
1138 2980 1225 3032 plus
1244 2992 1361 3032 quam
1381 2980 1596 3031 indignum,
