1915 3356
540 187 793 228 EXORDIA
823 187 1178 227 CONCIONUM.
1512 186 1588 223 815

125 288 266 341 agendi
284 289 467 341 perendie
487 298 553 329 aut
573 300 662 344 post
683 292 855 344 quinque
870 292 966 339 dies,
986 292 1018 330 si
1046 304 1218 330 rumores
1238 290 1367 329 bellici
1387 289 1589 341 sopiantur

126 358 165 389 et
184 351 313 390 hostes
334 352 547 403 quiescant,
564 368 694 392 rursus
708 356 789 405 jam
816 367 894 392 non
914 366 1001 391 esse
1019 352 1262 391 occasionem
1289 352 1487 404 putabitis.
1544 350 1592 388 ld

125 413 245 463 quod,
265 427 353 452 cum
372 414 411 452 in
438 415 695 467 Hellesponto
723 427 812 453 esse
834 413 1056 465 Philippum
1087 413 1323 459 audiremus,
1345 413 1513 457 accidit;
1543 425 1591 451 ac

125 473 267 522 denuo,
299 489 388 513 cum
417 476 588 527 piraticae
618 489 736 514 naves
770 476 821 513 ad
854 475 1126 513 Marathonem
1154 474 1406 526 appulissent.
1465 475 1593 519 Quam

124 536 226 574 enim
245 537 451 588 quispiam,
473 538 742 584 Athenienses,
763 538 882 589 probe
901 537 1089 575 instructo
1109 542 1282 574 uteretur
1300 536 1490 581 exercitu,
1511 544 1592 574 tam

123 610 193 636 vos
212 599 382 637 consiliis
405 599 552 637 utimini
573 600 760 638 celeriter.
820 598 892 636 Est
924 606 1052 636 autem
1084 603 1123 635 et
1146 598 1251 635 lente
1281 596 1590 644 deliberandum,

123 665 164 696 et
181 672 269 710 quae
289 660 447 698 decreta
474 660 618 699 suerint
647 668 795 699 mature
822 659 1003 698 facienda.
1029 665 1131 705 sunt,
1153 665 1193 697 et
1217 658 1471 709 cogitandum
1503 658 1592 705 hoc,

122 720 198 760 nisi
217 728 257 760 et
275 723 430 761 uberem
451 731 711 761 commeatum
726 723 764 760 in
783 730 962 775 promptu
981 720 1193 760 habueritis
1213 727 1252 758 et
1272 720 1412 758 ducem
1426 720 1594 771 aliquem

119 784 350 835 prudentem
380 784 485 822 bello
518 785 768 836 praefeceritis
803 791 1007 835 vestraque
1042 784 1201 822 decreta
1228 788 1455 820 constanter
1485 795 1594 821 urse-

120 845 215 891 ritis,
238 845 334 884 nihil
367 860 390 885 a
419 847 526 885 vobis
546 847 769 886 confectum
790 846 834 884 iri
864 845 939 883 nisi
971 846 1145 892 decreta,
1164 851 1203 883 et
1233 857 1370 882 omnes
1396 844 1592 895 impensas

120 907 264 946 frustra
293 908 499 960 perituraS,
547 916 586 947 et
626 909 708 947 fore
741 915 786 946 ut
821 920 950 958 neque
977 908 1088 946 rebus
1124 906 1334 958 quicquam
1370 905 1594 953 consulatis,

123 976 238 1021 atque
269 969 354 1008 irati
374 983 628 1023 quoscunque
647 971 799 1010 libitum
819 969 934 1007 fuerit
952 969 989 1006 in
1015 968 1206 1020 judicium
1227 967 1448 1006 adducatis.
1506 968 1593 1018 Ego

122 1044 214 1070 vero
234 1032 351 1070 nolim
364 1046 431 1071 vos
451 1034 691 1072 committere
712 1039 754 1070 ut
772 1032 876 1070 cives
891 1030 996 1082 prius
1014 1031 1053 1068 in
1066 1029 1224 1082 judiciis
1245 1029 1463 1080 exagitetis,
1477 1042 1595 1080 quam

122 1093 254 1132 hostes
274 1094 538 1134 ulciscamini:
570 1095 719 1146 aequius
741 1094 844 1132 enirn
875 1099 934 1131 est
959 1092 1003 1130 'ut
1034 1106 1122 1130 cum
1148 1091 1233 1138 illis,
1254 1104 1370 1142 quam
1389 1092 1487 1129 inter
1506 1104 1593 1136 nos,

122 1155 407 1207 belligeremus.
452 1158 596 1195 Verum
627 1156 772 1195 ne—-id
802 1155 906 1206 quod
939 1155 1044 1192 factu
1069 1153 1292 1191 facillimum
1325 1159 1594 1191 est—tantum

123 1217 338 1269 objurgem‚
362 1231 439 1269 quo
472 1225 589 1270 pacto
617 1218 703 1256 haec
734 1231 756 1255 a
775 1217 885 1254 vobis
907 1222 1086 1267 oportere
1105 1215 1184 1252 fieri
1207 1220 1351 1265 putem,
1373 1214 1592 1264 explicabo,

121 1286 302 1330 precatus
323 1292 346 1317 a
364 1280 488 1324 vobis,
511 1294 559 1318 ne
580 1278 827 1330 obstrepatiS‚
854 1291 951 1315 neve
984 1290 1044 1314 me
1080 1276 1319 1326 tergiversari
1347 1280 1415 1312 aut
1442 1275 1595 1314 differre

123 1341 323 1392 negotium
358 1340 602 1381 existimetis.
661 1341 752 1379 Non
781 1340 884 1378 enim
913 1339 979 1390 qui
1007 1338 1184 1377 celeriter
1205 1344 1245 1376 et
1262 1337 1380 1375 hodie
1409 1350 1489 1375 rem
1510 1351 1597 1376 sus-

123 1401 345 1455 cipiendam
372 1404 540 1442 suadent
569 1403 782 1442 rectissime
809 1401 1153 1440 consulunt-non
1184 1399 1287 1437 enim
1319 1413 1365 1437 ea
1395 1413 1482 1450 quae
1508 1400 1593 1451 jam

123 1465 280 1516 quidem
312 1465 538 1504 acciderunt
569 1465 690 1517 copiis
721 1463 970 1503 auxiliaribus
991 1462 1196 1514 prohibere
1219 1461 1503 1512 poterimus—,
1520 1463 1590 1501 sed

123 1527 190 1579 qui
211 1527 437 1574 ostenderit,
458 1541 546 1578 quae
567 1529 691 1580 copiae
719 1533 955 1583 comparatae
976 1538 1080 1562 nunc
1100 1537 1328 1576 permanere
1349 1537 1394 1562 ac
1415 1532 1594 1564 constare

122 1596 281 1641 queant,
302 1589 491 1642 tantisper
515 1591 608 1628 dum
636 1597 704 1628 aut
729 1589 861 1626 hostes
882 1600 1122 1639 superemus,
1151 1592 1220 1623 aut
1236 1586 1463 1637 persuaderi
1483 1589 1594 1627 nobis

122 1652 315 1703 patiamur
343 1658 386 1690 ut
415 1653 558 1691 bellum
580 1653 836 1705 deponamus.
893 1650 957 1689 Sic
977 1650 1078 1688 enim
1106 1649 1172 1687 fiet
1200 1655 1241 1686 ut
1269 1648 1380 1686 malis
1405 1649 1444 1686 in
1463 1657 1594 1701 poste-

122 1726 208 1752 rum
227 1713 446 1753 liberemur.

806 1821 918 1859 XXI.

178 1897 351 1938 Arbitror
370 1911 505 1938 omnes
531 1912 616 1945 vos,
639 1899 910 1946 Athenienses,
928 1899 1190 1945 confessuros,
1211 1904 1390 1951 oportere
1415 1902 1590 1935 nostram

124 1960 275 2008 urbem,
306 1973 394 2000 cum
425 1960 474 1998 de
506 1961 654 2013 privato
685 1963 806 2014 ipsius
837 1962 1020 2014 quopiam
1057 1962 1214 2013 negotio
1251 1960 1448 2006 deliberet,
1478 1973 1591 2012 aeque

124 2034 306 2073 magnam
331 2023 476 2061 habere
497 2023 670 2062 utilitatis
691 2031 805 2075 atque
820 2024 981 2076 justitiae
1002 2024 1214 2063 rationem:
1246 2036 1336 2062 cum
1355 2035 1447 2060 vero
1469 2023 1595 2061 socio-

122 2097 207 2122 rum
232 2098 293 2124 res
327 2092 496 2136 aguntur
529 2093 597 2125 aut
621 2100 864 2133 communes,
885 2087 1104 2139 cujusmodi
1135 2086 1252 2124 etiam
1285 2086 1371 2123 haec
1406 2092 1480 2131 est,
1502 2084 1596 2122 nihil

123 2158 211 2185 esse
239 2146 399 2198 perinde
418 2148 634 2186 curandum
655 2156 698 2187 ut
717 2149 952 2201 aequitatem.
1011 2149 1112 2186 Nam
1145 2148 1184 2186 in
1219 2148 1292 2186 illis
1323 2148 1411 2199 ipsa
1434 2155 1494 2185 est
1522 2148 1598 2185 uti-

122 2207 212 2247 litas
234 2209 352 2247 satis:
383 2209 422 2247 in
443 2209 666 2262 hujusmodi
700 2219 829 2250 autem
861 2212 977 2250 rebus
1009 2210 1170 2262 adjungi
1199 2216 1354 2262 oportet
1379 2210 1494 2248 etiam
1526 2208 1597 2247 ho-

122 2276 328 2309 nestatem.
384 2272 567 2311 Actiones
588 2273 690 2311 enim
710 2273 749 2311 in
769 2287 902 2312 eorum
929 2280 1121 2325 potestate
1142 2281 1232 2311 sunt
1253 2286 1276 2311 a
1294 2273 1434 2324 quibus
1456 2285 1598 2323 gerun-

121 2339 210 2371 tur:
241 2339 282 2372 at
299 2333 584 2381 existimationi,
615 2349 702 2387 quae
734 2336 907 2374 actiones
939 2336 1126 2387 sequitur,
1147 2348 1260 2373 nemo
1289 2341 1420 2373 tantus
1441 2341 1502 2373 est
1532 2334 1598 2386 qui

123 2394 356 2442 dominetur,
394 2397 466 2435 sed
496 2397 808 2450 qualemcunque
841 2412 903 2437 res
942 2406 1065 2449 gestoe
1108 2397 1331 2449 opinionem
1379 2397 1598 2442 excitarint,

124 2457 213 2497 talis
234 2457 283 2496 de
308 2458 531 2497 auctoribus
563 2460 667 2498 fama
696 2461 889 2513 spargitur
909 2474 932 2499 a
953 2461 1112 2513 populo.
1171 2460 1461 2499 Providendum
1482 2460 1598 2511 igitur

121 2526 161 2558 et
180 2520 315 2559 danda
331 2533 461 2572 opera,
484 2527 526 2560 ut
545 2535 600 2560 eae
616 2524 737 2574 justae
759 2523 976 2562 videantur.
1026 2523 1157 2562 Decet
1177 2531 1305 2562 autem
1327 2536 1460 2561 onmes
1481 2535 1528 2560 eo
1555 2522 1595 2559 in

124 2580 271 2632 injuriis
303 2581 464 2621 affectos
494 2595 580 2622 esse
613 2585 753 2632 animo,
775 2598 853 2636 quo
873 2598 968 2636 erga
1001 2598 1055 2631 se,
1076 2585 1107 2622 si
1139 2585 1231 2636 quid
1257 2584 1464 2630 accideret,
1492 2583 1597 2634 quod

124 2642 238 2688 absit,
271 2644 436 2696 quisque
470 2645 566 2683 alios
600 2659 686 2685 esse
708 2647 850 2686 vellet:
883 2648 953 2686 sed
986 2647 1079 2698 quia
1103 2648 1282 2686 nonnulli
1305 2647 1396 2685 huic
1417 2646 1489 2698 ipsi
1509 2659 1596 2684 sen-

124 2704 256 2742 tentiae
274 2705 538 2754 adversantur,
559 2708 623 2746 ubi
643 2721 772 2760 pauca
799 2709 873 2748 illis
894 2709 1143 2761 respondem,
1167 2723 1255 2761 quse
1283 2708 1393 2748 vobis
1416 2707 1597 2760 expedire

126 2767 290 2806 maxime
311 2781 508 2816 censeam,
530 2783 576 2809 ea
595 2772 727 2810 statim
748 2772 936 2812 suadebo.

799 2875 932 2914 XXII.

180 2947 271 2987 Non
304 2962 462 3001 parvam
488 2953 580 2991 mihi
601 2954 810 3004 jacturam,
834 2954 1108 2999 Athenienses,
1130 2954 1383 2993 existimaturi
1405 2954 1599 3001 videmini,
