1915 3356
709 188 1004 230 EPISTOLAE.
1512 183 1588 220 839

126 296 237 335 nibus
273 293 424 332 nullum
462 305 633 344 unquam
663 292 725 331 vel
760 292 961 331 minimum
994 289 1268 328 detrimentum
1297 288 1469 342 cepistis.
1527 285 1589 324 Ea

126 358 242 404 enim,
261 370 284 395 o
304 356 577 402 Athenienses,
597 356 636 393 in
655 355 876 407 Republica
893 354 993 392 ratio
1017 365 1105 390 mea
1122 352 1212 399 suit,
1231 365 1309 390 non
1334 360 1378 390 ut
1396 365 1465 390 vos
1487 349 1588 388 alios

127 419 192 457 alii
213 419 417 458 vinceretis
438 426 505 457 aut
524 425 567 457 ut
585 417 776 455 civitatem
798 423 932 455 contra
960 415 1203 465 semetipsam
1235 427 1426 460 acuerem,
1449 412 1518 451 sed
1538 410 1589 450 ad

125 493 172 519 ea
185 494 254 519 vos
275 481 444 529 incitavi,
459 480 564 519 unde
583 479 744 530 gloriam
760 485 800 516 et
817 477 1143 529 magnanimitatis
1161 477 1380 528 opinionem
1401 476 1589 514 relaturos

124 555 193 581 vos
212 543 428 582 arbitrarer.
485 543 583 586 Quae
603 554 690 579 cum
709 553 858 587 omnes,
880 548 963 578 tum
990 553 1080 578 vero
1108 539 1389 583 adolescentes,
1411 536 1590 575 admirari

125 605 284 651 debent,
298 618 372 643 nec
403 617 490 643 eum
510 601 705 654 requirere
729 602 854 640 solum
874 602 939 654 qui
959 608 1137 653 captator
1158 614 1260 639 aurae
1288 598 1485 652 popularis
1505 598 1589 636 vul-

125 666 242 718 gique
274 666 533 717 cupiditatum
569 664 798 703 administer
833 664 1004 703 omnium
1041 665 1079 702 in
1113 662 1314 714 republica
1351 660 1590 699 sit—talium

124 729 226 766 enim
247 728 355 766 nulla
371 741 544 778 unquam
562 726 724 779 penuria
743 727 873 764 futura
891 732 1018 771 est—,
1041 725 1110 763 sed
1138 738 1226 762 eum
1258 723 1374 761 etiam
1395 722 1461 774 qui
1487 722 1591 759 bono

124 790 253 828 studio
288 797 419 828 vestra
442 797 571 828 errata.
596 788 865 840 reprehendat.
934 787 1038 832 Quin
1062 794 1102 825 et
1131 787 1205 825 alia
1236 786 1356 823 multa
1387 790 1592 836 praetereo,

122 857 282 904 propter
301 864 387 903 quae
420 851 532 898 alius,
566 851 632 902 qui
662 850 811 888 nullam
843 849 958 887 aliam
987 855 1170 887 navasset
1188 860 1360 899 operam,
1389 847 1476 898 jure
1511 858 1594 883 suae

125 913 263 953 salutis
293 914 429 966 haberi
460 914 651 951 rationem
683 912 909 964 postularet,
944 917 988 949 ut
1017 910 1177 950 aedilitia
1212 922 1388 956 munera,
1415 916 1459 946 ut
1483 908 1592 946 trire‘

125 976 245 1013 mium
263 974 555 1021 instructiones,
573 980 618 1012 ut
635 972 859 1024 largitiones
885 973 1144 1024 pecuniarias,
1163 971 1344 1010 omnibus
1364 969 1593 1009 necessariis

125 1036 390 1089 temporibus:
420 1036 558 1087 quibus
589 1049 652 1074 me
683 1048 762 1073 non
786 1035 903 1074 modo
923 1036 1090 1087 primum
1117 1033 1353 1073 succurrisse
1388 1032 1594 1076 constabit,

125 1098 197 1137 sed
217 1099 313 1138 alios
334 1097 450 1137 etiam
470 1110 560 1136 esse
580 1097 840 1136 adhortatum.
899 1092 1074 1141 Qu‘orum
1095 1096 1250 1147 singula
1269 1095 1455 1147 cogitate,
1469 1094 1595 1132 Athe-

123 1160 294 1208 nienses,
310 1172 428 1212 quam
447 1173 495 1198 ea
512 1160 732 1198 calamitate
751 1160 915 1211 indigua
934 1159 1011 1198 sint
1040 1173 1129 1210 quae
1154 1172 1214 1196 me
1235 1159 1436 1210 oppressit.
1494 1157 1596 1194 Cum

123 1233 217 1260 vero
235 1221 410 1273 plurimis
429 1234 534 1259 nunc
553 1221 594 1259 in
612 1222 724 1260 malis
743 1235 887 1270 verser,
909 1221 1003 1273 quid
1034 1221 1198 1273 primum
1224 1220 1422 1272 deplorem
1445 1219 1596 1258 dubito.

126 1284 267 1323 Utrum
284 1290 455 1330 aetatem,
489 1296 566 1335 qua.
589 1283 851 1335 periculosum
883 1283 1059 1322 exsilium
1087 1283 1251 1335 experiri
1273 1290 1412 1334 praeter
1432 1294 1598 1320 consue-

125 1348 302 1386 tudinem
334 1353 375 1386 et
403 1346 634 1398 dignitatem
663 1346 810 1398 cogor?
840 1359 890 1385 an
917 1346 1181 1398 ignominiam,
1213 1346 1317 1397 quod
1349 1344 1492 1383 nullius
1525 1343 1599 1381 cri-

127 1410 241 1449 minis
261 1401 461 1448 convictus
494 1415 535 1447 et
566 1421 656 1448 reus
688 1415 871 1461 peractus
904 1409 1111 1447 damnatus
1144 1407 1269 1460 perii?
1299 1421 1348 1446 an
1378 1420 1499 1460 spem,
1521 1418 1600 1456 qua

127 1472 353 1519 frustratus,
382 1471 653 1510 haereditatem
682 1484 816 1510 eorum
853 1471 1059 1519 malorum,
1093 1484 1181 1522 quae
1220 1469 1304 1508 aliis
1342 1470 1599 1514 debebantur,

126 1533 238 1586 cepi?
267 1534 407 1586 Neque
435 1533 538 1572 enim
570 1547 644 1586 ego
660 1533 726 1572 vel
754 1533 917 1585 Harpali
945 1534 1091 1572 amicus
1111 1533 1180 1577 fui,
1201 1532 1263 1571 vel
1288 1539 1445 1584 propter
1471 1530 1600 1583 priora

127 1609 216 1635 mea
234 1603 321 1636 acta
336 1598 375 1635 in
396 1596 596 1648 republica
615 1609 755 1649 poenas
787 1596 879 1635 dare
907 1596 1045 1643 debeo,
1065 1609 1154 1635 cum
1175 1604 1214 1634 et
1234 1609 1280 1634 ea
1298 1608 1462 1647 quorum
1482 1607 1600 1633 accu-

129 1660 242 1698 sabar
261 1661 424 1712 probata
441 1673 521 1699 non
543 1659 643 1698 sint:
675 1666 716 1698 et
749 1672 797 1698 ex
822 1659 1000 1698 omnibus
1030 1659 1080 1698 de
1102 1658 1275 1710 Harpalo
1295 1658 1408 1697 factis
1436 1656 1600 1697 decretis

126 1722 212 1761 sola
230 1735 276 1761 ea
294 1736 383 1774 quae
402 1735 476 1774 ego
496 1721 560 1773 egi
588 1721 784 1762 civitatem
805 1722 909 1760 omni
929 1722 1088 1761 crimine
1107 1722 1317 1760 liberarint.
1376 1721 1435 1758 Ex
1460 1721 1600 1772 quibus

128 1784 309 1823 omnibus
334 1784 580 1836 perspicitur,
599 1798 661 1824 me
689 1784 927 1836 temporibus
959 1784 1280 1831 circumventum,
1308 1797 1386 1822 non
1407 1783 1601 1822 scelerum

127 1844 368 1892 damnatum,
389 1846 531 1898 injuste
563 1859 649 1885 eam
675 1860 754 1898 qua
782 1846 820 1884 in
851 1859 985 1885 omnes
1016 1859 1102 1884 reos
1121 1847 1178 1885 uti
1203 1846 1338 1884 soletis
1359 1845 1601 1884 iracundiam

127 1909 303 1962 experiri,
321 1915 527 1962 propterea
552 1910 660 1961 quod
678 1923 752 1962 ego
772 1910 918 1962 primus
943 1910 984 1948 in
1008 1910 1200 1962 judicium
1227 1911 1327 1949 veni.
1386 1910 1487 1948 Nam
1507 1910 1601 1960 quid

128 1984 202 2023 ego
222 1971 324 2023 aequi
342 1985 413 2024 pro
431 1985 519 2010 mea
545 1971 772 2011 defensione
802 1985 881 2010 non
900 1972 1025 2020 attuli,
1046 1986 1095 2011 ex
1113 1973 1157 2011 iis
1177 1986 1264 2024 quae
1281 1979 1420 2024 postea
1438 1978 1601 2011 caeteros

131 2045 218 2072 reos
239 2032 550 2073 conservarunt?
584 2041 652 2072 aut
684 2034 779 2085 quid
812 2034 977 2086 amplius
1009 2035 1069 2073 vel
1101 2048 1206 2074 nunc
1239 2035 1367 2074 dicere
1397 2035 1602 2086 quisquam

129 2095 285 2148 possit?
331 2096 458 2135 Nemo
492 2103 621 2135 certe:
652 2109 743 2134 nam
774 2110 863 2148 quae
891 2097 997 2136 facta
1028 2111 1108 2136 non
1128 2106 1232 2145 sunt,
1253 2111 1301 2136 ea
1328 2098 1432 2136 faeta
1461 2104 1505 2135 ut
1525 2097 1604 2135 sint

130 2158 280 2198 efficere
295 2172 408 2198 nemo
428 2165 573 2211 potest.
631 2158 713 2197 Sed
743 2158 794 2198 de
825 2158 887 2197 his
920 2172 1146 2211 quanquam
1175 2159 1341 2198 scribere
1369 2159 1494 2198 multa
1512 2172 1602 2210 pos-

130 2233 227 2267 sem,
245 2220 397 2268 desino,
417 2220 524 2272 quod
555 2219 789 2260 innocentiae
809 2220 1089 2259 conscientiam
1109 2221 1350 2273 experientia
1375 2235 1438 2260 me
1470 2222 1604 2260 docuit

129 2281 181 2320 ad
193 2281 410 2334 juvandum
430 2294 572 2334 parvas
591 2281 738 2321 habere
758 2282 870 2330 vires,
891 2281 941 2321 ad
960 2282 1184 2334 augendum
1205 2289 1334 2321 autem
1355 2282 1471 2320 animi
1491 2283 1604 2321 dolo-

128 2356 212 2383 rem
230 2344 402 2383 omnium
421 2357 507 2383 esse
527 2343 832 2383 acerbissimam.
890 2343 1105 2395 Postquam
1131 2357 1222 2383 vero
1248 2356 1319 2395 pro
1338 2351 1468 2382 vestra
1501 2344 1604 2396 sapi-

128 2406 235 2446 entia
251 2407 327 2446 reis
346 2407 526 2447 omnibus
546 2405 784 2445 reconciliati
805 2404 914 2454 estis,
934 2412 974 2444 et
993 2405 1086 2444 mihi
1106 2405 1418 2452 reconciliamini,
1440 2419 1463 2444 o
1483 2406 1604 2444 Athe-

129 2469 313 2509 nienses:
342 2483 473 2522 neque
502 2468 621 2515 enim,
649 2475 772 2508 testor
791 2469 886 2508 deos
915 2477 956 2508 et
972 2468 1127 2516 heroes,
1147 2468 1217 2507 ulli
1235 2476 1406 2508 vestrum
1424 2468 1603 2520 injuriam

129 2531 316 2582 feci,—et
334 2532 427 2572 mihi
445 2532 571 2572 omnis
600 2536 780 2571 anteacta
805 2531 886 2570 vita
910 2545 999 2570 mea
1026 2531 1248 2571 testimonio
1274 2538 1347 2579 est,
1375 2531 1437 2569 cui
1466 2531 1604 2569 merito

130 2593 339 2645 plus-fidei
357 2595 564 2635 haberetur
597 2607 621 2633 a
649 2594 759 2633 vobis
791 2607 908 2646 quam
929 2594 991 2633 isti
1011 2594 1173 2642 crimini,
1206 2595 1312 2646 quod
1343 2607 1446 2631 nunc
1476 2592 1514 2630 in
1542 2605 1604 2630 me

131 2656 357 2708 conjectum
403 2658 499 2695 illud
548 2657 705 2708 quidem
750 2663 826 2703 est,
865 2657 934 2696 sed
971 2659 1177 2709 probatum
1219 2665 1258 2695 et
1298 2657 1605 2695 demonstratum

134 2730 212 2757 non
259 2723 385 2766 est—,
422 2732 549 2770 neque
584 2731 646 2756 me
686 2719 897 2771 pessimum
948 2727 1015 2758 aut
1051 2720 1219 2758 minimae
1258 2719 1348 2757 fidei
1385 2731 1471 2756 esse
1509 2718 1607 2756 inter

134 2793 203 2820 eos
242 2793 340 2833 quos
377 2781 575 2820 calumnia
603 2781 767 2833 impetiit
794 2781 1108 2832 deprehendetis.
1174 2782 1263 2820 Jam
1299 2782 1348 2818 ob
1386 2780 1602 2818 discessum

132 2842 361 2894 meumjure
379 2842 497 2882 irasci
516 2842 610 2882 mihi
632 2856 710 2883 non
739 2843 929 2896 potestis:
960 2856 1084 2894 neque
1115 2843 1217 2881 enim
1252 2842 1340 2880 ideo
1373 2841 1463 2887 abii,
1499 2841 1604 2892 quod

135 2912 203 2943 aut
232 2905 281 2944 de
318 2904 429 2944 vobis
463 2905 711 2958 desperarem
747 2912 815 2944 aut
852 2904 1002 2957 uspiam
1037 2905 1112 2943 alio
1148 2905 1394 2956 respicerem,
1422 2903 1491 2942 sed
1528 2904 1604 2954 pri-

135 2979 241 3007 mum
258 2967 423 3008 carceris
448 2967 697 3020 ignominiam
725 2967 855 3007 animo
876 2967 1047 3007 ferebam
1067 2967 1248 3019 graviter,
1279 2965 1422 3005 deinde
1449 2972 1606 3018 propter

0 3238 454 3356 lm
481 3352 488 3356 ,
