1915 3356
453 198 527 236 DE
560 199 708 237 MALE
738 197 919 236 GESTA
945 195 1283 235 LEGATIONE.
1547 192 1595 230 67

135 300 207 339 fiee
226 300 410 351 populum
429 301 580 339 extulit.
617 301 719 340 Nam
740 301 844 339 mille
865 299 1011 338 talenta
1030 299 1195 349 signatae
1215 298 1391 350 pecuniae
1410 298 1447 335 in
1470 308 1597 334 arcem

134 361 349 411 retulimus,
375 369 415 399 et
434 370 591 400 centum
612 362 706 401 alias
728 363 900 400 triremes
919 359 1097 397 fabricati
1117 373 1266 406 sumus,
1287 367 1327 397 et
1356 357 1510 396 navalia
1527 369 1596 395 ex-

133 423 356 470 struximus,
370 430 409 462 et
428 425 579 474 equites
596 424 701 462 mille
719 423 908 461 ducentos
929 422 1249 472 comparavimus,
1264 428 1301 459 et
1320 421 1417 459 alios
1437 419 1597 457 totidem

135 485 382 536 sagittarios;
412 493 541 523 erecta
578 485 666 522 item
707 490 797 522 sunt
828 482 1003 532 austrina
1039 482 1196 529 moenia,
1233 496 1356 532 neque
1393 482 1599 533 quisquam

134 553 280 584 statum
305 546 531 598 popularem
551 552 724 584 evertere
752 551 812 583 est
831 558 1052 596 aggressus.
1097 545 1247 582 Rursus
1267 557 1354 580 cum
1375 554 1601 594 persuasum

135 607 247 645 nobis
275 614 394 652 esset,
429 613 474 644 ut
501 607 645 645 bellum
676 606 862 644 adversus
892 605 1148 657 Megarenses
1183 604 1485 655 susciperemus,
1519 610 1601 640 tum

137 681 254 718 agros
269 675 422 706 nostros
443 667 586 706 vastari
600 667 706 719 passi
726 680 872 713 sumuS‚
894 673 977 705 tum
996 667 1129 704 multis
1148 666 1262 704 bonis
1283 664 1446 711 amissis,
1466 678 1602 715 pacem

135 729 356 781 petivimus,
382 735 500 780 atque
520 729 684 767 fecimus
712 742 778 780 per
804 729 956 767 Niciam
985 728 1159 767 Nicerati
1187 727 1323 764 filium.
1371 725 1436 764 Sic
1465 727 1602 763 iterum

136 791 212 829 hoc
244 798 417 842 tempore
437 798 585 843 septem
607 791 726 829 millia
751 791 944 829 talentum
976 791 1025 828 ob
1054 790 1159 841 pacis
1189 789 1302 827 istius
1331 787 1539 826 commoda
1566 787 1605 824 in

137 865 267 891 arcem
279 852 494 899 retulimus,
509 860 549 890 et
568 852 742 890 triremes
759 852 962 904 expeditas
978 860 1096 904 atque
1114 852 1288 902 integras
1308 863 1385 888 non
1406 849 1606 901 pauciores

135 914 322 954 trecentis
354 915 680 967 comparavimus,
710 915 801 953 item
822 915 955 953 tributi
983 915 1140 953 nomine
1159 913 1369 965 quotannis
1397 912 1499 950 mille
1533 911 1605 949 du-

136 984 252 1015 centa
265 977 413 1015 talenta
423 977 534 1015 nobis
548 977 656 1015 fuere
671 977 883 1029 pensitata;
902 978 1098 1015 tenuimus
1111 977 1414 1022 Chersonesum,
1430 974 1604 1018 Naxum,

140 1038 345 1086 Euboeam,
364 1038 546 1090 plurimas
566 1039 739 1077 colonias
761 1039 805 1077 iis
826 1039 1063 1091 temporibus
1079 1039 1339 1078 condidimus.
1370 1038 1424 1075 Et
1443 1049 1531 1075 cum
1552 1042 1609 1073 tot

136 1101 250 1139 bonis
266 1102 528 1149 afflueremus,
545 1108 702 1153 propter
721 1102 890 1152 Argivos
905 1102 1049 1140 bellum
1066 1102 1266 1140 intulimus
1287 1099 1607 1144 Lacedaemoniis,

140 1162 294 1213 Argivis
323 1163 511 1210 obsecuti,
539 1163 664 1202 donec
683 1164 844 1202 tandem
863 1177 931 1215 per
950 1171 1145 1202 oratorum
1164 1163 1408 1201 velitationes
1428 1174 1474 1200 eo
1494 1161 1609 1198 deve-

140 1224 283 1271 nimus,
297 1231 342 1262 ut
354 1225 581 1276 praesidium
596 1225 681 1263 urbi
696 1225 971 1277 imponeretur,
988 1233 1028 1264 et
1040 1226 1330 1277 quadringenti,
1344 1238 1390 1263 ac
1405 1230 1493 1275 post
1506 1222 1609 1273 impii

139 1285 299 1337 triginta
316 1287 483 1338 tyranni,
503 1300 628 1324 rerum
650 1288 881 1338 potirentur,
901 1301 997 1339 pace
1015 1301 1093 1325 non
1114 1289 1215 1326 ultro
1231 1288 1348 1334 facta,
1364 1287 1433 1324 sed
1448 1287 1484 1324 vi
1501 1286 1612 1323 nobis

138 1348 340 1399 imperata.
385 1348 540 1386 Rursus
561 1348 641 1386 vita
659 1349 839 1387 modeste
865 1357 968 1396 acta,
990 1357 1030 1387 et
1054 1349 1201 1400 populo
1231 1362 1253 1387 e
1281 1349 1406 1400 Phyle
1435 1348 1612 1392 reducto,

141 1409 383 1448 Archinoet
401 1409 646 1461 Thrasybulo
673 1410 806 1461 populi
829 1418 960 1462 partes
993 1411 1312 1457 defendentibus,
1333 1410 1526 1448 oblivione
1555 1409 1613 1445 in-

136 1470 325 1522 juriarum
350 1471 604 1523 jurejurando
633 1472 796 1519 sancita,
826 1473 931 1511 unde
961 1486 1096 1511 omnes
1126 1473 1321 1511 civitatem
1351 1479 1520 1510 nostram
1552 1480 1614 1508 sa—

141 1532 419 1584 pientissimam
432 1533 672 1582 judicarunt,
693 1543 788 1581 tunc
806 1534 952 1586 populo
969 1542 1155 1580 recreato,
1175 1542 1293 1586 atque
1312 1535 1449 1572 iterum
1469 1532 1613 1570 viribus

142 1601 273 1641 aucto,
299 1594 401 1632 cives
431 1594 650 1642 adulterini,
668 1602 709 1633 et
727 1595 862 1634 fraude
884 1597 922 1633 in
944 1596 1075 1634 album
1105 1596 1271 1634 civitatis
1299 1596 1421 1641 relati,
1449 1594 1614 1632 subinde

142 1654 384 1694 laborantem
404 1654 508 1692 urbis
526 1661 676 1706 partem
698 1656 771 1693 sibi
789 1657 1059 1701 conciliarunt,
1081 1664 1120 1694 et
1139 1657 1285 1694 bellum
1315 1670 1361 1694 ex
1382 1656 1485 1694 bello
1506 1669 1615 1694 seve-

143 1723 248 1755 runt.
280 1717 385 1754 Nam
403 1716 443 1753 in
463 1729 560 1767 pace
582 1716 708 1753 verbis
727 1717 902 1767 pericula
921 1717 1224 1768 amplificabant,
1249 1725 1288 1755 et
1308 1718 1614 1768 praemonebant,

146 1784 261 1829 atque
276 1777 426 1817 animos
439 1777 619 1815 liberales
634 1782 675 1814 et
687 1776 801 1814 nimis
817 1777 964 1815 celeres
982 1778 1298 1823 exstimulabant,
1308 1779 1346 1815 in
1358 1778 1469 1816 bellis
1487 1785 1616 1816 autem

147 1852 256 1878 arma
270 1853 349 1877 non
369 1839 626 1889 attingebant,
642 1839 816 1889 quamvis
837 1844 876 1876 et
894 1851 1072 1877 censores
1092 1847 1237 1886 essent,
1259 1847 1298 1877 et
1317 1839 1501 1877 classium
1521 1852 1619 1890 prae—

146 1903 253 1950 fecti,
282 1902 348 1953 qui
368 1901 527 1953 quidem
555 1901 696 1939 liberos
716 1914 737 1938 e
758 1901 895 1939 scortis
917 1901 1194 1953 suscipiebant,
1214 1908 1253 1939 et
1278 1903 1327 1939 ob
1356 1901 1619 1940 calumniandi

147 1965 318 2003 studium
334 1963 498 2001 infames
517 1968 639 2000 erant.
672 1961 723 1999 Hi
742 1961 858 2013 igitur
871 1969 1043 2001 nostram
1062 1964 1193 2001 urbem
1208 1963 1247 2000 in
1263 1970 1437 2001 extrema
1449 1963 1621 2014 pericula

146 2026 374 2078 conjiciunt,
389 2030 428 2062 et
445 2037 533 2063 cum
545 2023 744 2075 popularis
764 2024 912 2075 imperii
932 2038 1074 2063 nomen
1094 2037 1172 2062 non
1192 2026 1377 2072 moribus,
1398 2025 1468 2063 sed
1488 2038 1619 2063 assen-

148 2087 294 2126 tatione
313 2086 460 2130 colant,
483 2091 522 2123 et
538 2097 675 2136 pacem
695 2086 866 2133 turbent,
887 2098 967 2136 qua
983 2086 1180 2136 popularis
1211 2093 1336 2124 status
1355 2093 1622 2136 conservatur,

150 2156 268 2200 atque
294 2148 340 2187 iis
359 2153 506 2186 navent
525 2159 696 2198 operam,
725 2147 791 2198 qui
817 2147 1004 2198 populum
1034 2147 1147 2185 bellis
1174 2147 1424 2198 opprimunt:
1454 2147 1491 2183 hi
1518 2160 1620 2184 nunc

150 2209 376 2261 conglobati
393 2222 453 2246 me
469 2208 673 2254 invadunt,
691 2222 737 2246 ac
750 2208 973 2260 Philippum
984 2221 1120 2260 pacem
1143 2209 1283 2246 emisse
1299 2208 1490 2253 dictitant,
1506 2215 1622 2258 atque

150 2272 191 2309 in
210 2271 453 2324 pactionibus
475 2270 604 2308 omnia
623 2270 735 2307 nobis
754 2270 1023 2321 praeripuisse3
1058 2283 1175 2320 quam
1195 2277 1325 2308 autem
1343 2283 1481 2321 pacem
1502 2270 1623 2320 impe-

151 2334 262 2372 trarit
290 2333 363 2371 sibi
382 2331 682 2377 conducibilem,
703 2344 790 2369 eam
820 2331 1000 2370 violasse.
1046 2333 1116 2370 Me
1135 2345 1228 2370 vero
1250 2331 1303 2370 sic
1324 2339 1524 2378 accusant,
1546 2345 1624 2369 non

152 2402 198 2434 ut
224 2394 411 2446 legatum,
431 2393 502 2432 sed
522 2399 566 2430 ut
588 2392 757 2444 Philippi
777 2400 893 2443 atque
912 2393 1035 2445 ipsius
1063 2393 1170 2445 pacis
1192 2406 1442 2444 sponsorem:
1474 2401 1513 2431 et
1534 2406 1623 2431 cum

152 2470 203 2495 ne
222 2456 343 2495 totius
374 2455 533 2506 quidem
553 2455 737 2492 orationis
763 2462 936 2506 potestas
967 2467 1087 2506 penes
1112 2468 1174 2493 me
1194 2455 1322 2501 fuerit,
1341 2456 1537 2494 actionum
1558 2467 1623 2493 ex-

155 2517 439 2570 spectationem
465 2529 487 2554 a
505 2528 568 2553 me
587 2523 810 2568 reposcunt.
855 2517 945 2554 ,Iam
966 2517 1135 2555 eundem
1168 2517 1361 2555 hominem
1389 2517 1427 2554 in
1459 2516 1623 2555 decretis

154 2580 397 2618 laudatorem
417 2590 545 2616 meum
574 2578 752 2626 ostendo,
773 2586 812 2617 et
835 2579 874 2617 in
896 2578 1047 2629 judicio
1075 2588 1340 2617 accusatorem
1367 2579 1528 2630 reperio.
1576 2577 1623 2615 Et

156 2654 246 2679 cum
267 2641 439 2679 decimus
459 2640 542 2691 ipse
561 2640 715 2691 legatus
735 2640 887 2687 fuerim,
908 2641 1015 2678 solus
1036 2641 1206 2679 rationes
1228 2641 1362 2679 reddo.

212 2704 279 2740 55.
310 2702 467 2740 Adsunt
486 2702 578 2740 mihi
600 2702 755 2753 quidem
775 2702 840 2753 qui
860 2715 938 2739 una
957 2715 1110 2740 mecum
1131 2716 1200 2740 vos
1221 2703 1492 2754 deprecentur,
1518 2708 1627 2752 pater

158 2777 282 2811 meus,
301 2763 364 2802 cui
384 2777 492 2815 spem
514 2764 724 2802 senectutis
739 2777 789 2802 ne
808 2764 977 2815 eripiatis
995 2777 1003 2801 :
1033 2771 1072 2802 et
1091 2765 1244 2810 fratres,
1258 2766 1323 2815 qui
1343 2777 1365 2801 a
1385 2777 1445 2801 nie
1464 2763 1627 2814 sejuncti

157 2825 277 2864 vitam
297 2825 368 2863 sibi
388 2826 569 2863 acerbam
590 2827 785 2877 putabunt
802 2839 810 2862 :
845 2825 982 2863 affines
1002 2826 1095 2863 item
1115 2833 1151 2863 et
1172 2825 1210 2862 hi
1232 2826 1351 2876 puelli
1371 2825 1540 2875 quidem,
1561 2825 1628 2875 qui

159 2887 330 2941 pericula
359 2887 533 2926 nondum
552 2889 786 2940 intelligunt,
816 2887 885 2926 scd
906 2888 1145 2926 miserabiles
1172 2895 1300 2926 tamen
1320 2894 1410 2925 sunt
1436 2887 1569 2930 futuri,
1596 2888 1627 2924 si

159 2950 253 3002 quid
271 2949 383 2988 nobis
405 2950 602 2989 acciderit.
633 2950 710 2989 Pro
729 2950 869 3002 quibus
889 2962 964 3001 ego
983 2963 1052 2989 vos
1067 2963 1134 2989 oro
1155 2957 1271 3001 atquc
1292 2951 1477 2998 obtestor,
1497 2958 1540 2988 ut
1560 2962 1625 2988 eos
