1948 3306
358 175 435 214 820
766 178 1019 217 EXORDIA
1050 178 1401 218 CONCIONUM.

355 278 591 328 perniciosas
611 281 832 333 reipublicae
859 283 1036 322 fateatur.
1094 283 1178 334 Ego
1200 296 1291 321 vero
1327 282 1505 333 majorem
1529 293 1595 320 eos
1626 282 1808 322 bonitatis

353 339 507 380 laudem
528 343 738 394 adepturos
757 344 905 396 opinor,
925 344 955 383 si
971 345 1284 383 contentionibus
1303 344 1387 382 istis
1406 344 1504 381 inter
1523 356 1607 382 sese
1624 343 1664 382 in
1676 344 1809 382 hostes

352 403 574 453 reipublicae
590 407 786 444 conversis
805 407 1012 445 conciones
1033 407 1230 445 haberent.
1286 406 1367 444 Vos
1400 413 1527 444 autem
1553 418 1702 452 moneo,
1723 413 1767 445 ut
1785 419 1811 445 a

351 472 489 504 neutra
507 466 666 506 istorum
685 468 852 506 factione
873 469 995 514 stetis,
1016 482 1111 507 neve
1131 482 1286 520 operam
1314 467 1413 505 detis
1439 473 1483 505 ut
1503 467 1674 505 alterutri
1693 480 1810 519 supe-

351 527 468 566 riores
488 530 605 569 fiant:
637 531 705 569 sed
741 540 784 569 ut
816 545 949 569 ornnes
968 545 1036 569 vos
1070 532 1201 570 hostes
1228 530 1403 569 vincatis.
1459 529 1601 567 Precor
1630 536 1758 567 autem
1783 542 1810 568 a

353 588 425 627 diis
445 591 740 638 immortalibus,
765 592 830 643 qui
863 593 921 630 vel
955 599 1109 644 propter
1139 593 1423 630 aemulationem
1451 590 1513 628 vel
1542 603 1589 628 ex
1614 590 1809 629 simultate

349 651 409 688 vel
429 655 562 702 quavis
582 654 655 691 alia
676 654 724 691 de
744 667 863 692 causa
882 654 1018 692 dicunt
1037 654 1112 692 alia
1130 668 1243 705 quam
1263 668 1350 705 quae
1366 653 1511 704 optima
1528 665 1614 690 esse
1633 659 1808 698 censent,
1844 666 1849 676 “

350 712 404 750 uti
424 713 617 752 desinant.
648 715 752 753 Diris
773 716 873 753 cuim
895 716 1082 753 devovere
1099 728 1347 765 quemquam,
1366 714 1533 752 alienum
1553 714 1728 752 fortassis
1747 720 1808 752 est

348 775 475 811 officio
496 776 744 814 consulentis.
791 777 876 814 Has
893 790 966 827 ego
981 777 1224 814 calamitates
1244 775 1384 813 nemini
1407 782 1510 826 puto,
1526 775 1805 820 Athenienses,

346 835 420 873 nisi
443 837 618 875 omnibus
639 838 719 875 istis
738 851 823 875 esse
844 838 1105 888 imputandas.
1149 837 1301 875 Censeo
1317 843 1445 875 autem
1464 849 1533 887 per
1551 836 1670 874 otium
1690 836 1807 874 ratio-

347 910 435 934 nem
458 899 506 936 ab
526 898 580 936 eis
598 898 903 950 reposcendam:
933 912 1037 938 nunc
1069 911 1159 937 vero
1192 898 1242 936 de
1271 897 1515 937 emendando
1545 910 1671 935 rerum
1702 904 1805 937 statu

347 957 650 998 deliberandum.

999 1068 1146 1106 XXXI.

400 1143 562 1191 Vellem,
583 1144 853 1192 Athenienses,
871 1145 1061 1196 quosdam
1082 1153 1276 1184 oratorum
1294 1151 1445 1185 tantum
1467 1145 1610 1184 habere
1631 1144 1801 1184 studium

342 1203 548 1244 utilissima
577 1206 745 1256 dicendi,
773 1214 962 1258 quantum
992 1209 1031 1246 in
1058 1222 1104 1247 eo
1122 1209 1316 1256 laborant,
1335 1215 1378 1246 ut
1407 1208 1506 1247 belle
1538 1207 1665 1246 dicere
1694 1208 1802 1246 vide-

340 1271 467 1313 antur,
487 1272 585 1305 utet
602 1267 674 1319 ipsi
701 1268 793 1307 boni
826 1268 897 1306 viri
916 1270 1045 1320 potius
1073 1282 1190 1321 quam
1221 1270 1449 1320 eloquentes
1476 1269 1735 1314 haberentur3
1763 1278 1804 1308 et

339 1339 400 1365 res
432 1335 585 1376 vestrae,
604 1330 931 1381 quemadmodum
961 1332 1154 1379 convenit,
1187 1331 1343 1370 meliore
1372 1331 1459 1370 loco
1484 1337 1628 1370 essent.
1679 1331 1801 1370 -Nunc

339 1389 497 1443 quidam
518 1391 611 1429 mihi
629 1405 784 1443 prorsus
805 1393 982 1431 videntur
1009 1393 1241 1445 eloquentiae
1260 1393 1376 1431 laude
1405 1392 1592 1438 contenti,
1619 1392 1714 1443 quid
1732 1406 1801 1444 po-

339 1459 424 1491 stea
443 1454 551 1491 vobis
573 1461 799 1492 eventurum
818 1455 880 1501 sit,
900 1454 992 1493 nihil
1014 1468 1163 1494 curare.
1206 1456 1265 1493 Ac
1295 1461 1465 1493 statuere
1485 1448 1799 1505 nequeo,‘utrum

335 1512 436 1552 illius
468 1514 619 1566 generis
655 1516 847 1554 orationes
881 1516 1007 1568 ipsum
1046 1516 1241 1555 dicentem
1280 1516 1438 1568 perinde
1463 1515 1601 1565 ,fallere
1635 1515 1799 1563 soleant,

337 1582 453 1627 atque
473 1577 559 1615 illos
575 1578 680 1629 apud
700 1591 797 1628 quos
814 1578 1019 1625 habentur,
1040 1591 1089 1616 an
1106 1591 1196 1617 vero
1216 1578 1264 1617 de
1279 1578 1468 1617 industria
1486 1577 1531 1616 iis
1549 1590 1635 1629 quae
1654 1577 1801 1629 optima

335 1646 499 1677 censent
513 1639 704 1678 contraria
723 1640 853 1678 dicant
871 1641 910 1678 in
929 1641 1194 1680 concionibus.
1250 1641 1327 1684 Qui
1353 1640 1385 1679 si
1410 1641 1589 1692 ignorant
1612 1653 1711 1686 eum,
1731 1639 1799 1690 qui

336 1700 465 1739 officio
484 1701 594 1752 fungi
626 1714 674 1740 ac
703 1715 830 1754 operae
864 1702 1029 1754 pretium
1048 1704 1176 1742 facere
1197 1703 1303 1750 velit,
1331 1716 1409 1741 non
1441 1702 1567 1741 verbis
1593 1701 1796 1749 audacem,

336 1761 405 1800 sed
426 1763 474 1800 ab
503 1769 688 1814 apparatu
710 1764 861 1802 firmum
884 1777 969 1803 esse
990 1771 1182 1817 oportere,
1207 1778 1332 1816 neque
1351 1771 1507 1816 propter
1535 1763 1704 1802 hostium
1726 1763 1796 1801 im·

333 1824 585 1863 becillitatem
619 1826 908 1874 confidendum,
928 1827 998 1865 sed
1036 1828 1187 1867 tametsi
1227 1827 1280 1865 illi
1313 1835 1493 1879 potentes
1523 1834 1656 1865 essent
1686 1840 1795 1879 spem

333 1885 503 1925 victoriae
528 1888 762 1935 habendam,
783 1889 934 1927 facetiae
960 1891 1178 1936 verborum,
1206 1896 1251 1928 ut
1282 1896 1453 1941 apparet,
1474 1889 1529 1928 eis
1553 1891 1690 1928 obtant
1718 1903 1794 1940 quo

333 1947 461 1987 minus
494 1962 556 1988 res
588 1950 833 2000 gravissimas
864 1950 1184 1990 animadvertant.
1242 1951 1310 1989 Sin
1329 1951 1415 1989 haec
1436 1965 1476 1990 se
1506 1964 1585 1989 non
1617 1951 1794 2003 ignorare

333 2011 515 2057 dixerint,
535 2018 649 2062 atque
665 2012 741 2051 alia
754 2012 935 2064 quaedam
956 2026 1074 2052 causa
1094 2015 1241 2061 subest,
1272 2014 1322 2051 ob
1342 2026 1458 2065 quam
1477 2012 1553 2051 ista
1576 2013 1794 2060 instituunt,

331 2085 389 2119 ea,
410 2086 653 2125 quaecunque
672 2074 800 2121 fuerit,
820 2088 899 2113 non
927 2075 1030 2113 mala
1060 2074 1268 2114 existimari
1288 2075 1354 2127 qui
1387 2074 1539 2127 potest?
1582 2075 1667 2126 Ego
1687 2087 1794 2122 vero,

331 2135 485 2174 tametsi
514 2136 622 2174 vobis
641 2136 728 2174 illos
752 2137 859 2175 cordi
889 2150 976 2175 esse
994 2137 1120 2184 video,
1139 2143 1269 2176 tamen
1287 2150 1375 2188 quae
1399 2136 1492 2174 mihi
1510 2135 1689 2175 videntur
1713 2149 1791 2174 non

331 2196 519 2236 dubitabo
539 2198 678 2236 dicere.
736 2198 888 2237 Etenim
909 2199 1080 2238 stultitiae
1104 2199 1232 2246 fuerit,
1252 2212 1339 2237 cum
1369 2198 1542 2237 oratione
1574 2211 1692 2250 prava
1721 2198 1791 2236 de-

329 2259 428 2297 liniti
448 2260 544 2306 sitis,
570 2260 775 2313 desperare
806 2274 875 2300 vos
908 2262 1058 2301 meliori
1085 2268 1125 2300 et
1157 2262 1283 2313 magis
1314 2261 1397 2299 utili
1426 2261 1599 2300 oratione
1617 2274 1730 2313 posse
1750 2261 1788 2298 in

329 2320 427 2359 viam
448 2323 632 2360 revocari.
690 2323 786 2361 Peto
812 2330 939 2362 autem
970 2331 1013 2362 ut
1036 2330 1076 2362 et
1093 2337 1161 2362 vos
1193 2324 1316 2375 aequis
1345 2322 1482 2362 animis
1512 2323 1657 2370 adsitis,
1683 2322 1790 2373 cogi-

328 2389 471 2429 tantes,
492 2397 565 2422 nec
587 2397 634 2422 ea
654 2398 743 2435 quae
764 2398 868 2424 nunc
888 2386 1039 2424 sentitis
1058 2398 1127 2424 vos
1146 2385 1267 2424 fuisse
1286 2398 1482 2433 sensuros,
1501 2385 1573 2423 nisi
1594 2384 1787 2423 orationes

327 2459 416 2497 quae
433 2445 544 2484 vobis
573 2454 851 2497 persuaserunt
876 2447 1095 2486 audissetis.
1152 2448 1492 2491 Quemadmodum
1522 2447 1653 2499 igitur,
1686 2447 1718 2485 si
1738 2447 1787 2484 de

327 2507 502 2547 bonitate
522 2515 689 2546 monetae
719 2508 910 2560 judicium
935 2510 1058 2556 fieret,
1077 2510 1354 2561 explorandam
1382 2523 1467 2548 eam
1494 2508 1713 2554 censeretis,
1733 2508 1789 2546 sic

326 2569 442 2607 etiam
461 2575 552 2621 peto
565 2575 607 2607 ut
625 2569 767 2608 dictam
785 2571 1012 2617 orationem,
1028 2585 1076 2609 ex
1091 2571 1150 2609 his
1162 2585 1250 2622 quae
1269 2585 1340 2609 nos
1360 2580 1496 2610 contra
1516 2571 1783 2616 disseruimus,

325 2629 580 2678 aestimantes,
600 2631 632 2668 si
651 2631 786 2669 utilem
805 2632 1015 2684 reperietis,
1041 2632 1113 2670 diis
1134 2632 1435 2684 approbantibus
1457 2631 1667 2683 sequamini
1685 2645 1693 2669 :
1725 2631 1784 2669 sin

325 2691 480 2743 singula
507 2692 844 2731 considerantibus
881 2693 1040 2732 alienior
1069 2693 1270 2741 videbitur,
1302 2702 1347 2732 ut
1377 2701 1587 2745 antequam
1611 2694 1783 2746 impege-

325 2752 420 2801 ritis,
435 2759 584 2792 mutato
605 2754 781 2801 consilio,
800 2755 842 2793 iis
864 2769 951 2806 quae
971 2762 1077 2793 recta
1095 2762 1184 2794 sunt
1202 2755 1376 2794 utamini.

965 2858 1138 2897 XXXII.

377 2933 547 2973 Maxime
567 2936 718 2984 vellem,
745 2936 1017 2986 Athenienses,
1042 2938 1150 2977 vobis
1167 2951 1214 2977 ea
1232 2952 1321 2990 quae
1349 2939 1476 2979 dicam
1502 2938 1676 2991 probari:
1716 2939 1775 2977 sin
