1998 3306
354 194 431 230 5:56
836 191 945 229 PRO
981 191 1331 229 PHORMIONE.

410 288 470 323 17.
494 287 625 337 Atque
641 286 739 324 adeo
760 287 874 325 miror
894 287 960 338 qui
979 288 1047 325 fiat
1067 293 1110 323 ut
1128 299 1207 324 non
1220 293 1350 324 tecum
1370 292 1540 337 reputes,
1560 299 1647 325 esse
1668 286 1814 325 Arche-

354 354 475 386 strato
495 347 561 398 qui
588 354 696 385 tuum
718 348 808 386 olim
835 356 982 401 patrem
1004 348 1178 399 possedit
1200 347 1320 385 filium
1349 347 1412 385 hic
1430 347 1721 396 Antimachum,
1741 348 1818 387 alia

352 410 507 448 fortuna
526 422 642 461 quarn
663 411 745 469 ejus
766 411 935 462 dignitas
958 411 1190 462 postulabat,
1211 412 1276 462 qui
1296 411 1365 449 tibi
1386 424 1464 449 non
1483 411 1586 449 diem
1608 410 1715 457 dicit,
1745 424 1816 450 ne-

354 485 428 522 que
455 472 656 522 indignum
678 485 766 510 esse
790 474 976 520 clamitat,
998 480 1033 513 te
1060 474 1224 511 multitia
1243 474 1358 520 ferre,
1379 480 1418 511 et
1446 473 1561 511 aliam
1591 473 1816 518 redemisse,

354 533 467 571 aliam
489 533 644 572 dedisse
664 536 916 581 meretricem,
937 547 1058 586 eaque
1087 542 1124 573 te
1157 536 1282 573 facere
1312 548 1399 573 cum
1419 548 1580 573 uxorem
1596 534 1756 581 habeas,
1778 541 1818 573 et

355 602 432 633 tres
462 609 602 647 pueros
624 598 882 649 pedissequos
904 598 1206 644 circumducere,
1230 598 1359 649 itaque
1388 597 1587 636 luxuriose
1612 596 1753 643 vivere,
1776 603 1820 635 ut

355 656 469 695 etiam
490 658 589 696 obvii
613 659 754 710 quique
779 649 1027 697 sentiantz'se
1050 672 1139 697 vero
1159 660 1287 710 ipsum
1308 671 1452 710 magna
1474 664 1652 710 egestate
1681 659 1818 710 premi,

353 729 432 768 qua
450 732 498 756 ne
519 720 792 759 Phormionem
813 721 971 772 quidem
998 721 1120 772 premi
1154 721 1270 759 videt.
1330 721 1459 767 Quod,
1486 721 1518 758 si
1545 733 1592 759 ea
1620 720 1669 758 de
1699 732 1819 758 causa

353 780 422 818 tibi
441 780 555 832 hujus
576 795 656 819 rem
674 782 904 821 familiarem
924 783 1126 829 vendicas,
1147 782 1252 833 quod
1282 796 1327 820 ea
1353 783 1409 821 tui
1438 782 1556 834 patris
1580 782 1671 821 olim
1689 782 1819 828 fuerit,

354 841 459 880 istud
492 843 600 882 illum
630 846 756 896 magis
786 858 904 896 quam
934 852 972 884 te
1006 845 1195 884 decuerit:
1226 858 1317 882 narn
1343 852 1431 883 tuus
1465 851 1575 896 pater
1606 843 1707 883 illius
1735 844 1821 883 fuit.

355 904 525 945 Proinde
545 914 584 946 et
606 915 647 946 tu
673 915 711 945 et
739 908 802 946 hic
830 908 932 959 illius
961 908 1064 946 eritis
1094 909 1169 946 ista
1196 908 1353 958 quidem
1373 907 1536 946 ratione.
1593 907 1652 944 Tu
1671 919 1760 945 vero
1781 906 1820 944 in

354 980 440 1005 eam
459 968 597 1007 incidis
626 972 848 1016 amentiam,
879 978 922 1008 ut
951 983 997 1008 ea
1026 970 1185 1008 dicendi
1213 971 1485 1008 necessitatem
1515 970 1598 1021 ipse
1618 969 1731 1007 nobis
1750 968 1821 1006 im-

355 1041 493 1079 ponas,
513 1043 600 1080 quae
619 1032 683 1081 qui
714 1032 887 1069 dicerent
909 1045 984 1082 -pro
1012 1031 1191 1070 hostibus
1217 1031 1386 1069 habendi
1409 1038 1540 1076 erant;
1563 1044 1636 1070 nec
1655 1031 1821 1082 teipsum

355 1089 543 1128 duntaxat
569 1092 804 1130 contumelia
833 1093 953 1131 afficis
975 1093 1042 1130 sed
1077 1099 1115 1131 et
1144 1100 1325 1144 parentes
1356 1092 1580 1139 defunctos,
1609 1098 1648 1130 et
1676 1091 1821 1130 civitati

353 1151 542 1197 insultas;
574 1160 625 1198 et,
647 1167 732 1204 quae
758 1154 896 1192 horum
933 1154 1170 1192 humanitate
1203 1154 1303 1205 patri
1334 1161 1401 1192 tuo
1436 1154 1646 1208 liberaliter
1678 1153 1824 1191 tributa

355 1218 448 1249 sunt
467 1220 506 1250 et
531 1220 668 1264 postea
688 1214 925 1261 Phormioni,
942 1229 1001 1261 ea,
1018 1229 1105 1253 cum
1133 1215 1308 1253 ornanda
1326 1223 1365 1253 et
1383 1215 1533 1253 solicite
1564 1214 1824 1253 custodienda

352 1283 500 1320 essent,
525 1283 566 1313 ut
596 1284 636 1314 et
666 1277 726 1314 his
748 1278 811 1328 qui
832 1278 1023 1315 dederunt
1054 1285 1094 1315 et
1124 1277 1234 1316 vobis
1253 1278 1316 1328 qui
1339 1276 1545 1328 accepistis
1565 1290 1681 1328 quam
1701 1276 1822 1314 hone·

354 1335 521 1376 stissima
538 1338 773 1385 viderentur,
789 1340 826 1377 in
848 1340 1019 1377 medium
1038 1340 1200 1391 profers,
1223 1339 1412 1390 exagitas,
1427 1344 1580 1376 tantum
1600 1351 1678 1376 non
1694 1344 1824 1376 osten-

354 1403 413 1436 tas
433 1405 479 1448 et·
491 1401 718 1450 exprobras,
737 1401 893 1451 qualem
915 1408 952 1439 te
973 1401 1168 1439 hominem
1189 1401 1351 1439 fecerint
1369 1398 1660 1438 Atheniensem.
1703 1399 1764 1436 Ita
1783 1400 1822 1436 in

353 1471 440 1497 eam
459 1460 650 1499 insaniam
672 1463 930 1512 venis—quid
951 1464 1053 1500 enim
1075 1463 1198 1501 dicam
1220 1462 1452 1501 aliudY—ut
1470 1476 1548 1500 non
1571 1461 1731 1508 sentias,
1752 1475 1823 1500 nos

352 1535 474 1569 nunc,
491 1523 584 1561 durn
606 1525 916 1574 postulamus,ut
931 1538 979 1562 ne
995 1524 1123 1562 fraudi
1140 1524 1364 1562 Phormioni
1380 1525 1444 1570 sit,
1459 1531 1669 1575 postquam
1685 1538 1823 1564 manu-

354 1583 495 1622 missus
514 1593 587 1631 est,
610 1586 642 1623 si
667 1585 826 1635 quando
847 1586 964 1636 patris
986 1586 1042 1623 tui
1062 1585 1147 1628 fuit,
1166 1591 1272 1623 tuam
1301 1598 1460 1623 causam
1486 1598 1627 1637 agere:
1660 1593 1699 1624 te
1719 1601 1824 1633 vero,

355 1646 448 1683 dum
469 1660 557 1684 eum
577 1660 776 1697 nunquam
802 1648 947 1698 aequari
973 1655 1100 1686 tecum
1126 1647 1285 1698 pateris,
1304 1647 1552 1698 temetipsum
1574 1652 1822 1699 oppugnare!

357 1708 553 1758 Quicquid
572 1708 674 1746 enim
688 1709 786 1760 juris
816 1709 854 1747 in
880 1709 985 1751 hunc
1010 1709 1079 1747 tibi
1109 1707 1304 1754 statueris,
1336 1707 1434 1746 illud
1467 1708 1596 1760 ipsum
1622 1702 1758 1748 contra
1785 1716 1823 1749 te

354 1776 497 1820 praesto
516 1770 561 1808 iis
581 1770 652 1808 erit
671 1771 737 1821 qui
768 1778 916 1822 patrem
943 1778 1052 1809 tuum
1072 1771 1178 1808 initio
1197 1769 1473 1821 possederunt.
1531 1770 1648 1815 Quod
1667 1777 1710 1809 ut
1728 1784 1822 1811 con-

354 1837 432 1869 stet
449 1831 559 1869 illum
585 1832 701 1870 etiam
732 1833 852 1871 fuisse
880 1832 1137 1883 quorundam,
1160 1845 1207 1869 ac
1227 1831 1369 1870 deinde
1389 1831 1667 1870 manumissum
1687 1833 1824 1873 eodem

355 1891 472 1930 modo
492 1905 570 1943 quo
590 1892 653 1931 hic
673 1906 696 1930 a
713 1894 836 1941 vobis,
857 1907 954 1945 cape
974 1894 1059 1932 haec
1085 1893 1322 1941 testimonia,
1344 1899 1388 1932 ut
1413 1901 1599 1944 appareat
1613 1893 1822 1934 Pasionem

355 1954 474 1992 fuisse
494 1955 742 1994 Archestrati.

912 2067 1267 2105 TESTIMONIA.

413 2153 475 2190 18.
497 2152 608 2191 Itane
627 2166 715 2192 eum
735 2153 799 2204 qui
819 2155 866 2192 ab
884 2154 993 2192 initio
1014 2163 1183 2193 vestram
1205 2154 1510 2206 negotiationem
1524 2153 1768 2192 conservavit
1786 2160 1825 2192 et

352 2213 485 2251 multis
507 2214 542 2251 in
565 2216 678 2253 rebus
700 2215 809 2253 istius
830 2216 928 2267 patri
950 2229 993 2254 se
1017 2216 1149 2254 utilem
1170 2217 1348 2269 praebuit,
1368 2223 1408 2255 et
1425 2222 1486 2254 tot
1503 2216 1541 2253 in
1560 2216 1677 2253 istum
1694 2215 1823 2266 ipsum

350 2277 546 2316 beneficia
565 2278 729 2316 contulit
759 2286 855 2328 quot
882 2291 951 2316 vos
985 2279 1200 2325 audivistis,
1232 2293 1321 2318 erum
1351 2279 1524 2330 inquam,
1542 2284 1655 2316 tanta
1677 2277 1824 2316 mulcta

353 2338 596 2384 damnatum,
618 2353 686 2390 per
706 2341 884 2391 injuriam
906 2353 992 2379 esse
1021 2347 1135 2392 putat
1162 2341 1500 2380 exterminandum
1518 2344 1527 2378 !
1559 2340 1697 2390 Neque
1718 2339 1822 2377 enim

348 2400 560 2451 quicquam
581 2401 687 2439 aliud
707 2402 834 2440 facere
850 2402 993 2453 possis.
1052 2403 1153 2440 Nam
1181 2404 1213 2441 si
1240 2404 1342 2441 bona
1361 2402 1446 2440 haec
1465 2408 1579 2440 acute
1598 2400 1822 2445 intueberis,

353 2461 526 2500 invenies
546 2474 709 2512 quorum
739 2464 829 2509 sint,
862 2463 935 2501 nisi
963 2463 1016 2509 hi,
1049 2464 1155 2514 quod
1184 2464 1297 2510 absit,
1318 2464 1473 2514 decepti
1492 2462 1645 2502 fuerint.
1702 2462 1823 2501 Vides

353 2523 633 2562 Archilochum
654 2523 875 2562 Charidemi
906 2525 976 2563 F]
1017 2525 1120 2563 Olim
1153 2526 1290 2564 habuit
1319 2538 1487 2577 agrum:
1520 2524 1688 2563 eundem
1717 2536 1822 2562 nunc

353 2584 465 2622 multi
485 2585 641 2632 habent,
656 2586 886 2636 possederat
898 2587 998 2625 enim
1014 2599 1103 2624 eum
1119 2587 1243 2626 multo
1259 2588 1471 2626 obstrictus
1488 2599 1566 2624 aere
1581 2585 1720 2624 alieno.
1746 2585 1819 2623 So-

354 2646 547 2685 sinomum
567 2648 673 2693 item,
687 2648 970 2697 Timodenmm,
991 2655 1030 2686 et
1051 2656 1215 2687 caeteros
1235 2647 1480 2687 mensarios?
1509 2646 1602 2693 Qui,
1620 2659 1709 2685 cum
1725 2646 1821 2684 satis

353 2707 576 2746 faciendum
596 2716 702 2748 esset
721 2709 992 2755 creditoribus,
1019 2710 1132 2748 bonis
1165 2710 1345 2749 omnibus
1371 2715 1590 2748 cesserunt.
1648 2708 1708 2746 Tu
1731 2721 1822 2747 vero

353 2769 449 2807 nihil
469 2771 629 2810 omnino
645 2772 973 2810 considerandum
993 2778 1122 2823 putam,
1151 2778 1196 2810 ut
1226 2779 1336 2824 pater
1365 2779 1470 2819 tuus,
1488 2770 1545 2809 vir
1571 2777 1610 2809 te
1639 2769 1762 2808 multo
1783 2777 1821 2808 et

353 2832 490 2869 melior
520 2839 561 2871 et
589 2834 832 2884 prudentior,
853 2834 967 2872 rebus
996 2834 1174 2872 omnibus
1203 2833 1424 2872 consultum
1450 2832 1615 2884 putarit:
1644 2832 1724 2882 qui,
1749 2844 1820 2882 -pro

354 2892 470 2931 deum
504 2901 620 2945 atque
653 2895 850 2934 hominum
885 2895 1017 2941 fldem,
1048 2902 1158 2933 tanto
1190 2902 1228 2933 te
1261 2893 1569 2947 praestantiorem
1599 2893 1703 2931 hunc
1732 2905 1819 2930 esse

351 2955 541 3005 judicavit
568 2964 607 2994 et
636 2957 826 2996 utiliorem
858 2964 939 2995 tum
971 2958 1038 2995 tibi
1071 2963 1152 2994 turn
1182 2957 1254 2995 sibi
1283 2963 1364 2995 tum
1392 2955 1559 3007 negotiis
1579 2955 1730 3001 vestris,
1763 2960 1818 2999 ut,
