1998 3306
360 211 437 246 562
722 210 1014 250 ADVERSUS
1048 211 1460 267 PANTAENETUM.

362 312 565 350 Venerunt
585 312 608 349 ii
628 314 692 364 qui
714 327 754 353 se
775 315 836 354 isti
857 323 1056 355 mutuasse
1083 315 1257 355 dicerent
1275 316 1323 354 ad
1343 315 1544 354 ‘officinam
1562 322 1602 354 et
1622 315 1828 367 mancipia,

361 388 449 424 quae
470 388 492 412 a
515 375 707 415 Mnesiele
739 391 811 416 nos
836 391 1078 421 emeramus3
1109 391 1235 429 neque
1258 378 1319 416 isti
1345 377 1553 429 quicquam
1575 378 1739 428 simplex
1759 383 1828 415 aut

359 449 514 486 aequum
535 437 760 486 afferebant,
777 441 846 478 sed
866 440 1008 491 ubique
1030 440 1220 478 mendacii
1249 439 1603 482 convincebantur3
1637 438 1825 477 Mnesicle

359 511 472 549 porro
502 500 764 540 venditionem
799 502 910 540 nobis
943 501 1212 546 confirmante,
1244 500 1505 540 conditionem
1538 499 1649 538 nobis
1683 500 1825 546 ferunt,

357 572 472 609 quam
495 574 565 599 nos
587 562 856 614 repudiaturos
876 563 1080 614 putabant,
1100 569 1144 600 ut
1161 568 1230 600 aut
1256 561 1423 613 pecunia
1442 561 1545 600 omni
1565 574 1587 598 a
1607 573 1649 599 se
1667 567 1827 612 recepta

358 621 661 671 discederemus,
694 632 762 662 aut
793 624 886 675 ipsis
919 624 1217 662 dissolveremus
1251 637 1297 661 ea
1330 637 1417 674 quae
1451 622 1704 675 postularent,
1732 635 1826 661 cau·

359 691 490 722 santes
518 699 589 723 nos
609 685 750 724 habere
771 700 859 736 quae
881 686 997 737 longe
1018 685 1173 737 majoris
1194 685 1305 736 pretii
1326 692 1458 723 essent
1487 697 1604 735 quam
1635 690 1824 735 quantum

358 759 428 784 nos
462 747 718 786 dedissemus.
777 749 928 792 Quibus
962 762 1035 799 ego
1067 749 1222 794 auditis,
1251 748 1394 794 statim,
1416 747 1499 786 sine
1531 747 1825 794 deliberatione,

356 809 513 859 promisi
534 823 595 848 me
615 818 876 862 recepturum,
896 818 934 849 et
955 811 1110 862 Evergo
1129 810 1301 861 persuasi
1323 817 1366 847 ut
1385 809 1634 848 consentiret.
1692 810 1825 852 Quum

355 878 485 908 autem
508 872 675 922 pecunia
694 872 805 910 nobis
837 873 1079 910 numeranda
1103 879 1218 917 esset,
1240 879 1278 909 et
1309 884 1369 909 res
1391 884 1437 909 eo
1468 871 1734 923 processisset,
1756 884 1824 910 ne-

355 941 500 982 garunt
518 934 566 971 de
588 940 732 972 caetero
753 947 793 971 se
816 934 975 972 daturos
995 934 1059 984 qui
1079 941 1172 972 tunc
1200 934 1268 971 illa
1287 933 1558 984 promiserant,
1576 932 1649 970 nisi
1675 946 1746 971 nos
1767 933 1823 971 eis

354 995 642 1044 possessionum
662 995 884 1034 venditores
905 996 1109 1039 fieremus;
1138 995 1176 1032 in
1196 1008 1288 1046 quo,
1305 995 1576 1040 Athenienses,
1598 995 1822 1046 sapiebant:

354 1068 443 1092 cum
464 1056 640 1095 viderent
658 1057 798 1107 quibus
825 1070 895 1094 nos
916 1056 976 1094 isti
996 1057 1198 1095 calumniis
1218 1064 1420 1096 vexarent.
1479 1057 1532 1094 Ut
1550 1056 1665 1108 igitur
1684 1062 1723 1095 et
1737 1056 1823 1094 haec

352 1129 442 1155 vera
461 1130 544 1157 esse
566 1125 731 1166 constet,
754 1119 870 1157 etiam
890 1119 975 1157 haec
996 1119 1218 1158 testimonia
1237 1118 1378 1170 capito.

908 1247 1271 1286 TESTIMONIA.

407 1342 446 1380 4.
477 1340 577 1379 Cum
612 1350 741 1382 autern
777 1357 837 1382 res
864 1344 900 1381 in
937 1356 983 1382 eo
1011 1343 1255 1389 consisteret,
1281 1349 1320 1381 et
1349 1342 1554 1394 pecuniam
1585 1342 1609 1380 ii
1634 1355 1731 1394 quos
1750 1342 1822 1383 iste

351 1401 569 1446 adduxerat
588 1402 666 1442 non
689 1412 949 1451 numerarent,
970 1413 1010 1444 et
1037 1419 1107 1444 nos
1136 1418 1224 1456 quae
1244 1404 1471 1443 emissemus
1501 1418 1580 1442 non
1607 1404 1746 1456 injuria
1764 1412 1822 1444 te-

350 1476 441 1501 nere
462 1465 691 1512 videremur,
708 1467 969 1518 supplicabat,
987 1458 1266 1512 obtestabatur,
1288 1466 1520 1504 obsecrabat
1539 1471 1584 1503 ut
1599 1465 1821 1505 venditores

348 1524 542 1564 fieremus.
600 1528 764 1566 Petente
786 1542 875 1566 vero
896 1529 971 1567 isto
992 1535 1033 1567 et
1052 1528 1217 1566 multum
1238 1540 1299 1565 me
1319 1528 1531 1574 obtestato,
1550 1533 1590 1566 et
1611 1526 1706 1565 nihil
1742 1541 1820 1567 non

348 1586 528 1635 faciente,
550 1588 588 1626 id
608 1603 764 1640 quoque
781 1590 971 1628 concessi.
1030 1590 1109 1628 Sed
1128 1590 1218 1640 quia
1237 1602 1326 1627 eum
1348 1589 1586 1627 malitiosum
1606 1602 1692 1628 esse
1711 1589 1820 1628 vide-

348 1648 453 1694 bam,
488 1650 765 1699 Athenienses,
793 1659 832 1689 et
865 1653 913 1690 ab
948 1651 1055 1690 initio
1085 1650 1319 1689 Mnesiclem
1351 1650 1457 1702 apud
1492 1663 1563 1689 nos
1597 1663 1821 1700 accusasse,

345 1722 489 1756 rursus,
510 1725 600 1749 cum
634 1725 809 1751 summus
836 1721 940 1752 esset
966 1713 1107 1765 Evergi
1133 1713 1278 1752 amicus
1310 1713 1532 1764 suscepisse
1561 1717 1651 1751 cum
1680 1715 1820 1753 eodem

348 1771 581 1820 inimicitias,
602 1781 640 1812 et
666 1775 831 1826 primum
862 1789 949 1813 cum
976 1788 1051 1826 ego
1071 1774 1263 1813 redissem
1291 1774 1477 1825 gratulari
1497 1774 1589 1812 mihi
1610 1775 1819 1815 adventum

346 1841 385 1870 et
405 1835 575 1884 gaudere
605 1843 816 1887 conspectu
846 1850 948 1887 meo,
969 1837 1034 1875 ubi
1060 1850 1151 1875 vero
1171 1836 1363 1888 promissa
1381 1837 1608 1888 praestanda
1627 1845 1740 1877 erant
1759 1839 1818 1878 in-

346 1894 499 1933 fensum
520 1896 611 1933 mihi
631 1897 792 1944 factum,
812 1899 992 1937 omnibus
1022 1899 1190 1950 denique
1212 1898 1403 1949 tantisper
1428 1912 1514 1937 esse
1537 1899 1705 1938 amicum
1725 1901 1818 1940 dum

346 1957 491 2008 aliquid
511 1958 712 2009 occuparit
731 1966 770 1997 et
788 1972 875 2010 quae
895 1968 1008 2011 rogat
1025 1960 1229 2011 impetrata
1247 1959 1393 2007 tulerit,
1413 1967 1501 2011 post
1519 1960 1719 1999 inimicum
1737 1963 1819 2001 fieri

346 2025 386 2056 et
417 2019 696 2067 adversarium,
727 2021 918 2067 volebam,
951 2035 1040 2060 cum
1071 2022 1212 2060 omisso
1246 2029 1451 2060 contractu
1482 2022 1611 2074 priore
1644 2036 1714 2074 pro
1741 2023 1817 2063 isto

345 2080 523 2118 venditor
549 2080 695 2128 fierem,
715 2081 769 2119 sic
790 2095 879 2119 cum
908 2096 955 2121 eo
986 2082 1208 2127 convenire,
1230 2089 1273 2119 ut
1291 2083 1395 2120 omni
1416 2082 1589 2134 periculo
1620 2090 1820 2124 transacta

345 2155 385 2179 re
421 2141 616 2181 liberarer.
676 2143 747 2181 His
780 2145 995 2191 concessis,
1017 2145 1089 2183 iste
1122 2158 1183 2183 me
1215 2145 1374 2183 omnino
1403 2145 1564 2184 missum
1591 2147 1710 2186 fecit:
1741 2162 1816 2200 ego

345 2217 435 2242 vero
456 2205 647 2251 venditor,
669 2212 712 2243 ut
741 2207 986 2257 precabatur,
1013 2207 1141 2245 factus
1168 2219 1255 2245 sum
1285 2207 1593 2257 possessionum,
1626 2210 1816 2260 quemad-

344 2267 504 2304 modum
525 2279 591 2304 eas
618 2266 697 2317 ipse
717 2280 740 2305 a
761 2267 952 2306 Mnesicle
972 2281 1153 2307 emeram.
1193 2269 1379 2320 Receptis
1399 2269 1517 2321 igitur
1536 2270 1632 2308 meis
1652 2277 1692 2309 et
1709 2273 1817 2312 nulla

344 2329 406 2367 isti
426 2329 532 2367 facta
558 2328 710 2380 injuria,
732 2330 785 2367 ita
813 2343 877 2368 me
901 2330 952 2368 dii
984 2332 1084 2368 bene
1109 2338 1254 2377 ament,
1274 2330 1390 2369 etiam
1420 2331 1451 2369 si
1474 2331 1567 2382 quid
1591 2332 1814 2381 accidisset,

344 2403 542 2441 nunquam
561 2391 642 2429 fore
663 2391 795 2442 putavi
815 2399 858 2429 ut
878 2405 940 2430 me
961 2392 998 2429 in
1014 2392 1079 2444 jus
1100 2399 1271 2430 vocaret.
1330 2393 1410 2431 Res
1426 2393 1543 2444 igitur
1558 2392 1608 2431 de
1627 2407 1707 2445 qua
1725 2409 1814 2434 sen-

345 2452 504 2490 tentiam
524 2453 668 2500 feretis,
691 2460 729 2491 et
756 2460 914 2505 propter
933 2467 1050 2504 quam
1071 2454 1265 2491 calumnia
1283 2461 1450 2492 vexatus
1470 2454 1640 2493 dandam
1666 2468 1752 2496 esse
1779 2459 1813 2498 ei

343 2514 534 2553 actionem
554 2515 708 2566 negavi,
728 2515 813 2553 haec
835 2522 907 2561 est,
928 2516 950 2553 J
957 2515 1115 2553 udices:
1145 2515 1326 2553 adductis
1346 2523 1475 2555 autem
1497 2516 1661 2555 testibus
1682 2517 1726 2556 iis
1746 2519 1811 2570 qui

344 2576 550 2623 affuerunt,
570 2590 657 2615 cum
679 2577 749 2615 iste
770 2590 832 2614 me
855 2576 1076 2615 absolveret
1104 2590 1148 2615 ac
1177 2576 1373 2624 liberaret,
1387 2577 1470 2629 jam
1490 2591 1594 2616 nunc
1615 2591 1693 2617 non
1714 2580 1810 2618 dan-

343 2640 433 2677 dam
455 2652 539 2676 esse
561 2639 753 2678 actionem
774 2638 940 2689 legibus,
961 2639 1179 2677 ostendam.
1211 2638 1315 2690 Lege
1329 2639 1420 2676 mihi
1438 2639 1514 2679 hoe
1533 2636 1809 2681 testimonium.

868 2760 1276 2798 TESTIMONIUM.

344 2846 449 2897 Lege
469 2846 558 2884 mihi
580 2854 619 2885 et
639 2853 855 2899 emptorum
876 2847 1154 2895 testimonium,
1175 2855 1217 2886 ut
1238 2848 1385 2896 sciatis,
1406 2848 1481 2887 isto
1496 2849 1659 2900 jubente
1681 2864 1744 2890 me
1761 2866 1807 2891 ea

344 2907 560 2946 vendidisse
582 2909 639 2955 iis,
661 2909 802 2961 quibus
822 2909 892 2949 iste
907 2910 1090 2960 jusserat.
