1948 3306
354 166 437 204 694
772 164 1067 204 ADVERSUS
1098 165 1413 205 POLYCLEM.

352 276 538 322 tempore,
560 281 650 307 cum
677 268 726 307 ad
748 282 887 308 navem
916 282 994 307 non
1022 269 1182 316 veniret,
1202 277 1241 308 et
1259 276 1404 320 quanta
1422 269 1503 321 ipse
1523 269 1695 321 pericula
1723 270 1816 308 sub-

351 331 461 370 ierim
484 338 565 369 tum
592 338 867 382 tempestatum
891 338 973 369 tum
992 330 1177 368 hostium.
1234 331 1332 369 Post
1351 331 1452 369 enim
1473 331 1662 382 perducta
1683 331 1816 370 Maro-

352 407 465 432 neam
478 393 631 444 navigia
646 406 734 431 cum
750 394 919 431 Thasum
937 392 1260 444 pervenissemus,
1274 407 1320 431 co
1334 393 1530 444 profectus
1546 393 1818 432 Timomachus

352 469 482 494 rursus
502 456 737 507 perducebat
764 468 850 493 cum
870 454 1020 492 Thasiis
1050 455 1230 506 Strymen
1251 454 1485 493 frumentum
1504 462 1543 492 et
1569 461 1754 502 scutatos,
1775 462 1820 492 ut

352 516 437 568 ipse
467 517 595 556 locum
627 517 733 554 illum
767 522 1043 568 occupaturus.
1115 517 1213 554 Cum
1249 529 1337 554 vero
1369 515 1576 555 Maronitae
1602 515 1730 555 classe
1761 516 1818 554 in-

354 586 503 619 structa
521 580 722 618 nobiscum
744 579 792 616 de
812 591 857 616 eo
877 578 964 616 loco
980 578 1196 616 dimicaturi
1216 585 1358 625 essent,
1371 586 1409 616 et
1423 577 1564 616 milites
1582 577 1701 628 longa
1713 578 1823 634 navi-=

353 642 509 693 gatione
529 642 677 692 fatigati
697 654 816 679 naves
837 640 965 678 Thaso
997 641 1178 691 Strymen
1201 641 1411 687 traherent,
1431 647 1471 678 et
1488 640 1623 692 hyems
1644 646 1762 686 esset,
1783 646 1822 678 et

352 704 464 742 locus
485 710 637 755 portum
657 716 735 741 non
755 702 929 749 haberet,
942 715 1016 740 nec
1032 702 1269 740 exscendere
1291 709 1331 740 et
1350 715 1503 741 coenare
1522 701 1561 738 in
1577 700 1710 739 hostili
1726 715 1819 752 agro

353 766 502 810 liceret,
535 778 580 803 ac
600 778 751 802 murum
771 765 940 816 undique
959 771 998 803 et
1023 764 1247 802 mercenarii
1267 763 1405 802 milites
1432 770 1472 802 et
1490 763 1643 802 barbari
1671 762 1821 801 finitimi

352 826 684 869 circumsiderent,
716 839 877 865 necesse
905 827 978 864 fuit
1008 826 1047 864 in
1079 825 1257 864 anchoris
1282 826 1322 863 in
1342 824 1421 864 alto
1448 825 1636 864 fluctuare
1663 831 1821 863 noctem

353 890 458 928 illam
479 890 693 928 incoenatos
723 896 762 927 et
782 889 994 935 insomnes,
1017 895 1056 927 et
1084 888 1269 926 excubias
1290 888 1448 934 habere,
1468 901 1518 925 ne
1538 887 1820 925 Maronitarum

353 952 528 991 triremes
548 959 668 991 noctu
688 965 737 990 ex
755 951 904 990 insidiis
924 951 1112 1004 impetum
1143 951 1183 989 in
1210 964 1283 989 nos
1312 951 1485 989 facerent
1502 957 1691 1002 praeterea
1705 949 1825 987 fiebat

353 1021 486 1061 noctu,
507 1022 665 1066 propter
685 1014 775 1052 anni
795 1021 962 1066 tempus,
984 1020 1025 1051 ut
1044 1013 1187 1065 pluviae
1202 1019 1242 1051 et
1261 1012 1431 1051 tonitrua
1450 1018 1490 1050 et
1507 1017 1645 1050 ventus
1658 1023 1823 1062 magnus

353 1077 670 1123 oriretur,-haec
701 1077 800 1115 enim
831 1077 903 1115 sub
936 1076 1063 1129 ipsum
1094 1075 1298 1114 Pleiadum
1318 1087 1500 1113 occasum
1527 1074 1636 1112 sacta
1665 1079 1824 1120 sunt—-,

353 1152 449 1190 quas
470 1140 520 1177 ob
536 1152 601 1177 -res
620 1139 658 1176 in
679 1153 794 1191 quam
826 1139 944 1177 animi
975 1138 1244 1190 aegritudinem
1274 1150 1354 1175 non
1385 1136 1566 1176 incidisse
1596 1135 1735 1174 milites
1755 1148 1824 1173 ex-

353 1200 557 1240 istimatis?
587 1214 704 1252 quam
730 1201 871 1240 multos
892 1215 915 1239 a
932 1215 993 1239 me
1009 1207 1148 1252 postea
1166 1199 1365 1251 aufugisse
1383 1211 1518 1237 rursus
1536 1204 1708 1236 veterum
1727 1210 1823 1235 nau-

353 1268 493 1309 tarum,
514 1276 602 1301 curn
622 1269 661 1301 et
675 1275 836 1314 magnas
867 1276 1060 1301 aerumnas
1080 1263 1304 1309 tolerarent,
1324 1267 1363 1300 et
1392 1273 1521 1312 operae
1550 1259 1675 1312 pretia
1706 1272 1826 1311 parva

355 1325 543 1372 facerent,
568 1332 757 1377 quantum
779 1325 929 1364 scilicet
947 1338 1021 1376 ego
1041 1324 1095 1363 eis
1124 1325 1174 1363 ad
1200 1324 1267 1362 illa
1292 1336 1380 1374 quae
1407 1322 1512 1374 prius
1531 1334 1555 1360 a
1575 1334 1634 1359 me
1654 1321 1826 1359 abstule-

354 1396 441 1432 rant
456 1395 633 1427 mutuare
649 1389 848 1440 poteram?
870 1389 971 1426 Nam
988 1388 1068 1426 dux
1084 1401 1132 1425 ne
1148 1387 1188 1425 id
1202 1386 1360 1438 quidem
1374 1385 1479 1437 quod
1495 1383 1544 1422 ad
1559 1383 1824 1434 quotidianam

356 1451 578 1489 alimoniam
610 1451 820 1502 pertineret
852 1450 1140 1502 suppeditabat,
1171 1455 1210 1487 et
1238 1449 1320 1500 jam
1354 1454 1433 1485 tres
1458 1458 1613 1484 menses
1652 1444 1825 1496 legitimo

355 1515 598 1566 praefecturae
617 1514 782 1565 tempori
802 1514 1033 1565 adjeceram,
1050 1519 1091 1550 et
1115 1525 1203 1550 cum
1231 1511 1305 1549 iste
1330 1509 1504 1548 nondum
1524 1508 1575 1548 ad
1601 1520 1738 1546 navem
1759 1521 1825 1546 ve-

354 1576 467 1623 niret,
487 1588 562 1627 ego
582 1575 622 1614 in
642 1574 883 1615 desertorum
900 1575 1032 1614 locum
1051 1581 1194 1613 nautas
1210 1572 1494 1618 conducebam,
1514 1577 1649 1610 mutuo
1669 1576 1826 1622 sumpta

355 1637 537 1689 pecunia.

412 1701 450 1737 7.
482 1698 563 1737 Soli
583 1705 714 1738 autem
734 1698 796 1737 isti
814 1712 834 1737 e
855 1700 1005 1738 caeteris
1026 1698 1316 1738 suecessoribus
1335 1699 1446 1739 nulla
1467 1698 1694 1750 relinquitur
1712 1709 1827 1736 excu-

357 1759 470 1806 satio,
491 1774 561 1799 cur
575 1774 652 1799 non
673 1761 797 1799 multo
813 1767 901 1799 ante
921 1761 971 1799 ad
990 1774 1127 1800 navem
1146 1762 1308 1800 venerit.
1356 1762 1576 1801 Euctemon
1595 1762 1698 1800 enim
1713 1759 1828 1799 semi-

356 1823 544 1868 centurio,
571 1829 615 1861 ut
635 1836 686 1860 ex
713 1823 974 1875 Hellesponto
1002 1829 1160 1875 propter
1188 1824 1367 1861 morbum
1399 1823 1557 1862 domum
1586 1829 1647 1861 est
1674 1822 1828 1868 missus,

355 1897 474 1934 quum
491 1883 659 1935 primurn
680 1884 830 1935 appulit
849 1891 888 1922 et
907 1884 1029 1922 audiit
1047 1884 1164 1922 istum
1181 1884 1271 1922 mihi
1287 1897 1554 1924 successorem
1574 1884 1723 1931 datum,
1739 1897 1830 1923 cum

359 1945 478 1984 sciret
491 1945 571 1997 jam
593 1952 634 1984 et
652 1945 778 1984 exisse
797 1952 952 1998 tempus
972 1946 1214 1998 praefecturae
1233 1959 1344 1995 meae,
1365 1953 1404 1986 et
1431 1960 1494 1986 me
1514 1947 1597 1999 jam
1624 1947 1726 1985 ultra
1753 1952 1830 1985 ter-

358 2007 507 2045 minum
540 2009 693 2053 abesse,
716 2008 888 2047 adhibito
911 2008 1030 2047 Dinia
1057 2021 1193 2047 socero
1222 2021 1324 2056 meo,
1347 2022 1436 2048 eum
1462 2009 1500 2046 in
1521 2008 1707 2060 Digmate
1734 2021 1829 2047 con-

359 2069 480 2116 venit,
500 2076 540 2108 et
559 2070 842 2122 quamprimum
864 2070 914 2108 ad
935 2083 1072 2109 navem
1093 2070 1196 2109 abire
1209 2069 1339 2120 jussit,
1352 2070 1550 2122 impensas
1570 2069 1726 2109 enimin
1747 2070 1830 2109 dies

362 2131 538 2183 singulos
560 2145 723 2183 magnas
737 2132 837 2178 fieri,
862 2139 1006 2184 praeter
1024 2139 1284 2172 commeatum
1303 2133 1369 2185 qui
1389 2146 1412 2171 a
1431 2133 1531 2172 duce
1549 2133 1588 2171 in
1604 2146 1743 2171 navem
1761 2132 1832 2171 da-

360 2200 488 2238 retur;
520 2207 566 2232 ac
593 2195 814 2245 singulatim
836 2195 871 2234 ei
897 2195 1225 2243 commemoravit,
1246 2209 1334 2248 quae
1366 2195 1568 2235 mercedes
1601 2195 1762 2246 remigio
1793 2201 1833 2234 et

361 2255 548 2294 militibus
568 2256 606 2293 in
629 2257 805 2308 singulos
833 2271 988 2296 menses
1015 2264 1324 2306 numerarentur,
1345 2265 1439 2310 quae·
1460 2257 1590 2297 nautis
1618 2271 1715 2309 quos
1748 2257 1832 2310 ipse

361 2318 572 2369 Lampsaci
593 2319 859 2366 conduxisset,
880 2334 967 2371 quae
986 2320 1032 2359 iis
1052 2320 1118 2371 qui
1139 2320 1178 2358 in
1198 2319 1441 2359 desertorum
1460 2320 1589 2359 locum
1614 2320 1832 2359 inscendis-

362 2387 465 2427 sent,
492 2388 755 2432 praetereaque
783 2382 877 2433 quid
900 2389 1075 2420 veterum
1105 2389 1311 2421 nautarum
1343 2383 1506 2435 singulis
1533 2389 1690 2435 rogatus
1723 2382 1834 2420 addi-

364 2443 524 2489 dissem,
544 2449 750 2494 postquam
778 2443 876 2487 mihi
902 2444 1145 2495 praefecturae
1165 2445 1315 2484 navalis
1343 2445 1432 2484 diesv
1456 2445 1615 2492 exisset,
1634 2451 1675 2483 et
1692 2450 1835 2483 caetera

365 2506 510 2556 quaein
536 2519 673 2544 navem
702 2507 876 2558 quotidie
907 2508 1236 2559 impenderentur,
1259 2522 1349 2559 quae
1375 2522 1455 2547 non
1487 2508 1704 2560 ignorabat.
1759 2507 1835 2545 Per

364 2581 453 2606 eum
475 2568 590 2615 enim,
611 2568 703 2606 dum
727 2569 1091 2608 seminenturionem
1113 2576 1259 2621 ageret,
1279 2576 1317 2608 et
1334 2571 1564 2609 emebantur
1578 2576 1618 2608 et
1635 2568 1834 2621 expende-

365 2630 506 2667 bantur
526 2630 667 2668 omnia.
726 2630 787 2669 De
808 2630 1053 2669 armamentis
1071 2644 1199 2683 porro,
1229 2644 1292 2669 me
1320 2631 1496 2683 privatim
1517 2644 1566 2670 ea
1585 2631 1727 2669 habere
1755 2637 1794 2668 et
1813 2643 1835 2668 e

365 2692 523 2743 publico
544 2691 636 2729 nibil
657 2691 855 2743 accepisse
881 2692 1025 2739 retulit.
1084 2693 1180 2731 Eam
1203 2692 1334 2744 igitur,
1353 2693 1493 2745 inquit,
1514 2692 1608 2730 inito
1632 2691 1836 2739 rationem,

365 2760 411 2791 ut
445 2760 513 2791 aut
545 2754 592 2791 ab
624 2767 670 2791 eo
702 2754 768 2792 illa
798 2754 994 2805 impetres,
1022 2761 1090 2793 aut
1119 2761 1359 2793 armamenta
1386 2756 1538 2806 privata
1561 2753 1653 2792 hinc
1685 2753 1838 2792 afferas.

367 2815 541 2853 Arbitror
570 2823 696 2854 autem
716 2815 751 2853 ei
771 2816 883 2854 facile
914 2823 1047 2854 tecum
1074 2823 1380 2855 conventurum:
1409 2816 1489 2854 illic
1508 2816 1610 2854 enim
1629 2817 1835 2867 pecuniam

369 2877 500 2923 debet,
518 2891 634 2928 quam
652 2877 870 2917 dissolvere
889 2879 996 2917 volet
1015 2879 1064 2917 de
1082 2878 1209 2931 pretio
1224 2884 1562 2917 armamentorum.
1602 2878 1676 2916 His
1696 2879 1768 2917 iste
1788 2891 1836 2916 ex

369 2937 613 2978 Euctemone
633 2945 670 2977 et
689 2939 810 2979 Dinia
830 2953 964 2980 socero
985 2955 1071 2981 meo
1091 2941 1246 2989 auditis,
1262 2940 1310 2980 ad
1330 2954 1377 2980 ea
1394 2953 1482 2993 quae
1497 2939 1532 2979 ei
1546 2939 1724 2980 dixerant
1742 2939 1835 2978 nihil
