1915 3356
0 3232 21 3356 ε--.
16 3219 19 3222 Δ

117 423 513 464 ARGUMENTUM
538 419 833 462 ORATIONIS
854 418 1140 458 ADVERSUS
1170 416 1510 456 EUBULIDEM.

133 545 397 578 Scmmrunlex
417 542 723 584 apudAthenienses,
747 547 788 571 ut
809 539 1041 580 inquisitio
1068 540 1133 569 fiat
1155 539 1194 569 in
1219 548 1289 568 eos
1315 547 1444 567 ornnes
1470 534 1540 576 qni

91 596 237 627 sintin
261 586 389 626 album
413 593 609 626 civitatis
634 593 832 632 inscripti
861 592 989 627 aives,
1007 601 1051 621 ne
1068 590 1244 631 germani
1272 589 1430 624 sint,an
1453 598 1545 617 non:

92 653 130 679 et
155 653 196 679 ut
218 648 260 684 ii,
284 647 352 687 qui
391 656 466 676 nou
493 650 533 676 et
562 650 678 684 patre
707 649 746 675 et
780 650 904 674 matre
935 644 1025 674 cive
1055 643 1140 673 nati
1173 642 1269 677 sint,
1301 641 1542 671 deleantur:

91 703 222 740 utque
251 697 485 736 municipes
524 697 571 726 de
613 696 801 726 omnibus
844 694 1092 726 sententiam
1123 695 1286 724 ferant:
1314 697 1352 722 et
1378 691 1448 731 qui
1479 690 1544 720 im-

91 749 258 790 probati
292 748 445 779 fuerint
483 753 524 778 et
554 747 805 778 sententiam
849 746 1103 786 municipum
1146 750 1273 775 ratam
1306 741 1547 774 habuerint.

93 800 228 831 deleti
265 799 378 830 inter
408 799 644 839 inquilinos
684 804 954 834 censeantur,
994 798 1051 828 iis
1081 792 1182 828 ver-'o
1224 796 1292 836 qni
1335 795 1470 824 veiint
1503 794 1549 823 li-

91 857 183 883 ceat
212 851 426 892 appellare
448 850 669 890 judicium3
691 851 758 890 qui
780 850 813 880 si
836 851 950 881 etiarn
981 850 1020 881 in
1042 849 1202 888 judicio
1233 846 1552 882 convincantur,

91 903 348 939 vendendos,
376 902 437 932 sin
465 903 759 939 absolvantur,
783 902 906 932 cives
936 912 1043 933 esse.
1075 903 1124 932 Ex
1141 899 1548 940 baclege‚Halimusiopo-

92 954 165 995 pulo
177 953 348 994 judicante,
361 953 552 994 improbatur
568 954 737 985 Euxitheus
755 955 875 993 quidam
890 965 895 983 :
919 955 956 989 is,
972 965 1040 984 cnm
1058 964 1090 983 se
1107 953 1270 984 Eubulidis
1286 949 1401 981 inimici
1418 949 1549 979 factione

91 1016 274 1048 oppressum
297 1015 364 1036 esse
388 1006 517 1042 diceret,
540 1005 708 1046 appellavit
729 1006 868 1042 Judices,
892 1013 923 1036 et
946 1005 1091 1041 ostendit,
1108 1017 1140 1035 se
1161 1010 1192 1035 et
1210 1010 1295 1044 patre
1316 1006 1347 1032 et
1372 1007 1466 1031 matre
1482 1001 1551 1031 cive

95 1067 164 1089 esse
187 1062 301 1087 natum.
347 1056 437 1094 Quod
462 1057 487 1088 si
511 1061 608 1087 mater
628 1067 708 1093 mea,
730 1057 840 1097 inquit,
862 1057 1065 1092 mercenarias
1091 1067 1198 1096 operas
1224 1054 1309 1088 fecit,
1333 1064 1370 1083 ex
1394 1052 1497 1092 inopia
1518 1051 1549 1081 id

95 1109 178 1140 fecit.
224 1109 318 1139 Pater
332 1113 432 1139 autem
457 1108 649 1154 peregrinius
666 1109 788 1139 locutus
809 1114 867 1145 est,
882 1109 961 1148 quod
989 1113 1020 1139 et
1041 1115 1149 1149 captus
1173 1112 1204 1138 et
1220 1105 1364 1137 venditus
1377 1104 1445 1134 suit.
1489 1104 1553 1134 Ne-

94 1171 152 1202 que
169 1170 240 1191 vero
255 1159 444 1192 calamitates
459 1161 693 1200 exprobrandae,
708 1161 763 1191 sed
780 1171 893 1202 genera
907 1160 1093 1200 exquirenda
1106 1165 1184 1190 snut.

465 1457 1193 1543 DEMOSTHENIS

558 1599 1095 1648 APPELLATIO

297 1732 623 1776 ADVERS
652 1733 742 1775 US
806 1733 1321 1776 EUBULIDEM.

156 1850 192 1889 1.
220 1849 356 1892 Quum
387 1849 602 1888 Eubulides
635 1850 759 1888 multa
790 1849 889 1887 falso
921 1849 1032 1887 nobis
1069 1848 1267 1900 objecerit,
1308 1855 1347 1887 et
1384 1850 1558 1888 convicia

101 1921 225 1962 neque
253 1924 357 1958 vera,
375 1924 499 1963 neque
520 1911 627 1963 justa
645 1912 793 1957 fecerit,
813 1924 970 1963 operam
995 1911 1110 1955 dabo,
1133 1918 1176 1948 ut
1194 1924 1286 1950 vera
1313 1918 1352 1949 et
1371 1911 1480 1962 justa
1501 1911 1560 1948 di-

100 1973 240 2019 cendo,
256 1973 432 2020 Judices,
451 1973 669 2020 ostendam,
689 1980 729 2011 et
749 1973 815 2025 jus
835 1986 921 2012 esse
941 1973 1051 2011 nobis
1071 1972 1247 2018 civitatis,
1268 1979 1307 2011 et
1331 1972 1488 2025 indigne
1511 1973 1559 2011 ab

101 2038 176 2078 isto
195 2051 258 2077 me
284 2045 491 2077 tractatum
521 2050 619 2076 esse.
675 2036 756 2074 Oro
778 2043 907 2074 autem
930 2049 997 2073 vos
1021 2047 1171 2080 omneS,
1191 2034 1367 2080 Judices,
1399 2036 1560 2073 obsecro

102 2107 141 2140 et
160 2101 346 2148 obtestor,
365 2108 408 2139 ut
437 2107 476 2138 et
507 2100 775 2151 magnitudine
801 2112 940 2137 causae
960 2099 1084 2150 'hujus
1110 2098 1365 2144 considerata,
1384 2106 1423 2136 et
1450 2098 1560 2149 igno-

99 2163 233 2215 ¹minia,
253 2176 341 2202 cum
361 2176 450 2214 qua,
463 2162 527 2214 qui
543 2162 869 2207 condemnantur,
883 2162 998 2200 etiam
1013 2169 1187 2213 pereunt,
1204 2175 1264 2200 me
1279 2174 1431 2213 quoque
1447 2162 1562 2200 tacite

103 2225 280 2272 audiatis,
299 2226 476 2271 maxime,
501 2225 532 2263 si
563 2224 645 2263 fieri
674 2232 819 2276 potest,
851 2225 993 2276 majore
1027 2237 1114 2262 cum
1148 2223 1417 2262 benevolentia
1447 2237 1564 2275 quam

103 2287 216 2326 istum
231 2289 317 2340 (par
337 2287 440 2326 enim
460 2294 521 2326 est
551 2295 595 2326 ut
619 2288 658 2326 in
688 2287 859 2338 periculo
887 2287 1107 2326 constitutis
1128 2287 1266 2325 melius
1288 2286 1486 2339 cupiatis):
1507 2287 1565 2325 sin

106 2350 242 2397 minus,
262 2357 364 2390 certe
384 2364 472 2390 eum
493 2350 587 2402 pari.

158 2414 196 2450 2.
225 2414 288 2452 Fit
319 2420 462 2460 autem,
483 2413 654 2461 Judices,
673 2425 763 2451 cum
785 2425 853 2450 vos
883 2412 1046 2459 intueor,
1074 2419 1114 2449 et
1137 2411 1201 2463 jus
1227 2411 1393 2449 civitatis
1423 2411 1565 2450 habere

107 2487 169 2514 me
187 2475 402 2522 considero,
422 2482 466 2514 ut
484 2488 620 2513 securo
641 2475 770 2513 animo
790 2474 874 2518 sim,
895 2480 934 2512 et
952 2486 1131 2524 magnam
1156 2486 1263 2525 spem
1280 2472 1452 2511 victoriae
1472 2486 1565 2511 con-

107 2536 270 2589 cipiam:
300 2537 371 2576 sed
389 2543 562 2590 tempora
581 2543 621 2575 et
649 2537 814 2575 civitatis
846 2536 883 2574 in
913 2535 1212 2574 condemnando
1231 2535 1469 2573 iracundiam
1490 2536 1561 2573 for-

108 2598 263 2638 midem.
319 2599 420 2638 Nam
440 2612 528 2638 cum
557 2612 605 2637 ex
624 2598 800 2636 omnibus
819 2597 1038 2649 municipiis
1059 2598 1147 2649 jure
1173 2597 1283 2635 multi
1309 2597 1385 2635 sint
1405 2596 1566 2648 expulsi,

109 2661 244 2700 eadem
262 2668 322 2701 est
341 2662 391 2700 de
409 2661 520 2700 nobis
538 2661 668 2707 etiam,
687 2673 785 2712 quos
804 2660 992 2699 factiones
1013 2673 1249 2711 oppressere,
1269 2659 1412 2710 opinio,
1427 2665 1464 2696 et
1480 2671 1566 2709 pro-

108 2729 194 2775 pter
222 2723 374 2762 illorum
405 2723 780 2768 condemnationem,
809 2723 846 2761 in
880 2723 1036 2774 majore,
1062 2735 1177 2773 quarn
1209 2735 1278 2773 pro
1315 2733 1357 2759 se
1394 2721 1568 2772 quisque,

110 2784 278 2835 periculo
297 2798 518 2830 versamur;
548 2798 667 2836 quare
687 2785 768 2824 fieri
801 2785 937 2837 nequit
964 2785 1087 2831 aliter,
1109 2784 1200 2836 quin
1229 2796 1371 2834 magno
1399 2784 1436 2820 in
1465 2790 1570 2821 metu

113 2845 246 2886 simus.
302 2847 401 2892 Quae
421 2860 642 2899 quanquam
662 2847 715 2885 ita
735 2853 837 2892 sunt,
859 2860 905 2885 ea
921 2854 1050 2885 tamen
1070 2860 1157 2898 quoe
1185 2846 1223 2883 in
1248 2845 1307 2883 his
1336 2845 1431 2897 ipsis
1457 2858 1571 2894 aequa

115 2914 217 2956 sunt,
235 2909 398 2962 primum
419 2910 526 2949 vobis
547 2910 689 2949 dicam.
727 2910 814 2962 Ego
830 2910 874 2948 iis
891 2909 956 2962 qui
977 2909 1259 2962 peregrinitatis
1275 2909 1571 2953 convincuntur,

115 2971 424 3010 succensendum
443 2985 530 3011 esse
549 2972 740 3018 existimo,
759 2972 823 3023 qui
846 2972 955 3010 vobis
980 2985 1105 3022 neque
1132 2971 1339 3022 persuasis,
1359 2984 1484 3022 neque
1503 2985 1568 3010 ex-
