1948 3306
324 167 374 203 66
630 166 706 203 DE
737 165 893 206 MALE
930 166 1108 206 GESTA
1142 166 1491 206 LEGATIONE.

324 270 438 308 etiam
459 282 482 308 a
501 282 561 307 me
583 269 658 307 dici
680 277 720 308 et
739 283 855 321 posse
878 279 916 309 et
934 271 1075 309 debere
1097 270 1291 309 existimo.
1333 270 1408 308 Ubi
1424 271 1626 316 enimsaut
1641 270 1800 321 quando

326 345 474 378 eorum,
494 338 562 370 aut
588 332 693 383 apud
726 333 942 389 quos,xhac
969 333 1031 370 die
1062 331 1335 383 praetermissa,
1361 331 1502 370 faciam
1531 330 1800 370 mentionem?

327 393 428 432 Cum
458 393 575 444 igitur
594 394 797 444 pueritiam
826 395 1096 437 excessissem,
1125 400 1259 431 custos
1284 399 1428 431 nostrae
1460 393 1617 431 ditionis
1648 393 1703 431 fui
1732 405 1800 444 per

326 455 538 502 biennium,
559 455 670 507 cujus
691 457 745 494 rei
765 457 935 507 aequales
956 463 994 494 et
1013 456 1175 507 collegae
1197 456 1289 494 mihi
1309 455 1413 507 apud
1443 468 1512 493 vos
1537 455 1800 493 testimonium

327 517 600 568 perhibebunt.
630 518 801 555 Primum
821 519 859 555 in
880 518 1054 555 militiam
1071 518 1266 569 profectus
1279 531 1364 556 sum
1381 530 1427 556 ea
1442 517 1704 568 expeditione,
1716 529 1804 567 quae

332 579 552 618 Meresiana
570 580 793 617 nominatur
810 593 818 617 :
854 586 894 616 et
912 579 1005 617 dum
1022 592 1110 617 cum
1131 580 1346 630 aequalibus
1360 592 1543 631 pompam
1565 578 1803 616 Phliuntiam

329 654 417 679 cum
441 642 658 680 Alcibiadis
680 642 864 679 militibus
885 642 1104 687 comitarer,
1125 649 1163 680 et
1181 642 1284 680 circa
1301 643 1525 680 Nemeaeam
1547 640 1691 680 fossam
1712 654 1804 691 prae-
1827 671 1831 681 ,

329 702 423 741 lium
456 704 706 741 commissum
728 709 844 748 esset,
868 703 924 741 sic
946 703 1157 749 decertavi,
1188 709 1232 741 ut
1261 716 1285 741 a
1312 704 1477 742 ducibus
1508 703 1710 741 laudarer:
1741 716 1805 741 ce-

330 766 422 803 teris
443 766 557 803 etiam
587 764 904 816 expeditionibus
939 778 1027 816 quae
1056 778 1125 816 per
1148 764 1250 803 vices
1278 765 1544 812 mittebantur,
1573 770 1618 802 ut
1647 764 1807 815 Epony—

330 827 471 864 mianae
500 833 540 864 et
565 826 809 872 Meresianae,
841 826 1014 871 interfui,
1044 833 1084 864 et
1112 826 1162 864 ad
1189 826 1433 864 Mantineam
1460 826 1697 877 depugnavi,
1728 838 1807 863 non

332 888 505 940 turpiter,
526 895 593 926 aut
610 901 700 926 cum
716 888 907 926 dedecore
927 888 1107 926 civitatis.
1141 889 1185 926 In
1208 888 1358 925 Euboea
1372 888 1466 925 item
1485 886 1658 933 militavi,
1679 892 1718 924 et
1732 887 1807 924 Ta-

332 963 486 1001 mynoea
504 963 638 1001 pugna
654 949 754 988 inter
773 950 947 988 delectos
964 951 1018 988 ita
1037 963 1099 987 me
1120 949 1239 1000 gessi,
1258 956 1302 987 ut
1323 956 1362 987 et
1375 949 1427 987 ibi
1444 961 1467 986 a
1481 948 1648 986 ducibus
1665 960 1809 986 corona

333 1025 500 1058 ornarer,
523 1018 564 1050 et
582 1012 660 1050 huc
681 1025 860 1050 reversus
880 1013 1020 1050 iterum
1041 1026 1063 1050 a
1082 1012 1241 1063 populo,
1260 1024 1349 1049 cum
1369 1018 1408 1049 et
1428 1010 1628 1049 victoriam
1655 1009 1810 1061 publice

333 1074 640 1120 renunciassem,
665 1081 706 1112 et
723 1074 956 1112 Temenides
982 1074 1212 1113 Pandioniae
1241 1074 1363 1111 tribus
1392 1072 1583 1118 centurio,
1610 1072 1676 1123 qui
1697 1084 1720 1109 a
1746 1084 1810 1109 ca-

334 1136 423 1174 stris
442 1136 597 1187 legatus
617 1136 696 1174 huc
716 1149 869 1174 mecum
898 1136 1096 1188 profectus
1117 1142 1213 1183 erat,
1234 1135 1391 1187 qualem
1412 1135 1448 1173 in
1478 1134 1614 1187 praelio
1631 1146 1693 1172 me
1712 1146 1809 1185 prae-

333 1197 521 1245 buissem,
538 1198 767 1236 indicasset.
799 1200 899 1241 Quae
920 1206 962 1236 ut
980 1212 1070 1236 vere
1090 1211 1114 1236 a
1131 1211 1194 1236 me
1213 1197 1291 1235 dici
1309 1203 1475 1244 constet,
1496 1209 1592 1248 cape
1612 1196 1811 1234 decretum

335 1259 425 1306 hoc,
451 1266 492 1297 et
510 1259 760 1298 Temenidem
780 1273 879 1298 voca
898 1268 937 1298 et
957 1273 1024 1298 eos
1045 1259 1329 1298 commilitones
1355 1272 1478 1306 meos,
1506 1258 1572 1308 qui
1601 1271 1671 1309 pro
1697 1270 1811 1308 repu-

333 1321 439 1359 blica
464 1321 691 1366 militarunt,
712 1328 751 1359 et
772 1321 1013 1365 Phocionem
1043 1322 1329 1372 imperatorem,
1363 1320 1539 1358 nondum
1564 1319 1814 1364 advocatum,

337 1382 407 1420 nisi
416 1382 616 1434 judicibus
633 1383 757 1421 visum
778 1383 906 1429 fuerit,
924 1391 963 1422 et
975 1390 1117 1421 testem
1132 1382 1404 1421 calumniatori
1417 1380 1643 1428 obnoxium,
1661 1381 1692 1419 si
1706 1394 1814 1419 men—

337 1445 430 1483 titus
452 1445 580 1482 fuerit.

707 1538 1036 1577 DECRETUM.
1074 1523 1468 1578 TESTIMONIA}

340 1626 441 1665 Cum
461 1626 580 1678 igitur
600 1626 748 1678 primus
779 1626 883 1664 urbis
905 1626 1108 1665 victoriam
1135 1625 1245 1664 vobis
1280 1625 1553 1673 renunciarim,
1584 1632 1624 1664 et
1654 1625 1815 1664 liberum

340 1695 556 1727 vestrorum
578 1702 802 1734 successus,
823 1687 987 1740 primam
1007 1688 1108 1726 hanc
1129 1702 1152 1727 a
1171 1687 1280 1726 vobis
1302 1688 1465 1739 gratiam
1477 1695 1624 1739 repetO,
1640 1694 1683 1726 ut
1697 1689 1816 1726 vitam

341 1763 466 1789 meam
489 1750 688 1798 tueamini,
708 1763 796 1789 cum
814 1763 893 1788 non
914 1750 986 1788 sim
1001 1750 1148 1802 populo
1169 1750 1363 1794 inimicus,
1385 1756 1429 1787 ut
1441 1756 1647 1788 accusator
1663 1749 1730 1796 ait,
1746 1750 1816 1788 sed

338 1811 525 1864 improbis
546 1813 726 1859 infestus,
747 1812 891 1863 quippe
912 1813 978 1863 qui
997 1819 1127 1850 vetem
1147 1825 1217 1850 vos
1243 1811 1522 1849 Demosthenis
1541 1812 1706 1863 majores
1733 1811 1818 1849 imi-

340 1874 567 1912 tari—nulli
596 1874 699 1912 enim
720 1881 878 1919 sunt—,
899 1874 967 1911 sed
989 1874 1180 1918 cohorter,
1211 1879 1255 1910 ut
1283 1873 1539 1910 honestorum
1570 1873 1817 1911 consiliorum

341 1936 592 1974 aemulatores
613 1936 707 1973 sitis.
765 1936 864 1979 Quae
886 1935 1003 1973 altius
1024 1935 1190 1986 repetita
1210 1934 1329 1985 paulo
1349 1934 1561 1973 dilucidius
1582 1934 1817 1985 explanabo.

397 2000 462 2035 54.
494 1997 681 2042 Primum,
702 2003 834 2034 nostra
853 1996 944 2033 urbs
965 1996 1128 2047 gloriam
1151 2002 1363 2034 consecuta
1383 2003 1444 2033 est
1463 2003 1553 2047 post
1571 1996 1709 2034 navale
1728 2009 1820 2035 con-

341 2066 401 2097 tra
420 2059 578 2097 Persam
601 2059 778 2109 praelium
808 2057 859 2094 ad
890 2057 1126 2095 Salaminem
1154 2064 1320 2108 gestum,
1341 2071 1429 2095 cum
1459 2058 1653 2096 moenibus
1676 2071 1700 2096 a
1727 2059 1817 2096 bar-

342 2121 445 2160 baris
480 2120 632 2164 dirutis,
652 2125 692 2156 et
711 2131 809 2170 pace
837 2131 927 2156 cum
949 2118 1255 2156 Lacedaemoniis
1275 2119 1502 2164 constituta,
1528 2119 1747 2167 libertatem
1768 2119 1821 2158 ci-

343 2182 472 2221 vitatis
504 2181 746 2220 retinuimus.
794 2179 892 2218 Post
924 2193 947 2218 a
977 2179 1211 2231 quibusdam
1247 2180 1445 2226 concitati,
1477 2181 1659 2232 belloque
1685 2189 1822 2220 contra

345 2243 664 2281 Lacedaemonios
693 2248 895 2293 suscepto,
924 2242 1054 2279 multis
1075 2241 1189 2279 malis
1218 2247 1258 2279 et
1286 2242 1388 2280 datis
1419 2248 1458 2281 et
1485 2244 1675 2294 acceptis,
1703 2244 1820 2282 inter-

344 2305 521 2343 cessione
551 2303 737 2349 Cimonis,
760 2302 950 2341 Miltiadis
971 2302 1052 2349 filii,
1080 2303 1144 2341 cui
1168 2303 1381 2354 hospitium
1414 2309 1497 2341 erat
1521 2317 1612 2343 cum
1634 2305 1819 2343 Lacedae-

344 2366 499 2413 moniis,
518 2365 647 2403 foedus
669 2378 858 2403 annorum
881 2364 1168 2417 quinquaginta
1190 2365 1471 2416 percussimus,
1490 2379 1614 2418 eoque
1634 2367 1820 2405 tredecim

342 2441 466 2466 annos
487 2440 623 2465 sumus
646 2426 719 2464 usi.
764 2426 854 2464 Hoc
892 2433 1076 2478 tempore
1099 2426 1292 2464 Piraeeum
1315 2440 1424 2465 muro
1454 2428 1663 2476 cinximus,
1691 2437 1730 2466 et
1759 2442 1819 2467 se-

344 2488 621 2541 ptentrionalia
639 2487 785 2525 moenia
804 2487 1083 2534 exstruximus,
1111 2494 1150 2525 et
1168 2494 1311 2538 praeter
1332 2501 1413 2536 eas,
1434 2502 1533 2540 quas
1564 2496 1654 2528 ante
1673 2490 1820 2527 habue—

346 2565 491 2602 ramus,
519 2556 678 2589 centum
697 2549 874 2587 triremes
896 2548 1190 2595 aedificavimus,
1219 2556 1260 2588 et
1286 2556 1482 2589 trecentos
1504 2551 1652 2601 equites
1678 2552 1820 2591 nostris

346 2613 469 2664 copiis
507 2611 771 2662 adjunximus,
814 2618 1009 2650 trecentos
1052 2610 1144 2649 item
1189 2611 1359 2664 Scythas
1398 2612 1617 2664 sagittarios
1663 2615 1821 2653 mercati

348 2689 495 2722 sumus,
513 2682 552 2713 et
571 2673 760 2726 populare
789 2674 991 2725 imperium
1023 2680 1247 2712 constanter
1276 2674 1516 2713 retinuimus.
1558 2674 1659 2713 Cum
1690 2683 1820 2714 autem

346 2736 386 2774 in
406 2736 684 2787 rempublicam
704 2742 877 2774 nostram
906 2736 1085 2774 homines
1106 2749 1186 2774 non
1205 2734 1367 2787 ingenui
1388 2750 1461 2775 nec
1481 2737 1669 2776 moderati
1694 2739 1822 2777 irruis-

348 2804 450 2843 sent,
463 2810 597 2835 rursus
620 2797 810 2849 AEginetis
830 2797 978 2835 bellum
998 2797 1199 2835 intulimus
1216 2810 1225 2835 z
1255 2798 1294 2835 in
1315 2810 1440 2850 eoque
1461 2811 1538 2837 non
1557 2799 1820 2839 mediocribus

349 2859 477 2897 affecti
497 2858 648 2897 damnis
668 2871 806 2910 pacem
827 2858 1096 2910 expetivimus,
1117 2859 1322 2899 Andocide
1341 2873 1432 2899 cum
1452 2859 1613 2912 collegis
1631 2861 1752 2899 misso
1771 2861 1822 2900 ad

351 2920 684 2966 Lacedaemonios,
715 2928 754 2960 et
772 2934 908 2972 pacem
938 2922 1098 2973 triginta
1123 2934 1246 2961 annos
1277 2922 1529 2970 servavimus,
1555 2935 1643 2974 quae
1670 2925 1820 2975 magni-
