1915 3356
566 210 788 252 CONTRA
819 208 1110 247 CONONEM.
1496 210 1573 245 7‘23

177 313 237 353 10.
265 313 354 351 Jam
385 313 493 365 quid,
520 327 610 353 cum
641 313 837 353 arbitrium
867 312 986 358 fieret,
1016 312 1178 362 egerint,
1205 312 1314 350 vobis
1342 312 1573 363 explicabo:

120 387 208 412 uam
228 374 287 413 vel
315 374 404 414 inde
424 375 583 415 istorum
608 375 861 428 petulantiam
881 374 1139 426 perspicietis.
1197 374 1335 412 Noctis
1354 374 1456 412 enim
1475 386 1575 425 pene

116 435 360 488 intempestae
386 444 542 489 captato
561 445 746 488 tempore,
768 449 892 488 neque
910 435 1132 474 testimonia
1148 435 1279 486 legere
1299 449 1422 486 neque
1445 448 1575 473 exem-

116 497 183 549 pla
210 498 302 537 dare
331 498 546 544 voluerunt,
580 505 697 549 atque
730 511 862 537 eorum
888 498 954 549 qui
980 498 1091 536 nobis
1127 496 1292 535 aderant
1321 497 1495 547 singulos
1525 496 1574 534 ad

117 573 224 599 aram
238 560 496 608 adduxerunt,
512 568 551 599 et
565 562 747 611 jurarunt
763 567 804 599 et
821 560 1037 599 testimonia
1056 559 1294 611 scripserunt
1313 558 1408 596 nihil
1428 559 1477 597 ad
1497 571 1575 597 rem

119 623 336 672 attinentia,
358 622 430 661 sed
462 622 575 675 hujus
611 623 778 674 generis,
812 636 832 661 e
847 636 872 660 x
912 636 979 661 me
993 636 1010 660 r
1024 636 1044 661 e
1060 630 1076 661 t
1089 636 1106 660 r
1119 622 1130 660 i
1143 635 1165 661 c
1180 635 1201 660 e
1238 635 1256 660 s
1270 622 1282 660 i
1295 622 1320 660 b
1336 622 1348 659 i
1394 633 1420 658 n
1433 627 1483 659 at
1497 634 1521 658 u
1537 632 1575 658 m

117 696 232 722 eum
264 696 483 736 puerum
528 692 569 724 et
606 698 922 738 perpessum
962 697 1082 723 esse
1113 684 1222 722 haec
1256 692 1306 723 et
1336 683 1458 730 haec,
1489 695 1577 733 quae

115 745 396 793 mediusfidius,
415 746 439 784 J
444 747 594 795 udices,
610 760 724 786 nemo
743 747 808 799 qui
829 746 964 786 aderat
995 760 1073 786 non
1097 755 1138 786 et
1151 746 1402 801 ⁴vituperabat
1419 751 1458 783 et
1473 757 1576 795 aegre

114 807 288 847 ferebat:
318 808 486 860 denique
514 809 579 848 isti
603 810 720 849 etiam
751 809 825 862 ipsi
859 810 970 849 invisi
997 810 1157 849 fiebant.
1213 808 1389 847 Tandem
1403 808 1486 859 jam
1506 806 1576 845 de-

113 868 263 921 fatigati
282 878 322 910 et
350 871 477 912 satiati
499 872 582 912 istis
601 872 770 925 ineptiis,
791 873 1032 925 profitentur,
1058 872 1243 912 eludendi
1261 885 1383 910 causa
1402 878 1442 909 et
1459 883 1507 909 eo
1526 882 1577 908 ne

113 931 240 970 echini
258 933 517 985 signarentur,
538 935 680 974 dedere
705 935 804 975 velle
825 949 866 975 se
886 936 935 975 de
953 936 1083 989 plagis
1103 948 1249 982 serVOS,
1269 934 1421 987 scriptis
1442 945 1577 973 eorum

113 994 359 1035 nominibus:
388 1003 427 1036 et
454 1011 559 1037 nunc
579 999 715 1050 opinor
734 998 809 1037 hac
835 998 884 1037 de
913 1012 954 1038 re
978 998 1148 1051 plurima
1166 998 1283 1037 verba
1301 996 1443 1036 facturi
1473 1001 1578 1034 sunt.

113 1055 202 1107 Ego
225 1070 317 1097 vero
334 1058 443 1098 vobis
463 1060 642 1100 omnibus
661 1061 759 1100 illud
776 1061 1104 1100 considerandum
1123 1073 1282 1108 censeo,
1301 1059 1413 1105 istos,
1432 1058 1463 1097 si
1488 1070 1577 1110 pro-

110 1124 248 1169 pterea
265 1129 542 1171 provocassent
559 1130 603 1162 ut
621 1123 856 1175 quaestiones
876 1123 1111 1162 haberentur
1129 1130 1169 1162 et
1187 1136 1234 1162 eo
1257 1124 1344 1174 jure
1372 1120 1459 1160 freti
1481 1120 1578 1158 fuis-

112 1188 211 1228 sent,
240 1195 332 1230 non,
360 1197 451 1224 cum
474 1186 558 1236 jam
591 1187 734 1225 arbiter
767 1187 887 1226 ferret
913 1186 1158 1234 sententiam,
1182 1192 1316 1232 noctu,
1350 1197 1440 1223 cum
1469 1181 1579 1221 nulla

112 1253 235 1282 causa
253 1244 402 1297 reliqua
430 1253 547 1294 esset,
567 1248 688 1287 fuisse
715 1255 1018 1300 provocaturos:
1050 1248 1120 1288 sed
1148 1247 1326 1300 primum,
1349 1252 1439 1284 ante
1457 1243 1579 1283 actio·

111 1317 200 1343 nem
219 1305 447 1355 institutam,
467 1309 561 1348 dum
582 1324 656 1358 ego
678 1317 849 1363 aegrotus
870 1311 1153 1351 decumbebam
1172 1317 1212 1349 et
1229 1311 1389 1362 ignarus
1410 1321 1459 1345 an
1489 1318 1579 1344 eva-

110 1378 222 1405 surus
240 1379 368 1407 essem
386 1368 491 1420 apud
517 1381 650 1408 omnes
669 1371 735 1421 qui
754 1387 816 1412 me
835 1374 1016 1413 visebant
1033 1373 1243 1419 profitebar
1270 1369 1448 1420 istumpri
1471 1380 1579 1405 mum

108 1428 347 1476 verberasse,
367 1435 408 1468 et
438 1429 687 1481 plurimarum
713 1427 1036 1467 contumeliarum
1064 1443 1163 1480 quas
1192 1443 1403 1482 perpessus
1429 1430 1579 1468 fueram

111 1495 313 1527 auctorem
332 1502 433 1535 esse,
455 1497 536 1528 tum
562 1490 692 1529 statim
719 1489 851 1545 multis
877 1490 1041 1529 testibus
1061 1491 1243 1530 adhibitis
1258 1491 1308 1530 ad
1329 1491 1435 1530 aedes
1451 1490 1579 1530 venire

111 1549 261 1598 debuit,
284 1556 367 1589 turn
397 1564 528 1591 servos
557 1551 724 1600 tradere,
743 1558 827 1591 tum
857 1552 1011 1604 aliquos
1044 1566 1092 1592 ex
1125 1554 1331 1607 Areopago
1361 1567 1577 1593 accersere.

111 1613 155 1652 Si
173 1612 275 1651 enim
294 1612 490 1662 obiissem,
510 1613 613 1666 apud
642 1614 731 1653 illos
752 1627 873 1654 causa
891 1615 1046 1668 agenda
1071 1615 1223 1655 fuisset.
1282 1617 1400 1660 Quod
1420 1616 1452 1655 si
1479 1614 1577 1654 illud

108 1674 315 1727 ignoravit,
331 1681 384 1714 >et
414 1675 490 1715 hoc
513 1679 601 1726 Jure
620 1677 756 1725 fretus,
781 1684 826 1716 ut
844 1691 949 1717 nunc
968 1678 1086 1725 dicet,
1107 1692 1148 1717 se
1176 1678 1226 1717 ad
1253 1685 1406 1717 tanturn
1425 1679 1578 1731 pericu-

110 1736 192 1775 lum
213 1750 292 1776 non
311 1738 482 1791 paravit:
512 1739 651 1778 saltem
672 1747 882 1792 postquam
911 1754 1152 1781 surrexeram
1171 1754 1337 1793 eumque
1352 1741 1436 1793 jam
1461 1753 1578 1780 accu-

110 1799 258 1846 sabam,
278 1799 318 1838 in
346 1800 471 1852 primo
504 1814 722 1854 congressu
754 1803 860 1855 apud
893 1803 1078 1843 arbitrum
1103 1803 1343 1843 tradidisset.
1400 1803 1578 1848 Quorum

109 1861 183 1902 iste
209 1862 305 1901 nihil
333 1862 440 1903 fecit.
491 1864 546 1904 Ut
570 1871 702 1904 autem
724 1879 789 1906 me
807 1879 901 1906 vera
928 1866 1072 1916 dicere,
1093 1873 1210 1919 atque
1243 1865 1426 1906 eludendi
1454 1866 1579 1918 gratia

108 1931 373 1978 comparatam
391 1925 514 1966 fuisse
539 1928 872 1981 provocationem,
892 1936 1057 1978 constet,
1072 1929 1192 1969 recita
1211 1930 1286 1968 hoc
1298 1929 1575 1974 testimonium,

111 1999 159 2025 ex
173 2000 251 2039 quo
270 1987 311 2027 id
329 1987 402 2028 erit
419 1989 678 2043 perspicuum.

635 2144 1049 2184 TESTIMONIUM.

109 2244 170 2285 Ac
198 2246 305 2298 quod
335 2246 387 2286 ad
418 2247 656 2298 quaestiones
688 2249 839 2296 attinet,
860 2250 1110 2289 memineritis
1142 2257 1181 2289 et
1206 2250 1311 2289 horae
1332 2263 1411 2303 qua
1435 2263 1575 2303 provo-

109 2306 223 2355 cavit,
243 2313 285 2347 et
316 2308 455 2361 quibus
487 2308 539 2348 de
572 2310 700 2349 causis
732 2311 773 2350 id
802 2311 951 2358 fecerit,
971 2320 1017 2351 ut
1042 2312 1166 2364 prima
1191 2319 1364 2365 tempora
1384 2313 1575 2359 eluderet,

109 2368 249 2421 quibus
278 2369 377 2409 illud
401 2370 470 2423 jus
496 2383 584 2410 eum
614 2385 809 2424 nusquam
828 2373 998 2413 voluisse
1018 2374 1230 2427 procedere
1250 2382 1418 2419 constat,
1447 2389 1575 2428 neque

108 2431 171 2472 vel
189 2445 437 2485 provocasse,
457 2434 518 2473 vel
538 2435 771 2486 postulasse.

166 2496 229 2533 11.
259 2495 358 2540 Quae
376 2509 468 2535 cum
486 2497 618 2536 omnia
644 2505 944 2551 coarguerentur
964 2499 1070 2552 apud
1089 2499 1290 2545 arbitrum,
1320 2499 1574 2551 quemadmo-

109 2557 202 2596 dum
236 2564 276 2596 et
309 2559 415 2611 apud
447 2573 530 2606 vos,
551 2567 761 2612 aperteque
787 2562 1056 2601 ostenderetur
1081 2575 1172 2601 eum
1201 2562 1322 2601 teneri
1351 2561 1573 2601 criminibus

109 2620 302 2666 omnibus,
320 2622 530 2674 interponit
559 2623 700 2662 falsum
734 2624 1007 2672 testimonium,
1037 2631 1076 2663 et
1105 2631 1226 2663 testes
1257 2624 1444 2670 inscribit,
1474 2636 1573 2674 quos

108 2694 181 2720 nec
199 2683 307 2722 vobis
328 2682 484 2735 ignotos
502 2685 583 2724 fore
601 2697 758 2734 censeo,
779 2692 988 2739 postquam
1009 2686 1228 2726 audieritis:

153 2776 307 2808 Diotimus
323 2777 454 2810 Diotimi
469 2780 507 2810 F.
523 2780 703 2817 lentiensis,
719 2781 930 2813 Archebiades
950 2782 1121 2813 Demotelis
1137 2783 1174 2812 F.
1193 2781 1354 2817 Aiaeensis,
1369 2779 1573 2810 Chaeretimus

106 2826 297 2858 Charimenis
314 2828 353 2861 F,
369 2829 551 2870 Pittheusis,
567 2832 768 2863 testificantur
787 2844 819 2865 se
835 2833 948 2864 abiisse
972 2844 989 2863 a
1013 2844 1097 2865 coena
1120 2844 1188 2863 cum
1204 2834 1339 2866 Conone,
1356 2836 1387 2862 et
1401 2831 1572 2861 accessisse

110 2876 142 2907 in
157 2877 223 2908 foro
239 2879 276 2909 ad
294 2879 469 2914 Aristonem
485 2888 516 2914 et
545 2883 639 2915 filium
653 2884 789 2916 Cononis
809 2889 994 2925 pugnantes,
1009 2890 1039 2915 et
1058 2895 1116 2916 non
1133 2883 1328 2915 conseruisse
1344 2894 1450 2914 munus
1474 2884 1575 2914 Cono-

113 2939 181 2960 nem
195 2934 226 2961 et
242 2931 431 2965 Aristonem:
