1948 3306
396 164 480 201 744
808 167 1098 208 ADVERSUS
1131 169 1470 209 EUBULIDEM.

398 281 548 307 veraces
580 281 665 308 esse
696 270 845 318 dicetis,
865 273 974 311 vobis
996 273 1199 319 exhibebo,
1217 280 1256 311 et
1282 274 1455 312 convicia
1480 273 1714 325 criminaque
1740 273 1843 313 refu-

392 331 505 368 tabo:
535 337 574 369 et
604 345 626 369 a
654 333 775 379 vobis,
795 334 852 372 his
884 334 1022 373 auditis
1048 342 1191 386 petam,
1212 336 1243 373 si
1274 336 1381 374 vobis
1409 335 1502 374 civis
1535 342 1576 375 et
1603 335 1838 376 factionibus

388 405 596 443 oppressus
630 394 797 442 videbor,
820 404 862 434 ut
891 410 952 434 me
985 397 1157 442 servetis,
1179 398 1236 436 sin
1263 397 1403 444 minus,
1424 404 1467 436 ut
1495 397 1534 436 id
1560 398 1698 449 agatis,
1732 398 1839 449 quod

388 455 496 492 vobis
527 455 629 506 pium
665 469 750 494 esse
780 458 969 496 videatur.
1028 458 1132 497 Hinc
1153 467 1283 497 autem
1303 460 1545 510 auspicabor.
1602 459 1840 498 Perstrinxe-

389 522 478 553 runt
495 524 640 567 patrem
662 531 784 556 meum
806 519 1113 569 peregrinitatis:
1153 527 1309 571 captum
1341 528 1469 559 autem
1501 533 1587 558 eum
1611 521 1683 559 sub
1713 520 1839 559 Dece-

386 575 501 616 licum
533 579 678 616 bellum
708 580 756 617 ab
790 580 979 627 hostibus,
999 587 1038 620 et
1057 581 1278 620 Leucadem
1303 582 1512 628 venditum,
1541 594 1627 621 cum
1653 581 1692 619 in
1711 581 1840 621 Lean-

387 638 497 677 drum
516 640 735 679 histrionem
757 641 965 688 incidisset,
987 643 1036 681 ad
1065 656 1156 682 suos
1188 644 1301 695 longe
1329 651 1418 696 post
1449 657 1536 683 esse
1562 657 1754 682 reversum
1780 645 1846 682 in-x

376 702 580 749 columem,
599 705 879 754 praeterierunt.
939 705 1017 744 Sed
1049 706 1160 757 quasi
1194 705 1303 744 nobis
1333 713 1489 759 propter
1522 706 1594 744 illa
1626 706 1837 745 infortunia

384 765 620 814 pereundum
643 765 703 811 sit,
725 767 1005 818 peregrinitatis
1033 781 1120 806 eum
1153 774 1395 806 accusarunt.
1453 767 1537 818 Ego
1555 780 1646 805 vero
1668 780 1734 818 per
1753 766 1837 806 haec

385 823 466 875 ipsa
491 826 731 876 potissimum
751 828 969 874 ostendam,
996 842 1083 867 eum
1104 828 1380 867 Atheniensem
1408 828 1540 867 fuisse.
1597 828 1655 866 Ac
1675 828 1838 880 primum

380 886 431 923 de
448 887 529 937 ejus
542 895 580 925 et
595 889 829 939 captivitate,
842 897 880 928 et
893 891 1155 942 redemptione
1171 897 1289 929 testes
1307 890 1413 929 vobis
1433 890 1645 942 producam
1661 903 1671 928 ε
1692 890 1832 930 deinde

382 960 471 985 eum
492 962 698 997 reversum,
718 965 741 990 a
758 953 904 1004 patruis
925 952 1155 991 facultatum
1175 960 1320 1005 partem
1341 953 1562 1004 accepisse:
1592 961 1742 1003 postea,
1764 966 1837 991 nec

380 1009 723 1064 inmunicipibus,
746 1027 816 1052 nec
848 1014 887 1052 in
916 1014 1138 1060 curialibus,
1160 1029 1232 1054 nec
1262 1015 1350 1054 alibi
1382 1028 1546 1066 usquam
1573 1014 1622 1052 ob
1651 1014 1836 1053 sermonis

379 1072 708 1122 peregrinitatem,
730 1082 771 1113 ut
801 1076 1043 1127 peregrinum
1079 1076 1128 1114 ab
1159 1076 1238 1114 ullo
1267 1090 1356 1115 esse
1385 1081 1620 1123 accusatum,
1640 1088 1712 1126 age
1740 1088 1836 1127 cape

379 1133 612 1174 testimonia.

930 1282 1281 1321 TESTIMONIA.

378 1372 439 1428 De
460 1376 682 1426 captivitate
701 1377 871 1427 quidem,
893 1384 934 1416 et
951 1378 1131 1416 ineolumi
1151 1378 1269 1429 patris
1290 1378 1363 1416 mei
1391 1377 1516 1416 reditu
1540 1377 1578 1416 in
1597 1378 1744 1423 urbem,
1764 1389 1832 1415 au-

375 1435 500 1475 distis.
557 1438 654 1475 Eum
686 1446 814 1477 autem
833 1446 999 1478 vestrum
1029 1440 1149 1478 fuisse
1180 1439 1412 1478 civem—rei
1431 1440 1534 1477 enim
1559 1430 1699 1479 veritas
1718 1438 1773 1477 ita
1791 1451 1834 1477 se

373 1497 558 1545 habet—-‚
578 1506 696 1538 testes
718 1514 814 1539 voco
845 1515 891 1540 ex
924 1502 1098 1553 cognatis
1128 1502 1247 1552 patris
1281 1500 1354 1539 rnei
1378 1501 1560 1551 quisunt
1591 1500 1832 1553 superstites.

374 1559 542 1598 Primum
572 1567 700 1599 autem
733 1561 996 1601 Thucritidem
1026 1563 1116 1601 mihi
1149 1576 1260 1610 voca,
1279 1569 1320 1601 et
1344 1563 1624 1602 Charisiadem.
1682 1563 1831 1600 Horum

372 1623 473 1660 enim
505 1629 615 1674 pater
635 1624 845 1672 Charisius,
865 1626 983 1664 frater
1016 1625 1089 1663 fuit
1117 1625 1177 1664 avi
1205 1625 1280 1663 mei
1300 1625 1551 1673 Thucritidae,
1570 1631 1610 1663 et
1634 1624 1831 1676 Lysaretae

371 1683 467 1721 aviae
487 1697 596 1731 meae,
617 1692 656 1723 et
675 1693 834 1737 patruus
854 1686 973 1737 patris
994 1686 1090 1724 mei:
1123 1699 1292 1725 sororem
1307 1685 1410 1725 enim
1428 1686 1593 1725 duxerat
1611 1699 1706 1724 avus
1721 1698 1831 1727 meus

370 1758 447 1784 non
469 1748 668 1786 uterinam.
729 1748 881 1787 Deinde
917 1749 1134 1787 Niciadem.
1194 1749 1296 1786 Nam
1324 1749 1407 1800 ejus
1438 1762 1591 1800 quoque
1618 1755 1729 1801 pater
1755 1747 1830 1800 Ly-

373 1808 500 1847 sanias
532 1809 647 1847 frater
679 1810 751 1848 fuit
782 1810 1022 1849 Thucritidae
1042 1817 1082 1849 et
1111 1810 1322 1862 Lysaretae,
1342 1817 1382 1848 et
1407 1812 1527 1862 patris
1552 1810 1628 1850 mei
1658 1817 1830 1862 patruus.

370 1869 467 1909 Post
499 1872 777 1911 Nicostratum.
837 1873 938 1911 Nam
968 1873 1050 1924 ejus
1085 1885 1240 1923 quoque
1271 1879 1381 1924 pater
1410 1871 1607 1920 Niciades,
1632 1883 1754 1922 nepos
1780 1883 1829 1909 ex

368 1932 484 1972 fratre
505 1934 578 1972 fuit
595 1935 654 1973 avi
673 1935 748 1973 mei
773 1943 809 1973 et
830 1935 938 1981 aviae,
961 1942 1000 1973 et
1027 1934 1126 1985 patri
1155 1947 1242 1972 meo
1270 1934 1542 1974 consobrinus.
1598 1934 1707 1971 Voca
1734 1931 1829 1971 mihi

368 1993 439 2032 hos
459 2008 605 2035 omnes.
662 1996 719 2033 Tu
740 2009 830 2034 vero
851 1997 945 2035 siste
965 2008 1119 2047 aquam.

991 2155 1205 2193 TESTES.

368 2252 445 2294 Qui
463 2251 579 2303 igitur
599 2264 621 2290 a
640 2252 727 2291 viris
747 2252 845 2303 patri
865 2263 953 2289 meo
971 2251 1128 2302 cognati
1147 2250 1316 2295 fuerunt,
1336 2261 1403 2288 eos
1421 2249 1636 2295 audivistis,
1657 2256 1697 2289 et
1714 2250 1824 2288 testi-

363 2313 524 2353 ficantes
545 2320 583 2352 et
600 2313 832 2366 dejerantes‚
851 2319 997 2364 patrem
1024 2325 1151 2351 meum
1178 2311 1436 2350 necessarium
1466 2311 1522 2350 eis
1548 2317 1588 2349 et
1615 2317 1826 2363 cognatum

363 2376 497 2422 fuisse,
527 2388 690 2426 quorum
718 2376 850 2426 utique
876 2387 990 2413 nemo
1023 2374 1061 2412 in
1093 2382 1306 2426 conspectu
1334 2386 1481 2420 eorum,
1511 2373 1576 2424 qui
1604 2372 1691 2412 falsi
1715 2373 1826 2412 testi-

364 2438 480 2477 monii
503 2437 536 2476 ei
556 2437 702 2476 conscii
722 2443 867 2483 essent,
888 2436 1048 2475 exitium
1069 2435 1140 2474 sibi
1168 2436 1400 2487 imprecatus
1419 2435 1621 2488 pejerabit.
1658 2435 1766 2487 Cape
1781 2441 1826 2474 et

360 2499 513 2538 illorum
532 2500 599 2552 qui
620 2500 718 2552 patri
737 2513 760 2538 a
778 2498 999 2537 mulieribus
1017 2498 1175 2548 cognati
1196 2504 1301 2543 sunt,
1320 2497 1553 2537 testimonia.

903 2657 1272 2698 TESTIMONIA.

357 2756 433 2801 Qui
467 2757 582 2809 igitur
608 2769 630 2795 e
659 2756 836 2808 cognatis
865 2753 939 2793 mei
967 2752 1104 2805 patris,
1123 2758 1202 2790 tam
1224 2764 1247 2788 a
1264 2751 1355 2789 viris
1383 2763 1499 2801 quam
1527 2763 1550 2788 a
1581 2748 1817 2797 mulieribus,

350 2820 576 2871 superstites
605 2824 710 2866 sunt,
741 2830 808 2857 eos
831 2815 1089 2856 testificantes
1123 2813 1337 2860 audivistis,
1364 2824 1454 2851 eum
1481 2811 1663 2865 utrinque
1690 2803 1817 2850 fuisse

349 2881 640 2928 Atheniensem,
665 2887 707 2919 et
743 2879 826 2918 sine
857 2876 1121 2918 controversia
1149 2878 1215 2926 jus
1252 2874 1435 2914 habuisse
1469 2873 1649 2914 civitatis.
1706 2873 1817 2912 Voce

349 2942 439 2981 mihi
460 2949 498 2981 et
516 2943 686 2983 curiales
708 2949 749 2981 et
767 2940 910 2980 deinde
929 2938 1106 2991 gentiles.
