1915 3356
674 192 901 231 CONTRA
933 190 1193 229 NEAERAM.
1583 193 1658 228 787

204 292 425 332 conditione
445 293 524 331 sint
541 306 618 344 qua
645 295 732 342 ista,
754 309 841 347 quae
862 295 993 333 multis
1023 301 1062 333 et
1084 295 1285 344 impudicis
1305 295 1430 333 modis
1449 308 1553 346 saepe
1573 308 1661 333 cum

186 354 333 392 -multis
356 355 493 392 eodem
512 355 574 393 die
589 368 669 393 rem
686 356 836 402 habuit,
855 362 899 393 ut
917 356 1123 404 unicuique
1143 355 1214 392 fuit
1240 355 1415 393 lubitum.
1458 356 1662 395 Existima-

202 414 289 452 bitis
305 422 449 461 autem,
463 428 587 466 neque
603 429 664 454 me
679 416 742 467 qui
763 415 901 461 dicam,
922 414 1219 466 Apollodorum,
1239 427 1365 464 neque
1383 417 1446 465 qui
1467 430 1507 454 se
1527 417 1662 455 defen-

200 476 308 522 dent,
323 478 464 528 quique
485 477 556 514 illis
574 478 929 528 patrocinabuntur,
949 489 1033 515 esse
1049 476 1174 519 cives:
1207 476 1277 513 sed
1297 476 1403 527 leges
1423 484 1463 515 et
1483 478 1661 517 Neaeram

201 539 251 576 de
270 539 499 588 facinoribus
521 540 620 577 inter
639 552 680 577 se
699 539 929 591 disceptare.
987 539 1086 576 Cum
1111 539 1149 576 in
1177 538 1424 577 accusatione
1443 541 1661 588 versamini,

200 600 308 651 leges
336 601 437 651 ipsas
466 600 611 647 audite,
629 614 697 652 per
716 614 812 651 quas
841 601 1060 654 respublica
1079 607 1138 638 est
1156 600 1373 644 incolumis,
1390 608 1428 638 et
1447 603 1660 641 secundum

199 675 296 712 quas
314 675 383 700 vos
402 662 726 713 pronunciaturos
740 663 913 714 jurastis,
946 663 1037 714 quid
1061 663 1238 711 jubeant,
1267 661 1359 712 quid
1387 662 1452 700 illa
1485 663 1662 702 violarit:

199 723 264 762 ubi
301 730 427 761 autem
452 723 501 761 ad
534 723 802 762 defensionem
835 733 1062 777 perventum
1095 725 1182 770 erit,
1218 724 1476 763 accusationis
1505 725 1663 763 firmatae

198 784 347 835 legibus
367 791 406 824 et
425 785 664 837 probationis
684 800 816 825 eorum
832 800 920 838 quae
937 787 1038 826 dicta
1055 794 1157 834 sunt,
1172 798 1381 833 memores,
1405 787 1564 838 solaque
1580 790 1662 836 ejus

195 846 294 885 facie
313 847 408 894 visa,
428 847 598 898 cogitate
616 847 828 896 duntaxat,
848 862 896 887 an
918 849 1058 888 Neaera
1076 862 1164 887 cum
1185 849 1248 895 sit,
1268 848 1361 886 talia
1379 848 1620 900 perpetrarit.

249 911 313 946 27.
351 909 456 947 Illud
493 916 634 956 autem,
670 910 942 957 Athenienses,
980 910 1248 949 recordatione
1285 901 1446 961 dignum
1485 917 1556 957 est,
1590 923 1660 948 vos

197 967 390 1018 Archiam,
419 985 505 1010 cum
536 972 758 1022 pontificem
789 980 934 1025 ageret,
958 973 1176 1011 convictum
1197 972 1232 1010 in
1261 972 1410 1023 judicio
1438 973 1659 1024 impietatiS,

196 1039 240 1070 ut
263 1033 328 1083 qui
353 1046 431 1071 non
458 1033 580 1084 patrio
601 1034 677 1073 ritu
696 1048 807 1073 sacra
834 1035 1005 1081 fecisset,
1033 1035 1253 1087 punivisse;
1282 1035 1344 1085 qui
1367 1041 1406 1072 et
1426 1033 1474 1071 de
1495 1034 1579 1072 aliis
1600 1036 1660 1072 re'-

195 1094 268 1132 bus
299 1101 359 1132 est
396 1102 617 1143 accusatus,
656 1102 696 1134 et
726 1096 884 1147 Sinopae
914 1090 1103 1134 meretrici
1128 1096 1322 1135 victimam
1354 1096 1576 1143 adducenti,
1609 1096 1659 1133 ad

194 1168 299 1193 aram
321 1156 555 1195 Eleusiniam
584 1166 778 1196 mactasse
803 1158 1009 1204 ferebatur,
1042 1172 1130 1196 cum
1159 1171 1237 1196 non
1258 1157 1374 1195 moris
1401 1164 1503 1196 esset
1522 1152 1570 1196 eo
1597 1157 1660 1196 die

193 1223 361 1255 mactare
377 1217 567 1263 victimas,
588 1232 711 1269 neque
731 1219 833 1257 illius
854 1220 1023 1258 mulieris
1049 1227 1151 1258 esset
1169 1219 1415 1265 sacrificium,
1446 1219 1514 1257 sed
1538 1219 1658 1257 sacri-

192 1278 332 1317 ficulae.
388 1279 514 1322 Quam
537 1279 653 1330 igitur
671 1279 845 1331 iniquum
875 1280 1004 1327 fuerit,
1026 1294 1112 1319 eum
1132 1287 1172 1319 et
1200 1294 1249 1319 ex
1284 1293 1426 1332 genere
1460 1279 1659 1331 Eumolpi-

193 1341 356 1397 darum,
371 1347 408 1379 et
435 1341 546 1379 claris
567 1347 692 1380 ortum
710 1342 919 1390 natalibus,
939 1350 978 1381 et
997 1343 1120 1381 civem
1141 1343 1434 1389 Atheniensem,
1454 1349 1660 1394 propterea

191 1403 296 1457 quod
316 1403 447 1455 legum
471 1404 668 1456 quippiam
702 1405 923 1457 neglexisse
949 1406 1165 1453 videbatur,
1186 1406 1340 1445 dedisse
1361 1419 1509 1457 poenas,
1531 1419 1658 1457 neque

191 1465 227 1503 ei
245 1465 306 1503 vel
331 1472 598 1516 cognatorum,
617 1467 676 1504 vel
709 1467 920 1506 amicorum
951 1468 1263 1520 deprecationem
1292 1468 1498 1519 profuisse,
1530 1481 1657 1519 neque

192 1532 274 1564 tum
305 1540 387 1572 sua,
407 1535 488 1565 tum
521 1527 706 1579 majorum
728 1537 885 1566 suo'rum
906 1529 1041 1568 merita
1064 1530 1104 1567 in
1133 1530 1428 1581 rempublicam,
1447 1543 1573 1580 neque
1594 1542 1659 1567 sa-

192 1588 354 1629 cerdotii
377 1589 647 1636 reverentiam,
667 1603 743 1641 quo
774 1591 914 1637 minus,
935 1605 1023 1629 cum
1051 1591 1263 1643 deliquisse
1284 1591 1390 1629 visus
1411 1598 1527 1636 esset,
1555 1591 1656 1628 mul-

191 1658 385 1689 ctaretur:
417 1651 596 1690 Neaeram
618 1659 763 1700 autern,
783 1666 869 1704 quae
890 1660 931 1691 et
949 1653 1117 1692 eundem
1142 1654 1256 1691 deum
1280 1653 1443 1699 violarit,
1473 1661 1511 1690 et
1532 1653 1658 1704 leges,

192 1725 264 1751 nec
283 1713 420 1764 ipsam,
439 1726 511 1750 nec
531 1713 613 1765 ejus
632 1714 748 1752 filiam
769 1715 894 1766 puniri
917 1729 939 1753 a
959 1715 1099 1754 vobis?

245 1776 310 1813 28.
340 1774 526 1826 Equidem
549 1775 664 1813 valde
684 1776 814 1823 miror,
833 1776 926 1827 quid
947 1777 996 1814 ad
1017 1790 1086 1815 vos
1116 1776 1254 1815 dicturi
1275 1777 1351 1814 sint
1371 1776 1410 1814 in
1431 1776 1655 1828 defensione

188 1837 294 1887 apud
314 1850 405 1875 vos:
436 1843 565 1875 utrum
586 1837 707 1875 civem
728 1851 813 1876 esse
836 1839 1016 1876 Neaeram
1037 1839 1165 1884 istam,
1187 1846 1224 1876 et
1252 1839 1404 1889 legibus
1436 1838 1544 1876 istius
1573 1851 1655 1877 ma-

189 1905 287 1936 trem
315 1899 506 1937 familias?
537 1900 615 1937 Sed
637 1906 821 1938 testatum
842 1908 914 1947 est,
945 1909 985 1938 et
1011 1901 1252 1939 meretricem
1285 1914 1380 1945 esse,
1402 1907 1441 1938 et
1472 1900 1655 1938 ancillam

187 1959 306 1998 fuisse
339 1960 546 1999 Nicaretae.
605 1961 659 1999 At
688 1975 765 2000 non
797 1975 881 2000 esse
915 1975 1073 2000 uxorem
1103 1975 1225 2007 suam,
1247 1962 1315 2000 sed
1341 1975 1412 2013 pro
1439 1963 1658 2000 concubina

187 2021 320 2060 haberi
346 2023 481 2061 domi?
511 2023 591 2061 Sed
611 2023 722 2062 istius
741 2023 913 2061 mulieris
939 2023 1060 2069 liberi,
1081 2031 1120 2060 et
1140 2023 1190 2061 ad
1219 2023 1382 2061 curiales
1403 2023 1614 2061 introducti
1635 2036 1658 2061 a

189 2084 404 2136 Stephano,
425 2092 465 2123 et
499 2084 578 2123 filia
614 2085 694 2123 viro
727 2085 961 2123 Atheniensi
988 2084 1152 2128 elocata‚
1188 2085 1394 2122 manifeste
1428 2085 1654 2131 ostendunt,

187 2158 271 2184 eam
292 2158 359 2197 pro
379 2159 498 2184 uxore
517 2145 663 2184 haberi.
722 2147 811 2184 Non
833 2153 964 2184 autem
987 2159 1075 2183 vera
1102 2159 1189 2184 esse
1223 2146 1383 2184 crimina
1405 2145 1458 2184 eis
1486 2146 1654 2197 objecta,

187 2214 227 2247 et
257 2208 562 2254 testificationes,
586 2222 656 2246 nec
682 2209 810 2260 insum
837 2208 1077 2259 Stephanum
1112 2207 1288 2253 arbitror,
1319 2221 1391 2246 nec
1421 2207 1536 2246 alium
1570 2209 1654 2259 ejus

187 2270 342 2308 nomine
364 2283 584 2322 quenquam
606 2270 813 2317 dicturum,
835 2277 902 2308 aut
920 2277 1179 2315 ostensurum,
1201 2270 1380 2307 Neaeram
1402 2283 1485 2308 esse
1506 2270 1627 2308 civem
1647 2283 1655 2308 :

187 2332 303 2371 audio
335 2339 465 2370 autem
495 2331 572 2370 tale
608 2332 802 2383 quippiam
835 2345 922 2370 eum
953 2332 1039 2369 loco
1072 2331 1305 2369 defensionis
1337 2331 1557 2377 allaturum,
1586 2331 1655 2369 ha-

185 2395 277 2433 bere
307 2407 348 2433 se
377 2406 461 2432 eam
489 2406 566 2431 non
591 2394 734 2440 uxoris,
756 2393 824 2432 sed
845 2394 1074 2432 concubinae
1096 2394 1197 2440 loco,
1216 2407 1288 2431 nec
1315 2393 1456 2431 liberos
1484 2406 1569 2431 esse
1605 2395 1655 2432 is-

185 2457 276 2505 tius,
306 2456 376 2496 sed
402 2469 450 2495 ex
476 2456 552 2494 alia
582 2456 742 2495 muliere
772 2456 869 2503 cive,
902 2469 1019 2507 quam
1049 2455 1155 2506 prius
1186 2455 1353 2499 duxerit,
1384 2463 1553 2506 cognata
1584 2469 1654 2493 sua

187 2525 403 2571 susceptos.
442 2518 639 2556 Adversus
670 2518 785 2569 igitur
809 2517 990 2556 orationis
1018 2517 1128 2556 istius
1160 2512 1520 2568 impudentiam,'et
1549 2529 1654 2554 com-

186 2588 358 2620 mentum
386 2581 635 2625 defensionis,
656 2588 694 2618 et
721 2594 788 2619 eos
818 2580 884 2632 qui
915 2580 1045 2618 dicere
1074 2593 1143 2631 pro
1174 2593 1221 2618 eo
1249 2579 1508 2617 testimonium
1530 2580 1653 2629 parati

189 2649 292 2691 sunt,
326 2643 597 2695 provocatione
621 2655 732 2693 aequa
759 2650 800 2681 et
830 2650 1014 2680 accurata
1042 2655 1128 2680 cum
1164 2655 1210 2679 eo
1234 2641 1432 2685 contendi,
1453 2654 1520 2691 per
1539 2654 1652 2690 quam

188 2719 257 2744 vos
284 2705 495 2757 simplicem
526 2704 729 2742 veritatem
757 2705 1064 2755 cognosceretis:
1098 2711 1139 2741 ut
1167 2703 1338 2741 traderet
1371 2702 1541 2746 ancillas,
1567 2716 1653 2753 quae

189 2775 268 2805 tum
289 2767 393 2819 apud
414 2767 592 2805 Neaeram
614 2766 781 2804 assiduae
805 2767 975 2810 fuerunt,
1006 2778 1094 2804 cum
1126 2759 1305 2815 Megaris*
1333 2764 1382 2802 ad
1412 2764 1651 2814 Stephanum

189 2830 307 2875 venit,
348 2828 547 2867 Thi-attam
577 2834 616 2867 et
642 2828 907 2871 Coccalinam‚
950 2836 989 2865 ct
1024 2841 1122 2878 quas
1152 2834 1287 2877 postea
1324 2825 1362 2863 in
1406 2825 1488 2875 ejus
1525 2827 1653 2863 matri-

191 2893 317 2930 monio
336 2891 586 2943 comparavit,
606 2891 825 2929 Xennidem
842 2898 881 2929 et
896 2890 1116 2935 Drosidem,
1132 2903 1219 2940 qum
1234 2889 1328 2927 satis
1347 2888 1488 2934 sciunt,
1502 2896 1540 2927 et
1557 2889 1650 2927 Pro-

190 2966 332 2992 xenum
363 2952 605 3000 defunctum,
633 2961 672 2991 et
693 2953 909 2992 Aristonem
940 2952 1252 3004 supe1·stitem,et
1272 2950 1538 2989 Antidoridem
1565 2965 1652 2989 cur-
