1981 3356
617 215 689 252 DE
727 215 873 253 DOTE
905 215 1186 253 MATERNA.
1557 218 1635 256 589

172 319 253 365 bat,
273 324 314 356 et
331 330 552 368 quanquam
572 318 609 356 in
629 317 734 355 aedes
754 330 803 354 ne
823 318 877 355 sic
897 318 1052 368 quidem
1072 319 1167 356 istos
1187 319 1359 370 recipere
1379 319 1636 371 dignabatur;

173 379 221 417 ad
253 379 417 418 curiales
444 386 571 417 tamen
603 378 849 417 introducere
868 385 1043 425 coactus,
1073 379 1195 417 istum'
1223 379 1402 417 Boeotum
1432 381 1638 432 inscripsit,

170 442 333 479 alterum
371 441 631 493 Pamphilum.
699 440 799 477 Mihi
828 454 920 478 vero
950 442 1079 478 statim
1114 442 1308 493 persuasit
1341 456 1462 480 annos
1488 443 1640 482 circiter
1683 468 1689 478 .

170 503 386 541 octodecim
407 511 498 542 nato
518 510 562 540 ut
581 501 771 553 Euphemi
793 502 910 540 filiam
930 503 1125 550 ducerem,
1146 503 1237 554 quia
1251 504 1392 542 liberos
1409 517 1429 542 e
1450 518 1510 543 me
1526 513 1638 544 natos

170 563 301 603 videre
339 565 532 616 cupiebat.
605 564 690 614 Ego
720 577 826 611 vero,
858 564 884 602 J
889 564 1035 610 udices,
1069 565 1296 604 existimans
1330 572 1508 617 oportere
1548 580 1637 605 cum

170 628 290 678 prius,
310 634 393 665 tum
414 640 503 665 vero
521 626 597 664 illis
617 640 705 665 eum
727 627 877 678 judicio
897 627 1131 665 vexantibus
1153 634 1192 666 et
1211 629 1411 680 negotium
1442 628 1638 667 facessen-

171 689 288 736 tibus,
308 702 369 727 me
389 697 523 727 contra
543 702 630 727 eum
652 689 881 735 exhilarare,
903 689 1096 727 faciendis
1118 691 1296 728 omnibus
1317 704 1406 741 quae
1426 698 1537 741 grata
1555 691 1636 729 fore

169 758 360 802 putaram,
381 750 656 802 obtemperavi.
713 751 812 788 Cum
833 764 923 789 vero
940 764 1015 802 ego
1032 765 1077 790 eo
1098 752 1214 790 modo
1234 752 1521 790 matrimonium
1539 765 1635 790 con-

168 815 385 859 traxissem,
404 813 469 851 ille
489 814 571 851 visa
591 813 711 852 filiola
730 826 816 851 mea
845 827 923 852 non
945 814 1077 852 multis
1100 816 1211 853 annis
1230 822 1321 866 post
1341 828 1387 852 ex
1409 815 1634 854 valetudine

167 868 340 914 moritur.
399 876 483 927 Ego
503 882 648 927 autem,
669 875 843 922 Judices,
864 888 936 913 nec
962 875 1105 914 viventi
1124 876 1225 927 patri
1245 876 1530 914 adversandum
1549 890 1636 915 esse

165 945 272 976 ratus
292 951 401 982 sum;
431 951 554 989 eoque
583 945 749 985 mortuo,
769 951 835 976 eos
860 944 899 976 et
927 938 965 975 in
995 938 1100 976 aedes
1120 939 1263 989 recepi,
1285 947 1325 976 et
1352 951 1488 976 omnes
1513 938 1636 977 facul-

167 1007 267 1039 tates
294 1013 383 1038 cum
417 1000 473 1037 eis
499 1001 663 1050 partitus
691 1013 790 1046 sum,
811 1013 888 1038 non
919 1007 962 1038 ut
987 1013 1075 1038 cum
1110 1001 1441 1039 fratribus—nam
1468 1013 1540 1038 nee
1569 1014 1637 1039 ve-

168 1069 289 1101 strum
320 1062 522 1113 plerosque
551 1061 646 1100 latet
667 1074 744 1112 quo
771 1069 886 1113 pacto
917 1062 979 1100 isti
1005 1060 1085 1100 nati
1113 1063 1256 1108 sint—,
1278 1062 1349 1100 sed
1372 1061 1477 1112 quod
1506 1061 1636 1100 existi-

167 1123 335 1169 mabam,
365 1130 573 1174 postquam
599 1130 710 1174 pater
739 1123 928 1175 deceptus
955 1131 1074 1173 esset,
1093 1124 1185 1162 mihi
1212 1124 1353 1162 vestris
1374 1137 1461 1162 esse
1482 1123 1635 1175 legibus

166 1184 525 1236 obtemperandum.
571 1184 636 1223 Sic
654 1185 689 1222 in
710 1186 816 1223 aedes
835 1199 858 1224 a
877 1197 939 1223 me
955 1185 1116 1237 recepti,
1137 1192 1179 1224 ut
1196 1186 1470 1236 patrimonium
1491 1186 1638 1224 divide-

164 1247 319 1293 bamus,
338 1247 562 1298 postulante
581 1259 642 1284 me
671 1254 714 1284 ut
740 1247 873 1285 matris
898 1260 996 1285 meae
1026 1247 1098 1285 dos
1130 1246 1223 1284 mihi
1252 1247 1489 1292 redderetur,
1507 1254 1546 1285 et
1563 1248 1636 1298 ipsi

164 1308 335 1347 vicissim
354 1309 607 1355 accusabant,
628 1315 847 1346 asserentes
879 1315 919 1347 et
950 1322 1031 1348 suae
1055 1309 1166 1347 matri
1188 1309 1419 1346 tantundem
1443 1309 1545 1346 dotis
1567 1310 1636 1347 de-

165 1371 272 1410 beri:
303 1379 437 1409 sumus
460 1377 588 1408 autem
609 1370 658 1409 de
685 1383 816 1409 eorum
846 1371 1040 1409 sententia
1064 1371 1131 1422 qui
1160 1371 1273 1409 nobis
1297 1371 1473 1417 aderant,
1495 1379 1638 1410 caetera

165 1433 323 1484 quidem
356 1433 487 1471 omnia
513 1433 657 1485 partiti,
686 1434 793 1471 aedes
823 1441 955 1472 autem
976 1442 1015 1472 et
1042 1447 1183 1485 pueros
1203 1433 1323 1487 patris
1345 1435 1540 1473 ministros
1570 1449 1636 1473 ex-

164 1502 315 1547 emptos
332 1496 512 1541 fecimus,
534 1502 576 1534 ut
594 1510 641 1534 ex
662 1496 825 1542 aedibuS,
842 1496 936 1534 utris
958 1496 1089 1534 deberi
1105 1496 1237 1535 dotem
1254 1502 1499 1548 compertum
1520 1504 1637 1544 esset,

164 1557 189 1595 ii
209 1571 294 1596 eam
316 1558 542 1610 reciperent,
564 1558 612 1597 de
634 1558 763 1610 pueris
783 1566 914 1596 autem
936 1558 1225 1605 communibus,
1248 1559 1280 1596 si
1301 1559 1395 1609 quid
1423 1559 1486 1597 isti
1509 1566 1637 1610 pater-

164 1633 303 1658 narum
322 1620 554 1659 facultatum
578 1620 857 1666 desiderarent,
879 1621 1183 1667 sciscitarentur,
1204 1626 1244 1659 et
1262 1620 1498 1670 quaestiones
1519 1621 1637 1659 habe-

166 1689 267 1728 rent,
286 1689 324 1720 et
345 1682 419 1720 alio
439 1681 573 1732 quovis
594 1681 709 1720 modo
729 1682 978 1732 inquirerent.
1038 1683 1138 1726 Quae
1161 1694 1224 1720 me
1243 1695 1331 1720 vere
1351 1683 1493 1730 dicere,
1510 1696 1557 1721 ex
1578 1682 1636 1721 his

166 1744 393 1782 testimoniis
411 1743 649 1795 intelligetis.

714 1889 1071 1928 TESTIMONIA.

165 1983 264 2021 Post
281 1983 368 2022 haec
387 1991 427 2022 et
453 1983 516 2022 isti
544 1998 606 2022 me
637 1983 676 2021 in
703 1984 770 2036 jus
790 1985 986 2022 vocabant
1013 1990 1170 2036 propter
1198 1997 1244 2022 ea
1265 1998 1353 2036 quae
1382 1986 1578 2036 petebant,
1599 1995 1638 2026 et

165 2059 239 2097 ego
260 2046 420 2084 eosdem
439 2053 598 2098 propter
619 2046 764 2084 dotem.
816 2047 876 2084 Ac
896 2047 1077 2098 primurn,
1101 2047 1246 2085 Solone
1264 2047 1473 2086 Erchiense
1494 2050 1636 2088 arbitro

165 2108 384 2159 designato,
404 2108 440 2147 ei
470 2115 704 2160 potestatem
725 2109 887 2146 fecimus
907 2116 1063 2146 mutuas
1086 2108 1171 2146 lites
1192 2117 1344 2147 nostras
1363 2109 1634 2160 disceptandi:

164 2177 209 2210 ut
227 2178 355 2209 autem
373 2171 435 2209 isti
451 2184 492 2208 se
511 2184 590 2208 non
611 2171 813 2216 sistebant,
830 2170 1101 2222 sedjudicium
1122 2171 1406 2216 detrectabant,
1420 2178 1459 2209 et
1471 2172 1635 2210 multum

164 2234 351 2285 temporis
385 2234 673 2279 conterebatur,
706 2233 846 2271 accidit
879 2240 920 2270 ut
953 2233 1074 2270 Solon
1108 2240 1354 2277 moreretur3
1396 2233 1445 2270 ibi
1472 2248 1534 2272 me
1572 2235 1635 2273 isti

164 2307 298 2332 rursus
319 2294 367 2332 de
381 2294 531 2344 integro
553 2293 588 2331 in
604 2293 669 2345 jus
689 2301 846 2341 vocant,
867 2307 940 2345 ego
963 2295 1054 2331 itcm
1076 2294 1207 2340 istum,
1236 2295 1355 2332 citato
1376 2308 1422 2332 eo
1441 2303 1481 2333 et
1510 2296 1636 2335 Boeoti

164 2356 320 2403 nomine
350 2355 389 2393 in
419 2356 610 2394 actionem
644 2355 852 2406 inscript03
905 2356 960 2393 sic
995 2357 1096 2393 cnim
1129 2364 1239 2407 pater
1278 2369 1366 2394 eum
1405 2358 1635 2396 nominarat.

166 2419 318 2464 Quibus
338 2419 454 2470 igitur
475 2418 523 2456 de
542 2419 657 2456 rebus
677 2418 741 2456 isti
758 2432 817 2456 me
838 2420 1091 2465 accusabant,
1108 2427 1303 2471 praesente
1323 2420 1398 2457 isto
1420 2427 1458 2458 et
1475 2434 1635 2472 respou-

165 2481 296 2527 dente,
330 2494 419 2519 cum
447 2479 539 2517 nihil
569 2493 701 2518 eorum
731 2494 819 2531 quae
841 2481 1078 2519 accusabant
1097 2482 1261 2532 probare
1288 2489 1438 2532 posset,
1468 2483 1636 2520 absolvit

164 2542 393 2585 mearbiter.
439 2542 539 2580 Tum
556 2542 627 2580 iste
643 2542 826 2581 conscius
849 2556 889 2581 se
909 2542 1002 2580 mihi
1017 2556 1083 2593 per
1099 2542 1277 2594 injuriam
1298 2543 1498 2581 intendere
1514 2543 1634 2590 litem,

164 2617 293 2656 neque
318 2604 367 2643 ad
392 2604 546 2657 judices
577 2604 803 2656 appellavit,
825 2617 950 2655 neque
977 2605 1188 2642 etiamnum
1219 2605 1264 2642 iis
1298 2605 1345 2642 de
1377 2605 1490 2642 rebus
1511 2605 1634 2643 ullum

158 2667 348 2716 judicium
363 2666 456 2704 mihi
477 2667 650 2713 dictavit,
672 2667 741 2705 sed
761 2667 807 2705 de
824 2667 908 2705 aliis
930 2666 1188 2717 quibusdam:
1218 2666 1475 2704 refutaturum
1497 2672 1537 2703 se
1557 2667 1633 2705 illis

165 2729 386 2768 criminibus
404 2729 442 2767 id
457 2729 645 2781 judicium
665 2729 905 2775 existimans,
925 2742 1002 2780 quo
1022 2741 1095 2780 ego
1115 2735 1197 2766 tum
1225 2741 1314 2766 eum
1336 2729 1383 2766 de
1406 2729 1497 2766 dote
1518 2742 1634 2767 accu-

167 2791 313 2828 sabam.
371 2791 469 2828 Cum
490 2803 580 2829 vero
608 2792 680 2829 iste
701 2790 764 2828 bic
784 2798 890 2829 esset
915 2798 954 2828 et
982 2790 1030 2828 ad
1054 2790 1251 2827 arbitrium
1284 2803 1360 2827 non
1386 2790 1546 2836 veniret,
1566 2793 1634 2829 ab·

166 2865 256 2890 sens
288 2852 353 2891 ille
382 2852 538 2904 quidem
571 2853 867 2891 condemnatur.
941 2852 1151 2897 Caeterum,
1184 2852 1360 2897 judices,
1394 2864 1520 2902 neque
1553 2860 1633 2890 tum

166 2926 297 2953 coram
325 2914 549 2965 respondet,
568 2922 608 2959 et
637 2928 678 2953 se
710 2915 841 2952 arbitri
875 2914 1070 2953 sententia
1102 2926 1171 2964 per
1201 2924 1262 2950 me
1290 2913 1515 2965 damnatum
1548 2928 1634 2953 csse

168 2981 307 3025 negat3
339 2987 463 3025 neque
484 2974 585 3013 enim
608 2975 678 3013 sibi
698 2974 852 3021 Boeoto,
874 2975 943 3012 sed
966 2974 1185 3012 Mantitheo
1206 2987 1291 3012 esse
1313 2988 1472 3012 nomen:
1507 2975 1635 3027 itaque
