1948 3306
291 158 342 196 96
750 160 807 197 IN
839 160 1286 199 CTESIPHONTEM.

289 260 409 311 Atqui
435 261 467 299 is
492 273 616 313 nuper
637 274 755 301 ausus
775 272 836 302 est
867 265 1008 312 dicere,
1030 264 1252 317 Philippum
1272 264 1414 303 idcirco
1433 265 1471 303 in
1497 271 1669 304 nostram
1696 276 1754 304 re-

287 322 445 372 gionem
464 335 543 360 non
563 324 767 372 invasisse,
789 326 894 376 quod
916 339 1027 364 sacra
1056 326 1090 364 ei
1119 326 1225 364 haud
1246 326 1376 377 pulcre
1406 325 1629 365 cessissent.
1664 327 1756 369 Quo

287 384 402 435 igitur
421 385 611 436 supplicio
631 386 772 438 dignus
794 401 849 433 es,
870 401 892 425 o
914 387 1077 426 Graeciae
1097 388 1257 426 clades?
1292 388 1332 425 Si
1351 388 1452 425 enim
1471 388 1552 439 ipse
1578 389 1698 426 victor
1717 388 1754 425 in

288 460 421 486 eorum
444 450 507 500 qui
529 450 619 488 victi
650 458 761 489 erant
790 453 885 489 fines
919 465 996 489 non
1024 453 1175 499 invasit,
1196 451 1300 503 quod
1321 465 1430 490 sacra
1458 451 1493 489 ei
1522 464 1599 489 non
1620 452 1756 502 pulcre

288 510 513 558 cessissent,
533 519 575 549 tu
592 520 721 550 autem
737 514 894 551 nescius
915 514 1009 563 quid
1028 522 1133 552 esset
1153 515 1310 553 omnino
1325 514 1511 558 futurum,
1531 513 1758 565 priusquam

288 571 442 610 litasses
469 573 609 611 milites
640 575 814 620 emisisti,
837 583 965 612 utrum
986 576 1157 626 oportuit
1183 584 1221 615 te
1252 583 1410 628 propter
1435 575 1569 614 clades
1589 574 1756 613 civitatis

289 647 435 672 corona
454 635 605 680 donari,
628 649 677 673 an
698 637 782 687 ejici
800 644 916 686 atque
936 638 1212 675 exterminari?

340 698 406 733 43.
442 696 543 734 Nam
581 697 674 748 quid
711 698 910 748 insperati,
947 699 1041 749 quid
1070 700 1327 750 inexspectati
1356 707 1489 738 nostra
1524 705 1640 737 aetate
1676 711 1755 736 non

288 758 418 795 evenit
434 761 441 794 !
478 758 567 795 Non
586 758 688 795 enim
707 759 823 796 vitam
846 773 917 797 nos
936 760 1147 798 humanam
1164 761 1345 807 viximus,
1366 762 1435 799 sed
1456 767 1500 798 ut
1515 759 1759 798 incredibilia

289 819 338 857 de
360 820 469 856 nobis
490 819 698 869 loquantur
726 821 872 871 posteri
900 822 939 858 in
960 821 1086 860 lucem
1107 822 1200 860 editi
1229 836 1378 860 sumus.
1429 822 1522 860 Non
1551 822 1758 860 Persarum

287 895 366 925 rex,
401 880 466 930 qui
489 880 646 918 Athona
668 881 833 931 perfodit
866 882 1245 934 Hellespontumque
1271 885 1414 932 junxit,
1446 885 1513 935 qui
1548 890 1690 921 terram
1720 889 1759 920 et

290 956 430 994 aquarn
451 943 611 981 Graecos
633 944 859 994 postulavit,
881 944 946 995 qui
963 958 1004 982 se
1024 945 1062 981 in
1083 945 1202 982 literis
1223 959 1338 983 ausus
1358 952 1419 983 est
1436 945 1655 983 mortalium
1677 957 1759 981 om-

289 1005 393 1042 nium
416 1006 464 1042 ab
486 1012 572 1042 ortu
591 1005 682 1042 solis
705 1019 828 1057 usque
849 1006 898 1043 ad
920 1019 1103 1044 occasum
1123 1006 1321 1044 dominum
1343 1006 1552 1057 appellare,
1569 1006 1652 1057 jam
1681 1018 1758 1043 non

291 1067 340 1104 de
357 1066 556 1104 dominatu
574 1067 611 1104 in
628 1067 738 1113 alios,
755 1068 824 1105 sed
839 1068 887 1106 de
904 1068 960 1105 sui
975 1068 1145 1119 corporis
1166 1069 1292 1106 salute
1312 1068 1500 1107 dimicat?
1531 1069 1584 1106 At
1599 1067 1758 1106 eosdem

287 1129 482 1166 cernimus
505 1135 544 1166 et
568 1128 642 1166 hac
664 1129 786 1179 gloria
806 1137 844 1167 et
868 1130 960 1168 belli
987 1131 1172 1169 adversus
1194 1131 1356 1169 Persam
1381 1130 1601 1183 principatu
1621 1129 1759 1181 digna-

287 1197 363 1235 tos,
386 1190 451 1241 qui
471 1191 657 1242 templum
681 1191 1161 1242 Delphicumliberarunt.
1190 1193 1336 1231 Thebae
1356 1206 1459 1238 vero,
1487 1193 1646 1237 Thebae,
1668 1192 1759 1230 urbs

288 1253 428 1300 vicina,
451 1266 530 1291 uno
561 1253 623 1290 die
654 1267 700 1291 ex
728 1254 856 1292 media
876 1255 1031 1294 Graecia
1050 1255 1225 1294 funditus
1245 1256 1408 1306 abrepta
1426 1261 1498 1302 est,
1519 1268 1564 1293 ac
1585 1254 1624 1293 ni
1646 1253 1760 1292 fallor

280 1315 382 1366 jure,
402 1316 545 1366 quippe
564 1329 652 1366 quae
674 1316 822 1353 nullum
843 1325 992 1354 rectum
1014 1317 1216 1355 consilium
1241 1318 1290 1355 de
1313 1330 1466 1355 summa
1485 1329 1612 1354 rerum
1633 1317 1757 1367 agita-

286 1384 408 1422 verat,
444 1384 711 1415 verumtamen
732 1390 810 1414 non
844 1378 1011 1415 humane
1043 1379 1112 1416 sed
1145 1378 1275 1416 divino
1311 1378 1482 1429 quodam
1515 1377 1686 1428 impulsu
1719 1377 1758 1414 in

287 1439 391 1476 hanc
411 1439 629 1478 fatuitatem
651 1446 691 1476 et
720 1440 928 1477 amentiam
949 1441 1077 1478 fuerat
1104 1447 1294 1491 protrusa.
1352 1440 1442 1477 Jam
1476 1438 1762 1477 Lacedaemonii

289 1500 506 1547 miserrimi,
545 1501 608 1551 qui
649 1501 782 1538 leviter
812 1508 962 1539 tantum
995 1509 1034 1539 et
1066 1502 1172 1539 initio
1200 1502 1313 1539 rebus
1345 1501 1419 1538 illis
1453 1514 1542 1538 cum
1570 1500 1759 1551 templum

287 1562 519 1613 diriperetur
539 1575 581 1599 se
601 1562 905 1608 immiscuerant,
922 1563 987 1613 qui
1009 1563 1079 1600 sibi
1097 1562 1263 1600 Graeciae
1280 1562 1543 1613 principatum
1562 1561 1759 1612 quondam

287 1625 534 1673 arrogabant,
556 1637 661 1661 nunc
693 1629 737 1660 ut
758 1624 1017 1660 Macedonibus
1035 1624 1131 1661 dent
1158 1623 1312 1661 obsides
1342 1636 1499 1673 suaeque
1528 1622 1760 1660 calamitatis

285 1685 470 1722 indicium
489 1684 597 1722 haud
629 1685 839 1722 obscurum
871 1685 990 1723 edant
1023 1685 1072 1722 ad
1107 1685 1373 1722 Alexandrum
1402 1683 1639 1734 legationem
1670 1690 1762 1722 sunt

286 1748 451 1793 missuri,
473 1761 609 1798 poenas
630 1747 703 1798 ipsi
736 1761 824 1784 cum
847 1761 918 1785 sua
938 1748 1076 1798 patria,
1106 1760 1361 1798 quascunque
1394 1747 1447 1784 illi
1479 1742 1603 1784 visum
1634 1747 1760 1794 fuerit,

286 1810 428 1855 daturi,
449 1810 618 1861 denique
639 1816 678 1847 et
696 1809 851 1847 victoris
873 1817 911 1848 et
930 1810 1068 1862 injuria
1087 1809 1422 1861 lacessitijudicio
1443 1816 1482 1847 et
1505 1808 1759 1847 moderationi

287 1886 374 1910 sese
390 1873 579 1911 tradituri.
612 1872 760 1910 Civitas
780 1885 870 1909 vero
890 1878 1027 1917 nostra,
1049 1885 1256 1910 commune
1277 1872 1506 1909 Graecorum
1525 1871 1760 1922 perfugium,

286 1935 336 1972 ad
356 1947 472 1984 quam
493 1934 707 1983 legationes
730 1934 820 1971 olim
841 1947 888 1971 ex
903 1934 1065 1984 singulis
1084 1934 1249 1972 Graeciae
1268 1933 1488 1971 civitatibus
1502 1933 1759 1979 ventitabant,

286 1996 452 2034 salutem
487 2009 623 2034 omnes
654 2010 677 2034 a
716 1996 825 2033 vobis
871 2003 1079 2046 paraturae,
1111 1999 1193 2044 jam
1223 2009 1300 2033 non
1331 1996 1380 2033 de
1421 1994 1648 2033 Graecorum
1688 1994 1759 2032 im-

284 2058 392 2108 perio
413 2058 587 2103 dimicat,
610 2058 679 2096 sed
701 2058 749 2095 de
769 2057 894 2108 patrio
913 2057 1035 2108 ipsius
1055 2057 1151 2095 solo.
1202 2057 1253 2094 Et
1271 2056 1356 2095 haee
1378 2056 1509 2094 omnia
1529 2056 1640 2094 nobis
1661 2055 1760 2094 acci-

288 2120 429 2158 derunt
459 2120 574 2165 mala,
610 2133 656 2158 ex
684 2133 761 2171 quo
792 2119 1082 2157 Demosthenes
1113 2119 1162 2157 ad
1193 2132 1316 2170 remp.
1349 2119 1526 2157 accessit.
1568 2118 1760 2157 Praeclare

286 2195 379 2220 sane
400 2181 448 2219 de
467 2181 690 2233 hujusmodi
711 2182 801 2220 viris
835 2181 976 2226 cecinit
1002 2188 1120 2233 poeta
1148 2180 1362 2220 Hesiodus.
1395 2180 1506 2218 Dicit
1536 2180 1640 2218 enim
1666 2180 1757 2217 alic-

285 2244 365 2289 ubi,
386 2244 550 2295 populos
585 2244 778 2291 erudiens,
811 2250 850 2282 et
882 2244 1100 2282 civitatibus
1131 2243 1340 2282 consulens
1367 2256 1418 2281 ne
1445 2243 1641 2293 improbos
1672 2254 1758 2280 ora-

285 2313 388 2344 tores
416 2305 789 2357 admittant-—atqui
809 2307 981 2344 carmina
1000 2306 1085 2357 ipsa
1104 2306 1214 2344 vobis
1241 2305 1425 2344 recitabo.
1466 2305 1511 2342 In
1531 2304 1633 2342 hunc
1654 2303 1758 2341 enirn

285 2369 401 2405 finem
415 2368 576 2405 arbitror
595 2381 666 2405 nos
682 2369 774 2405 dum
795 2368 902 2419 pueri
923 2382 1057 2406 sumus
1074 2374 1276 2420 poetarum
1292 2366 1505 2406 sententias
1522 2365 1758 2418 perdiscere,

286 2436 328 2468 ut
347 2430 391 2469 iis
412 2437 527 2469 aetate
541 2431 624 2482 jam
645 2431 781 2469 adulta
799 2438 964 2469 utamur.

592 2527 681 2565 Saepe
700 2525 757 2556 viri
775 2537 847 2566 gens
865 2530 928 2555 tota
944 2526 1002 2556 luit
1019 2527 1120 2556 scelus
1137 2527 1230 2556 unius
1245 2530 1340 2562 atrox,

590 2580 726 2608 Demens
744 2578 794 2617 qui
809 2582 931 2617 peccat,
947 2578 999 2617 qui
1014 2589 1061 2607 res
1080 2579 1206 2608 molitur
1221 2578 1353 2617 iniquas-

588 2630 713 2668 Jupiter
728 2630 784 2658 hos
800 2634 906 2658 contra
923 2639 1041 2658 summo
1057 2629 1194 2658 demittit
1211 2628 1347 2668 Olympo

591 2681 691 2710 Omne
707 2680 781 2710 mali
798 2691 892 2720 genus
906 2680 1005 2715 exitii,
1022 2685 1202 2719 pestemque
1218 2680 1405 2718 famemque:

588 2731 649 2762 Vel
662 2732 760 2761 aciem
772 2732 933 2762 immanem
948 2732 1086 2771 perimit,
1104 2731 1153 2760 vel
1171 2731 1282 2760 moeuia
1298 2730 1418 2766 sternit,

586 2784 647 2814 Vel
663 2784 780 2824 rapidis
793 2795 889 2814 naves
901 2785 1033 2823 jactatas
1051 2783 1154 2813 obruit
1168 2782 1269 2812 undis.

288 2861 404 2904 Quod
430 2861 462 2899 si
491 2860 676 2899 detractis
697 2861 868 2911 undique
901 2866 1026 2911 poetae
1056 2858 1240 2904 numeris,
1261 2858 1473 2896 sententias
1491 2858 1755 2909 perpendatis,

284 2929 379 2973 puto
399 2922 508 2961 vobis
529 2935 606 2960 non
636 2922 799 2960 Hesiodi
828 2934 998 2968 carmen,
1028 2921 1096 2958 sed
1127 2919 1327 2958 oraculum
1350 2919 1398 2958 de
1426 2919 1582 2971 publica
1611 2919 1754 2957 Demo-
