1915 3356
552 200 844 240 ADVERSUS
876 202 1214 241 EUBULIDEM.
1515 205 1594 240 745

751 347 960 384 TESTES.

134 433 244 484 Cape
263 439 303 471 et
321 435 554 487 municipum
573 438 803 485 testimonia,
824 447 863 478 et
881 447 1134 492 cognatorum
1155 443 1222 482 illa
1242 445 1289 483 de
1308 446 1532 493 curialibus,
1552 451 1593 483 ut

134 502 286 534 constet
303 509 369 535 eos
389 497 553 549 elegisse
574 513 635 538 me
657 501 773 539 curiae
793 501 1017 553 principem.

679 620 1041 661 TESTIMONIA.

186 713 223 748 7.
254 712 352 755 Quae
384 712 500 763 igitur
530 720 569 752 ct
600 716 757 766 cognati
782 722 822 754 et
850 717 1016 756 curiales
1040 725 1079 756 et
1105 720 1331 772 municipeS,
1355 728 1395 759 et
1415 721 1593 772 gentiles,

129 785 291 823 quorum
313 773 352 811 id
371 775 541 813 officium
560 784 630 822 est,
655 778 845 816 testificati
879 786 983 826 sunt,
1013 780 1199 825 audist·is;
1232 782 1335 820 unde
1356 783 1464 820 vobis
1495 782 1593 820 scire

128 834 234 881 licet,
255 835 398 874 civisne
419 850 467 874 an
495 838 721 889 peregrinus
752 839 867 877 fuerit
892 840 937 886 is,
957 841 1066 893 cujus
1093 856 1140 880 ea
1166 845 1335 882 conditio
1366 844 1493 882 fuerit.
1552 844 1594 881 Si

129 896 231 934 enim
247 898 297 936 ad
316 912 435 936 unum
454 899 648 938 hominem
670 908 786 952 atque
803 901 967 940 alterum
987 904 1300 955 confugeremus,
1323 907 1492 958 suspicio
1509 919 1593 944 esse

127 968 274 1010 posset,
306 973 374 999 eos
399 974 422 999 a
453 962 563 1000 nobis
595 975 682 1001 esse
716 964 974 1004 subornatos:
1005 966 1076 1003 sed
1103 980 1190 1005 cum
1218 968 1323 1019 apud
1353 982 1486 1006 omnes
1509 981 1592 1014 eos,

128 1021 233 1072 apud
263 1036 361 1074 quos
392 1030 432 1062 et
459 1030 627 1062 vestrum
659 1025 924 1077 unusquisque
959 1029 1146 1079 probatus
1179 1029 1264 1077 fuit,
1285 1038 1324 1068 et
1355 1038 1466 1082 pater
1498 1031 1591 1068 dum

128 1082 234 1132 vixit,
250 1091 289 1123 et
304 1098 378 1136 ego
393 1085 458 1136 qui
479 1100 582 1125 nunc
598 1089 713 1125 verba
728 1088 840 1132 facio,
859 1089 1009 1139 probati
1024 1104 1172 1137 sumus,
1189 1092 1294 1143 apud
1308 1092 1487 1140 curiales,
1499 1105 1592 1144 cog·-

128 1152 255 1194 natos,
281 1148 508 1200 municipes,
537 1149 717 1200 gentiles,
746 1150 879 1190 fierine
908 1151 989 1190 ullo
1020 1154 1134 1192 modo
1164 1162 1306 1205 potest,
1335 1162 1379 1193 ut
1410 1156 1434 1192 ii
1457 1168 1590 1194 omnes

127 1208 335 1247 mendaces
357 1216 396 1247 et
417 1211 617 1249 subornati
639 1212 743 1249 sint?
758 1204 890 1256 *Quod
925 1214 956 1251 si
985 1214 1158 1266 locuples
1180 1216 1316 1256 fuisset
1334 1224 1457 1268 pater,
1473 1225 1591 1269 atque

125 1269 184 1307 his
213 1271 380 1322 pecunia
413 1271 506 1310 data
537 1273 809 1324 persuasisset,
831 1281 874 1313 ut
899 1289 940 1313 se
969 1284 1159 1328 cognatos
1185 1279 1266 1330 ejus
1287 1293 1374 1318 esse
1404 1280 1590 1326 dicerent,

124 1344 201 1370 non
222 1333 390 1372 absurda
404 1334 573 1386 suspicio
589 1335 740 1383 fuisset,
754 1350 840 1375 eum
860 1350 940 1376 non
960 1352 1047 1376 esse
1067 1340 1207 1379 civem:
1228 1342 1286 1379 sin
1307 1342 1477 1380 simulet
1494 1355 1591 1394 pau-

124 1406 193 1445 per
211 1393 297 1440 fuit,
317 1401 358 1433 et
375 1409 442 1434 eos
461 1396 634 1435 exhibuit
659 1399 771 1436 simul
798 1405 837 1437 et
862 1407 1065 1451 cognatos,
1086 1409 1122 1440 et
1145 1402 1193 1440 de
1216 1416 1285 1441 suo
1312 1403 1589 1456 impertientes,

125 1471 174 1496 an
196 1472 274 1496 non
293 1459 451 1499 evidens
472 1468 544 1507 est,
565 1475 653 1499 eum
674 1476 807 1501 revera
826 1471 1036 1515 cognatum
1058 1467 1111 1504 eis
1135 1467 1287 1506 fuisse?
1319 1469 1457 1520 Neque
1486 1469 1588 1507 enim

123 1520 315 1570 profecto,
336 1521 368 1559 si
388 1522 530 1559 nemini
552 1526 784 1572 conjunctus
810 1525 959 1572 fuisset,
981 1526 1044 1565 isti
1071 1528 1225 1580 adjecta
1243 1530 1409 1581 pecunia
1436 1543 1524 1568 eum
1551 1531 1588 1568 in

124 1582 306 1620 familiam
326 1583 584 1634 recepissent3
614 1585 683 1623 sed
702 1585 787 1631 fuit,
811 1594 853 1625 ut
872 1595 910 1626 et
929 1589 1014 1639 ipsa
1034 1603 1094 1628 res
1115 1591 1305 1641 probavit,
1325 1598 1364 1630 et
1383 1598 1500 1631 testes
1521 1605 1588 1630 vo-

124 1644 183 1682 bis
203 1645 457 1683 affirmarunt.

178 1708 216 1744 8.
246 1706 441 1746 Praeterea
469 1709 718 1760 magistratus
749 1712 865 1751 etiam
897 1713 1054 1753 sortitus
1077 1721 1147 1762 est,
1173 1722 1212 1754 et
1244 1717 1493 1767 approbatus,
1522 1729 1588 1755 eos

125 1768 256 1820 gessit.
313 1770 421 1822 Cape
441 1771 718 1811 testimonium.

648 1894 1052 1936 TESTIMONIUM.

124 1975 223 2020 Quis
242 1989 335 2015 vero
356 1985 526 2017 vestrum
545 1979 739 2020 existimet
767 1984 1019 2034 permissuros
1050 1985 1170 2025 fuisse
1201 1987 1429 2039 municipes,
1451 1994 1492 2027 ut
1521 1989 1586 2028 ille

121 2038 348 2089 peregrinus
368 2046 407 2077 et
436 2054 512 2079 non
544 2042 647 2088 civis,
669 2044 772 2095 apud
793 2045 898 2097 ipsos
918 2047 1147 2098 magistratu
1176 2049 1417 2100 fungeretur,
1440 2064 1484 2088 ac
1510 2064 1588 2089 non

120 2099 240 2138 fuisse
259 2103 540 2142 accusaturos?
582 2104 719 2156 Neque
746 2120 836 2145 vero
865 2108 1070 2160 quisquam
1102 2125 1189 2149 eum
1209 2112 1270 2150 vel
1295 2113 1505 2159 accusavit,
1524 2113 1588 2151 vel

121 2160 345 2200 criminatus
364 2170 436 2202 est.
456 2191 458 2193 -
485 2165 589 2207 Quin
610 2168 828 2206 necessario
843 2169 958 2208 etiam
980 2170 1165 2223 suffragia
1184 2172 1356 2210 tulerunt
1372 2174 1587 2226 municipes

122 2223 240 2261 sacris
267 2225 420 2273 juratis,
442 2239 529 2264 cum
560 2227 615 2265 eis
649 2228 779 2267 album
812 2231 1010 2283 municipii
1039 2233 1231 2284 periisset,
1250 2234 1453 2286 Antiphilo
1478 2242 1589 2289 patre

121 2285 327 2324 Eubulidae
345 2287 499 2327 tribuno
517 2289 639 2340 plebis
657 2303 667 2334 ;
699 2297 738 2329 et
757 2293 948 2343 quosdam
968 2307 988 2332 e
1007 2295 1217 2348 municipio
1237 2296 1478 2348 repulerunt.
1527 2298 1588 2337 De

118 2347 187 2386 illo
205 2355 335 2387 autem
366 2363 491 2401 neque
520 2351 629 2400 dixit,
649 2366 774 2405 neque
793 2363 1034 2406 conquestus
1053 2357 1157 2396 ullus
1186 2365 1245 2397 est
1265 2359 1343 2397 tale
1362 2360 1588 2411 quicquam.

120 2409 240 2461 Atqui
260 2411 440 2450 omnibus
459 2412 679 2454 hominibus
699 2416 788 2454 vitae
804 2415 892 2455 finis
913 2431 1016 2457 mors
1035 2426 1109 2458 est.
1166 2420 1220 2459 Et
1251 2422 1317 2472 qui
1347 2422 1521 2461 viventes
1539 2423 1588 2460 de

119 2484 261 2522 genere
279 2481 526 2521 accusantur,
545 2489 677 2516 eorum
703 2478 802 2517 filios
819 2492 975 2530 aequum
995 2489 1054 2520 est
1074 2483 1124 2520 ad
1140 2483 1378 2522 reddendam
1399 2485 1587 2524 rationem

119 2541 309 2587 perpetuo
350 2549 437 2575 esse
467 2546 625 2589 paratos
643 2553 652 2578 ε
695 2541 834 2593 quibus
862 2550 992 2582 autem
1020 2545 1060 2583 in
1098 2547 1212 2585 rebus
1245 2561 1361 2586 nemo
1393 2549 1587 2587 viventem

119 2596 247 2648 ipsum
265 2598 490 2638 criminatus
512 2600 598 2649 fuit,
619 2602 667 2640 de
686 2602 730 2642 iis
759 2617 809 2642 an
838 2618 916 2643 non
936 2606 1107 2658 iniquum
1135 2617 1196 2646 est
1226 2609 1367 2648 liberos
1399 2610 1587 2661 exagitari

121 2671 146 2696 a
162 2659 298 2711 quovis
314 2658 330 2696 ’ἶ
349 2660 466 2705 Quod
487 2662 519 2701 si
540 2663 590 2702 de
610 2664 667 2702 his
688 2665 882 2717 inquisitio
901 2668 1008 2706 nulla
1028 2670 1134 2708 facta
1152 2671 1305 2718 fuisset,
1326 2671 1484 2714 latuisse
1505 2685 1587 2711 rem

120 2721 283 2760 concedi
299 2730 454 2774 posset:
485 2724 556 2763 ‘sed
576 2739 666 2764 curn
686 2733 726 2765 et
744 2728 848 2767 facta
868 2729 930 2776 sit,
949 2737 989 2769 et
1009 2731 1088 2770 lata
1108 2732 1308 2784 suffragia,
1328 2740 1367 2771 et
1385 2747 1499 2772 nemo
1516 2747 1588 2773 un-

121 2795 234 2834 quam
256 2784 463 2835 quicquam
479 2786 529 2825 sit
547 2796 797 2839 conquestus,
818 2803 945 2830 nonne
965 2805 1117 2843 aequum
1137 2801 1198 2832 est
1216 2808 1277 2833 me
1304 2802 1458 2846 propter
1476 2795 1585 2835 illum

120 2844 394 2884 Atheniensem
410 2859 507 2894 esse,
527 2849 591 2899 qui
606 2849 708 2888 diem
725 2864 837 2889 suurn
853 2853 960 2901 obiit,
981 2862 1188 2907 antequam
1207 2856 1240 2894 ei
1259 2857 1306 2894 de
1327 2870 1467 2908 genere
1481 2858 1587 2898 facta

120 2905 194 2944 fuit
210 2908 501 2948 controversia?
532 2910 629 2950 Haec
651 2925 738 2951 vere
771 2927 794 2952 a
823 2927 884 2952 me
911 2914 987 2953 dici
1023 2925 1065 2954 ut
1101 2925 1266 2965 constet,
1296 2919 1434 2958 horum
1467 2922 1584 2960 etiam

123 2980 218 3007 voca
236 2975 366 3007 testes.

838 3042 860 3075 5
874 3052 895 3076 (τ
