1965 3356
141 443 543 488 ARGUMENTUM
576 447 872 487 ORATIONIS
912 448 970 486 IN
1009 447 1349 487 STEPHANUM
1379 450 1591 489 TESTEM

717 509 1008 548 SECUNDAE.

182 621 225 652 In
241 622 297 652 hac
313 621 448 653 oratione
464 625 498 651 et
511 621 646 661 quaedam
672 632 688 651 e
709 621 922 662 superioribus
944 621 1062 653 firmius
1077 622 1266 658 muniuntur,
1283 626 1314 652 et
1328 620 1388 652 alia
1410 631 1490 652 nova
1511 621 1590 652 inse·

137 677 257 711 rantur,
274 678 322 710 ut,
335 684 375 706 an
388 677 420 706 et
439 676 652 705 test-euim
670 672 709 703 sit
724 676 830 704 contra
843 674 928 714 leges
943 674 1075 704 factum?

493 998 1228 1081 DEMOSTHENIS

380 1158 460 1205 IN
510 1157 999 1207 STEPHANUM
1046 1157 1348 1207 TESTEM

545 1299 790 1342 ORATIO
828 1297 1144 1341 SECUNDA.

185 1418 219 1455 1.
247 1416 347 1455 Non·
364 1416 583 1457 defuturam
601 1431 688 1457 esse
709 1416 908 1468 Stephano
928 1415 1191 1454 defensionem
1212 1417 1263 1455 de
1283 1416 1518 1465 testimonio,
1539 1432 1585 1459 ac

123 1479 205 1517 fore
224 1485 269 1517 ut
286 1479 410 1518 verbis
428 1492 499 1518 vos
518 1478 840 1531 circumduceret,
859 1492 901 1517 se
921 1491 1000 1516 non
1016 1479 1145 1517 omnia
1161 1478 1199 1516 in
1215 1479 1357 1518 tabella
1375 1480 1585 1531 perscripta

122 1541 270 1579 dixisse
289 1541 508 1589 asserendo,
534 1555 682 1593 vosque
708 1540 952 1593 decipiendo,
973 1547 1012 1578 et
1036 1541 1118 1592 ipse
1145 1541 1227 1580 fere
1255 1542 1494 1594 suspicabar,
1513 1544 1584 1581 Ju-

121 1602 246 1641 dices.
286 1603 389 1641 Nam
421 1609 460 1642 et
489 1604 597 1642 vafer
626 1610 701 1650 est,
720 1609 761 1640 et
783 1603 850 1654 qui
883 1603 1106 1641 Phormioni
1136 1604 1297 1655 scriptas
1326 1604 1519 1643 orationes
1547 1612 1587 1644 et

122 1664 285 1703 consilia
316 1672 526 1716 suggerant
549 1665 659 1703 multi
689 1671 803 1703 sunt:
833 1664 946 1703 simul
977 1664 1091 1702 etiam
1110 1665 1311 1716 probabile
1342 1673 1400 1704 est
1425 1679 1490 1705 eos
1519 1667 1584 1718 qui

124 1726 277 1764 mentiri
295 1740 366 1778 pro
392 1727 615 1766 testimonio
635 1726 853 1772 instituant,
874 1726 989 1764 etiam
1008 1726 1296 1766 mendaciorum
1317 1727 1582 1767 defensionem

122 1787 252 1826 statim
273 1788 461 1827 meditari.

174 1852 212 1889 2.
243 1850 361 1895 Quod
392 1858 524 1890 autem
552 1851 591 1889 in
623 1857 704 1890 tam
733 1850 884 1902 prolixa
908 1850 1082 1889 oratione
1108 1864 1300 1902 nusquam
1327 1851 1434 1890 vobis
1465 1858 1583 1891 testes

118 1912 314 1964 produxit,
334 1926 375 1952 se
405 1926 566 1965 usquam
587 1913 714 1966 ipsum
744 1912 902 1951 affuisse
936 1913 1035 1964 patri
1061 1927 1147 1952 meo
1168 1913 1208 1951 id
1229 1920 1504 1953 testamentum
1524 1915 1582 1953 fa-

119 1974 247 2021 cienti,
268 1983 312 2013 ut
331 1975 429 2015 scire
446 1982 582 2028 posset
600 1975 817 2027 exemplum
834 1976 917 2026 ejus
937 1975 1159 2014 testamenti
1178 1975 1217 2013 id
1232 1989 1334 2021 esse:
1352 1976 1457 2027 quod
1470 1983 1582 2028 pater

117 2049 228 2075 meus
259 2037 404 2083 fecerit,
431 2045 498 2076 aut
530 2044 684 2090 apertas
717 2037 860 2075 vidisse
888 2037 1055 2085 tabulas,
1087 2051 1184 2089 quas
1216 2044 1328 2089 pater
1357 2051 1426 2089 pro
1457 2045 1579 2078 testa-

116 2104 248 2137 mento
267 2099 479 2151 reliquerit,
499 2099 586 2139 haec
605 2112 738 2151 quaeso
756 2112 826 2137 vos
857 2106 899 2137 ut
926 2112 1004 2137 una
1024 2113 1177 2138 mecum
1206 2100 1400 2138 memoriae
1420 2101 1580 2140 mande-

117 2159 180 2198 tis.
224 2161 368 2198 Verum
383 2162 540 2213 quando
555 2168 722 2200 testatus
736 2168 808 2207 est,
823 2161 1048 2212 exemplum
1065 2174 1150 2200 esse
1172 2162 1390 2200 testamenti
1403 2162 1581 2202 Pasiouis

116 2234 162 2260 ea
182 2235 268 2273 quae
293 2222 436 2261 tabulis
469 2223 653 2275 inscripta
679 2223 834 2268 fuerint,
856 2236 941 2261 cum
972 2223 1179 2261 ostendere
1200 2237 1277 2261 non
1299 2223 1422 2274 possit
1443 2225 1502 2262 vel
1522 2231 1579 2263 te-

114 2291 346 2323 stamentum
367 2285 506 2324 fecisse
525 2293 671 2337 patrem
691 2293 878 2332 nostrum,
899 2285 960 2324 vel
991 2299 1032 2324 se
1058 2286 1277 2324 interfuisse
1301 2292 1578 2325 testamentum

112 2346 279 2387 faciente
304 2354 411 2399 patre
430 2354 470 2387 et
487 2348 645 2396 vidisse,
664 2361 793 2386 nonne
813 2354 943 2399 aperte
963 2347 1208 2386 convincitur
1227 2348 1315 2386 falsi
1336 2348 1546 2387 testimonii
1562 2349 1577 2386 ἲ

167 2410 204 2448 3.
235 2410 352 2454 Quod
382 2411 414 2449 si
444 2410 758 2463 provocationem
789 2422 877 2448 esse
909 2409 1017 2457 dicit,
1049 2423 1129 2448 non
1159 2410 1438 2456 testimonium,
1468 2410 1576 2450 haud

110 2483 202 2510 vera
219 2472 433 2523 praedicat:
461 2472 642 2525 quiequid
663 2472 764 2511 enim
791 2471 830 2509 in
855 2470 1046 2524 judicium
1075 2471 1243 2510 afferunt
1261 2472 1300 2510 in
1328 2479 1464 2510 mutua
1490 2486 1577 2524 pro-

109 2534 308 2572 vocatione
328 2534 547 2582 adversarii,
568 2548 636 2587 per
663 2534 927 2573 testimonium
947 2534 1125 2574 afferunt.
1184 2535 1326 2585 Neque
1346 2534 1447 2572 enim
1467 2534 1575 2572 vobis

110 2594 255 2646 liquere
283 2603 430 2648 posset,
449 2610 591 2636 verane
611 2603 743 2635 essent
773 2609 822 2634 an
850 2596 963 2643 falsa,
991 2610 1079 2647 quae
1106 2597 1260 2648 utrique
1293 2597 1480 2642 dicerent,
1502 2597 1576 2633 nisi

111 2657 196 2708 quis
216 2657 330 2697 etiam
349 2665 469 2697 testes
489 2659 710 2698 adhiberet:
740 2658 785 2697 iis
808 2672 897 2697 vero
917 2658 1110 2705 adhibitis,
1131 2657 1206 2696 illis
1226 2658 1428 2696 credentes
1448 2665 1489 2695 ut
1509 2658 1574 2708 qui

112 2719 318 2759 reddendis
336 2721 548 2759 rationibus
569 2721 723 2760 obnoxii
746 2721 836 2767 sint,
855 2727 936 2759 tum
956 2734 1003 2759 ex
1020 2721 1081 2760 his
1102 2735 1189 2772 quae
1208 2734 1232 2759 a
1249 2721 1321 2759 reis
1341 2727 1422 2758 tum
1444 2733 1491 2758 ex
1514 2720 1573 2758 his

113 2793 199 2831 quae
219 2794 242 2819 a
259 2783 420 2821 testibus
451 2782 643 2830 dicuntur,
661 2796 709 2822 ea
734 2782 900 2821 statuitis
930 2790 969 2820 et
988 2782 1195 2821 decernitis
1222 2796 1308 2833 quae
1328 2781 1437 2820 vobis
1465 2782 1573 2833 justa

113 2853 200 2880 esse
219 2842 433 2883 videantur.

164 2906 203 2941 4.
232 2906 481 2956 Argumentis
500 2912 628 2945 autem
648 2907 853 2946 ostendam
874 2912 915 2945 et
931 2906 1194 2944 testimouium
1210 2919 1312 2953 esse,
1331 2918 1411 2944 non
1431 2919 1569 2958 provo-

109 2965 312 3014 cationem,
332 2974 371 3004 et
398 2969 725 3019 quemadmodum
751 2969 988 3020 oportuisset
1007 2966 1219 3014 testificari,
1240 2968 1271 3006 si
1297 2968 1403 3007 facta
1434 2968 1574 3007 fuisset

802 3033 825 3067 4
845 3043 871 3068 o
