1981 3356
578 225 867 265 ADVERSUS
906 226 1251 280 APATURIUM.
1568 229 1640 266 527

237 331 299 370 10.
328 329 432 370 Illud
462 330 564 369 enim
593 331 848 376 considerate,
869 330 1144 375 Athenienses,
1176 330 1209 367 si
1233 342 1312 367 non
1343 342 1405 367 me
1434 342 1550 375 nunc,
1579 329 1648 367 scd

183 390 484 431 Parmenontem
503 398 707 431 accusaret
725 391 955 443 Apaturius,
973 390 1095 429 minas
1117 389 1251 441 viginti
1266 389 1485 441 postulans,
1503 389 1651 427 Aristo-

180 454 251 493 clis
280 455 502 506 cognitione
536 455 679 492 fretus:
710 452 904 492 Parmeno
938 459 1068 491 autem
1102 465 1188 491 sese
1220 465 1394 503 praesens
1421 452 1650 490 defenderet

183 517 289 567 apud
308 530 378 555 vos
399 524 597 567 testesque
620 515 845 560 adduceret,
873 522 968 560 tum,
1000 527 1079 552 non
1100 515 1171 553 soli
1194 527 1234 552 se
1263 513 1446 552 Aristocli
1465 514 1533 551 sed
1561 527 1651 552 cum

183 578 338 617 duobus
372 578 455 617 aliis
489 591 569 616 rem
595 577 848 624 commisisse,
869 583 966 622 tum,
989 577 1232 615 interdixisse
1252 590 1300 613 ne
1322 589 1364 613 se
1384 576 1544 613 absente
1562 589 1651 627 pro-

183 640 403 686 nunciaret,
424 646 520 686 tum,
547 652 667 677 uxore
689 639 761 677 sibi
780 645 820 677 et
838 638 969 677 liberis
991 645 1212 676 terraemotu
1234 637 1443 689 oppressis,
1463 650 1581 688 seque
1602 638 1652 675 ad

183 706 332 739 tantam
354 700 615 739 calamitatem
636 700 794 738 domum
820 699 1010 751 profecto,
1034 713 1122 738 eum
1135 699 1200 750 qui
1220 698 1439 750 pactionem
1460 699 1654 737 abolesset

181 768 318 800 contra
335 763 536 801 absentem
555 769 741 813 tanquam
762 762 918 801 deserto
947 761 1165 800 vadimonio
1193 762 1428 800 sententiam
1463 760 1654 799 tulisse—

181 829 293 862 estne
311 830 481 863 vestrum
514 824 733 876 quisquam,
764 825 829 876 qui
861 824 1124 862 Parmenonte
1154 825 1193 861 in
1222 824 1326 862 hanc
1360 824 1590 862 sententiam
1612 837 1655 863 se

182 885 434 932 defendente,
455 894 565 924 tanta
590 885 796 937 iniquitate
815 888 963 924 factum
992 885 1192 923 arbitrium
1216 892 1344 923 ratum
1368 899 1452 923 esse
1480 894 1655 937 oportere

182 947 438 986 decerneret?
482 948 574 986 Non
602 948 720 986 modo
749 955 855 986 certe
887 948 1143 986 controversis
1175 947 1369 994 omnibus,
1400 948 1470 986 sed
1503 950 1657 988 tametsi

185 1017 353 1049 exstaret
385 1010 532 1062 pactio,
565 1010 597 1047 si
640 1016 840 1048 constaret
868 1010 1041 1048 delatum
1074 1022 1161 1048 esse
1194 1009 1243 1047 ad
1274 1022 1396 1047 unum
1424 1010 1658 1050 Aristoclem

185 1072 398 1118 arbitrium,
421 1072 453 1110 si
472 1086 551 1110 non
571 1072 755 1111 vetuisset
774 1072 967 1111 Parmeno
987 1079 1122 1111 contra
1141 1086 1181 1110 se
1201 1072 1472 1123 pronunciare,
1502 1075 1658 1113 tametsi

185 1135 394 1181 evenisset,
424 1141 467 1172 ut
494 1140 585 1173 ante
612 1134 744 1172 arbitri
774 1134 1008 1172 sententiam
1035 1134 1122 1172 talis
1149 1133 1296 1172 homini
1322 1133 1523 1173 calamitas
1561 1137 1658 1188 obji-

183 1202 350 1243 ceretur,
371 1196 458 1246 quis
490 1195 544 1234 ita
574 1195 811 1234 inhumanus
841 1202 901 1233 est
933 1195 1176 1234 adversarius
1207 1202 1274 1234 aut
1302 1196 1456 1242 arbiter,
1486 1198 1552 1248 qui
1581 1211 1659 1236 non

185 1270 310 1308 usque
330 1257 382 1296 ad
400 1260 482 1306 ejus
503 1257 671 1296 reditum
691 1256 933 1296 distulisset?
979 1258 1096 1302 Quod
1125 1259 1157 1296 si
1176 1257 1384 1305 Parmeno,
1403 1258 1551 1297 ratione
1571 1260 1660 1298 red-

185 1319 281 1368 dita,
312 1319 361 1358 ab
380 1320 486 1358 omni
513 1326 624 1372 parte
653 1319 824 1371 aequiora
848 1320 980 1358 dicere
1004 1319 1197 1359 videretur
1217 1333 1335 1371 quam
1361 1320 1451 1367 iste,
1479 1334 1558 1372 quo
1572 1322 1659 1373 jure

185 1393 247 1420 me
267 1380 518 1430 damnabitis,
539 1382 601 1420 cui
619 1395 709 1420 cum
723 1382 799 1421 isto
815 1382 970 1421 homine
992 1382 1047 1421 rei
1065 1395 1224 1434 prorsus
1245 1383 1339 1421 nihil
1357 1383 1445 1422 est?

244 1444 306 1483 11.
337 1443 408 1482 Me
438 1443 557 1495 igitur
585 1444 856 1496 exceptionem
882 1450 985 1483 recte
1005 1445 1249 1496 opposuisse,
1271 1444 1501 1496 Apaturium
1531 1452 1661 1485 autem

187 1505 286 1544 falso
305 1518 366 1544 me
383 1518 591 1545 accusasse
611 1513 826 1558 contraque
841 1506 950 1559 leges
963 1506 1153 1556 judicium
1168 1519 1255 1545 esse
1270 1506 1470 1559 adeptum,
1485 1507 1525 1545 id
1537 1508 1661 1556 vobis,

188 1567 364 1615 Judices,
385 1568 517 1607 multis
538 1570 778 1620 argumentis
798 1571 1005 1621 probatum
1032 1582 1120 1608 esse
1140 1568 1308 1608 confido.
1368 1570 1420 1608 Et
1437 1569 1543 1620 quod
1563 1584 1662 1622 prae-

187 1630 345 1683 cipuum
363 1638 437 1679 est,
456 1633 668 1684 quicquam
698 1633 771 1671 sibi
800 1646 955 1672 mecum
981 1646 1070 1672 esse
1096 1633 1331 1678 commercii,
1355 1633 1568 1685 Apaturius
1588 1648 1661 1674 nec

189 1693 319 1733 dicere
341 1693 532 1733 instituet.
592 1694 662 1732 Sin
692 1708 763 1746 per
795 1694 1043 1733 mendacium
1067 1694 1183 1740 dicet,
1204 1707 1265 1732 me
1298 1694 1336 1732 in
1365 1694 1545 1745 pactione
1566 1697 1661 1735 Par-

187 1757 386 1796 menontia
409 1770 637 1810 sponsorem
654 1771 739 1797 esse
759 1758 998 1809 inscriptum,
1028 1758 1249 1810 pactionem
1270 1758 1318 1796 ab
1338 1769 1384 1795 eo
1405 1758 1599 1809 requirite,
1623 1767 1663 1798 et

188 1818 252 1857 hic
284 1819 319 1858 ei
349 1821 536 1867 occurite,
565 1833 702 1859 omnes
728 1820 918 1865 homines,
940 1833 1030 1858 cum
1052 1819 1202 1858 tabulas
1231 1819 1330 1857 inter
1361 1832 1403 1858 se
1436 1820 1660 1870 conficiunt,

188 1887 396 1933 propterea
414 1882 642 1934 obsignatas
663 1882 768 1935 apud
789 1895 856 1921 eos
878 1883 1075 1934 deponere
1095 1881 1237 1932 quibus
1259 1881 1376 1919 fidem
1401 1882 1586 1929 habeant,
1607 1890 1662 1930 ut,

190 1943 222 1981 si
255 1956 334 1995 qua
353 1944 547 1984 dissensio
576 1945 765 1991 exstiterit
784 1945 884 1983 inter
904 1944 1024 1997 ipsos,
1055 1944 1106 1982 ad
1135 1943 1290 1982 tabulas
1320 1944 1478 1992 reversi,
1508 1952 1663 1984 contro-

189 2006 401 2044 versiarum
433 2007 731 2059 explicationem
759 2007 850 2045 inde
876 2001 1026 2058 petant.
1084 2006 1125 2043 Si
1151 2006 1238 2056 quis
1259 2012 1389 2043 autem
1409 2006 1551 2044 tabulis
1571 2007 1663 2045 abo·

189 2066 265 2105 litis
286 2068 445 2106 eludere
465 2070 665 2108 veritatem
685 2069 811 2107 verbis
835 2068 1042 2114 studuerit,
1059 2067 1152 2119 quid
1167 2067 1221 2104 illi
1240 2066 1331 2105 fidei
1344 2074 1405 2104 est
1416 2067 1665 2106 habendum?

248 2131 312 2168 12.
326 2131 379 2168 At
397 2129 563 2169 fortasse
582 2131 784 2183 id—quod
805 2138 866 2170 est
884 2131 1043 2169 omnino
1064 2130 1170 2168 factu
1192 2129 1417 2167 facillimum
1439 2130 1665 2181 injuriarum

193 2197 235 2230 et
265 2191 547 2231 calumniarum
583 2193 1095 2232 studiosis—*testimonium
1127 2191 1263 2242 aliquis
1298 2191 1332 2229 ei
1366 2192 1405 2228 in
1439 2205 1500 2230 me
1532 2193 1666 2232 dicet?

195 2253 296 2291 Eum
317 2260 448 2293 autem
478 2267 552 2306 ego
574 2260 715 2293 testem
735 2254 768 2291 si
787 2253 836 2291 de
855 2253 955 2291 falso
975 2253 1198 2291 testimonio
1217 2252 1431 2305 postularo,
1452 2254 1555 2292 unde
1576 2267 1665 2306 pro-

193 2315 301 2354 babit
320 2328 361 2354 se
379 2315 515 2354 testari
533 2314 690 2354 verum?
737 2315 770 2352 E
790 2313 1002 2366 pactione?
1033 2314 1078 2352 Id
1097 2315 1215 2365 igitur
1233 2328 1282 2353 ne
1303 2314 1468 2362 differat,
1488 2316 1557 2355 sed
1573 2329 1666 2355 mox

194 2376 365 2429 proferat
384 2377 450 2429 qui
468 2377 598 2416 habet.
656 2376 725 2414 Sin
745 2389 832 2415 eam
851 2383 934 2415 tum
950 2376 1094 2428 perisse
1113 2376 1230 2422 dicet,
1246 2376 1351 2414 unde
1372 2389 1446 2428 ego
1464 2378 1666 2417 mendacio

195 2439 482 2478 circumventus
504 2446 733 2491 argumenta
745 2439 904 2490 petam?
946 2438 1049 2478 Nam
1069 2439 1100 2477 si
1121 2438 1225 2490 apud
1245 2452 1306 2476 me
1323 2438 1512 2490 depositae
1533 2448 1667 2479 essent

195 2501 354 2548 tabulae,
376 2500 568 2552 Apaturio
598 2500 792 2540 criminari
822 2501 1012 2546 licuisset,
1031 2514 1094 2539 me
1127 2506 1285 2553 propter
1315 2502 1565 2551 sponsionem
1596 2517 1665 2555 pa-

195 2563 364 2601 ctionem
397 2562 636 2602 abolevisse:
667 2562 728 2600 sin
760 2562 867 2614 apud
897 2563 1146 2609 Aristoclem‚
1167 2562 1435 2613 quamobrem,
1456 2564 1488 2601 si
1518 2565 1666 2615 absque

197 2638 269 2664 suo
284 2637 481 2663 consensu
499 2625 630 2676 pactio
649 2624 774 2676 periit,
803 2637 865 2663 me
886 2631 1058 2672 accusat,
1077 2637 1166 2663 cum
1186 2623 1221 2662 ei
1243 2623 1310 2675 qui
1330 2625 1482 2676 accepit
1501 2625 1604 2663 illam
1627 2633 1667 2665 et

198 2699 277 2724 non
296 2685 452 2724 exhibet
471 2686 572 2725 diem
594 2699 672 2726 non
691 2686 825 2725 dicat?
856 2686 936 2726 Cur
955 2700 1043 2725 eum
1075 2693 1212 2725 contra
1237 2699 1299 2724 me
1327 2693 1467 2725 testem
1487 2686 1668 2737 producit

198 2748 265 2798 qui
294 2747 450 2787 tabulas
483 2749 667 2797 abolevit,
704 2749 767 2788 cui
793 2761 881 2787 eum
914 2748 1030 2788 irasci
1063 2748 1332 2796 conveniebat,
1353 2748 1425 2786 nisi
1453 2752 1669 2789 communi-

199 2808 295 2847 catis
325 2808 452 2861 operis
482 2809 679 2849 fallaciam
698 2809 814 2849 istam
845 2810 1055 2848 commenti
1082 2809 1243 2849 essent?
1292 2809 1381 2860 Ego
1408 2822 1540 2848 causoe
1569 2824 1667 2850 meae

199 2869 424 2921 aequitatem
444 2870 617 2919 defendi,
637 2879 683 2911 ut
699 2873 808 2924 potui
825 2885 835 2911 :
865 2885 935 2911 vos
953 2872 1071 2926 igitur
1088 2871 1306 2912 secundum
1325 2871 1433 2923 leges
1454 2885 1541 2923 quae
1554 2886 1668 2925 aequa

201 2937 294 2970 sunt
311 2931 521 2972 decernite,
