1965 3356
512 209 799 248 ADVERSUS
829 207 1190 245 TIMOTHEUM.
1511 207 1588 244 683

123 326 238 364 quem
259 313 355 364 patri
375 312 448 351 iste
472 326 559 351 meo
586 311 880 351 commendarat
898 309 946 347 ad
975 309 1135 347 naulum
1157 308 1399 357 solvendum,
1421 308 1453 344 si
1472 306 1588 357 lignis

125 373 298 413 advectis
322 374 554 422 advenisset,
584 375 621 412 in
642 372 912 412 Macedoniam
933 371 1003 409 iter
1022 370 1125 408 facit.
1185 370 1282 408 Haec
1310 377 1485 422 tempora
1505 371 1588 408 fue·

124 442 214 474 runt
231 437 333 474 circa
355 449 525 474 mensem
542 435 711 486 Aprilem
733 434 844 472 Astio
863 441 1038 484 praetore.
1078 433 1190 470 Anno
1211 439 1396 483 sequente
1412 445 1589 470 reversus

125 497 338 536 Philondas
371 511 393 535 e
427 496 676 542 Macedonia,
704 496 818 546 lignis
853 494 1188 540 advectis,—dum
1220 494 1292 531 iste
1331 493 1436 544 apud
1459 507 1589 544 regem

124 559 328 599 Persarum
349 573 508 612 peregre
523 560 744 605 abesset—,
760 558 809 596 ad
824 564 972 609 patrem
997 569 1124 594 meum
1145 556 1295 594 accedit
1314 563 1352 594 et
1365 555 1524 593 naulum
1545 556 1589 593 li-

123 636 286 674 gnorum
306 623 490 673 praebere,
522 629 563 659 ut
590 621 825 659 naviculario
857 620 1076 667 satisfieret,
1101 619 1227 671 jubet,
1257 618 1587 670 quemadmodum

123 683 194 722 iste
213 690 363 734 patrem
383 683 555 721 abiturus
577 689 744 734 rogarat,
765 689 803 720 et
829 681 1061 720 Philondam
1089 681 1397 726 commendarat,
1417 694 1463 718 eo
1482 687 1590 731 pater

122 745 173 784 ad
205 758 379 783 mensam
407 744 581 783 adducto
602 744 873 783 Phormionem
902 743 1059 782 naulum
1093 742 1285 793 lignorum
1315 742 1419 778 mille
1448 741 1589 792 septin-

122 813 258 857 gentas
277 806 559 858 quinquaginta
588 807 791 845 drachmas
810 806 922 855 jubet
943 806 1104 843 solvere.
1164 804 1356 841 Numerat
1381 803 1589 855 pecuniam

123 867 328 906 Phormio:
363 868 576 907 debitorem
597 867 842 906 Timotheum
862 867 1119 906 inscribit—is
1141 867 1242 904 enirn
1262 874 1416 918 rogarat
1440 873 1590 917 patrem

122 935 166 966 ut
181 929 338 967 naulum
359 929 550 980 lignorum
565 931 766 982 praeberet,
782 935 820 967 et
838 929 952 981 hujus
965 943 1119 980 quoque
1133 929 1238 980 ligna
1258 934 1432 973 erant—,
1443 927 1590 965 notitiae

120 991 209 1029 loco
241 1004 355 1042 porro
384 991 569 1029 adscribit
599 999 638 1030 et
667 1005 793 1037 usum,
823 992 860 1028 in
882 1004 994 1042 quem
1017 998 1178 1042 accepta
1198 991 1323 1028 fuerat
1350 989 1531 1041 pecunia,
1552 996 1592 1027 et

122 1065 264 1091 nomen
283 1054 366 1104 ejus
386 1053 451 1104 qui
471 1054 696 1105 accepisset.
755 1053 806 1091 Et
825 1053 898 1091 hoc
919 1053 1064 1090 factum
1079 1060 1139 1091 est
1158 1052 1389 1090 Alcisthene
1411 1058 1590 1102 praetore,

120 1114 240 1153 altero
261 1128 362 1153 anno
383 1128 499 1166 quam
519 1115 591 1153 iste
611 1116 661 1153 ad
681 1128 810 1166 regem
833 1116 990 1153 abierat.

174 1179 210 1213 7.
241 1177 321 1214 Sub
341 1176 443 1214 idem
465 1190 577 1228 porro
592 1185 746 1228 tempus
769 1184 808 1214 et
826 1177 1096 1214 Timosthenes
1119 1177 1353 1228 AEgialensis
1374 1176 1492 1220 venit,
1514 1177 1591 1227 pri-

119 1244 218 1276 vatae
248 1237 525 1289 negotiationis
554 1252 674 1278 causa
704 1238 780 1276 huc
812 1238 1037 1290 profectus:
1069 1239 1134 1289 qui
1163 1252 1249 1276 cum
1271 1245 1374 1275 esset
1392 1237 1590 1275 familiaris

120 1300 343 1338 Phormioni
367 1307 407 1339 et
437 1300 579 1346 socius,
603 1301 756 1339 solvens
783 1300 885 1346 hinc,
912 1301 1122 1339 servandas
1144 1301 1367 1339 Phormioni
1397 1313 1486 1338 cum
1516 1300 1593 1338 alia

118 1362 285 1414 pecunia
315 1362 476 1402 dederat
501 1364 616 1401 etiam
643 1363 794 1414 phialas
828 1363 933 1415 Lycii
965 1363 1092 1414 operis
1119 1364 1230 1401 duas.
1289 1362 1403 1399 Forte
1436 1362 1592 1400 fortuna

119 1432 247 1463 autem
278 1438 374 1476 puer
401 1438 467 1463 cas
489 1425 595 1476 ipsas
625 1425 789 1475 phialas,
810 1425 967 1476 ignarus
989 1438 1075 1463 esse
1103 1425 1264 1470 alienas,
1287 1423 1506 1462 AEschrioni
1534 1424 1592 1461 fa-

120 1487 226 1524 mulo
245 1487 355 1525 istius
375 1487 550 1533 dederat,
571 1501 658 1525 cum
678 1487 722 1534 is
751 1487 799 1533 ad
826 1494 975 1538 patrem
1003 1500 1131 1524 meum
1163 1487 1304 1524 missus
1325 1493 1429 1524 esset
1449 1487 1496 1524 ab
1516 1485 1590 1524 isto

119 1549 308 1600 stragula,
328 1555 454 1587 vestes
486 1556 526 1587 et
557 1549 706 1600 phialas
737 1549 913 1601 petitum,
934 1556 972 1587 et
992 1549 1134 1587 minam
1157 1549 1305 1599 argenti
1325 1562 1442 1600 quam
1462 1558 1592 1586 mutu-

118 1617 204 1649 atus
225 1619 318 1656 erat,
340 1624 429 1649 cum
450 1612 499 1649 ad
520 1624 608 1649 eum
633 1611 790 1649 Alcetas
816 1618 854 1649 et
883 1612 996 1650 Iason
1019 1611 1224 1649 venissent.
1283 1611 1502 1662 Repetente
1523 1624 1592 1648 au-

118 1679 197 1711 tem
210 1673 459 1712 Timosthene
480 1674 626 1725 phialas
643 1687 665 1712 a
680 1673 927 1719 Phormione,
943 1687 1027 1721 cum
1047 1673 1221 1719 redisset,
1234 1674 1442 1711 --absente
1461 1672 1592 1711 Timo-

117 1735 209 1774 theo
241 1735 345 1786 apud
373 1749 573 1786 regem—,
594 1735 675 1785 agit
693 1748 778 1772 cum
801 1748 846 1773 eo
865 1743 975 1786 pater
996 1748 1105 1773 meus
1130 1742 1171 1772 ut
1190 1735 1354 1785 pretium
1374 1734 1592 1785 phialarum

120 1797 322 1848 reciperet,
352 1804 538 1848 quantum
569 1797 709 1848 phialae
735 1796 960 1848 penderent,
981 1796 1187 1834 drachmas
1214 1795 1405 1833 ducentas
1435 1795 1594 1846 triginta

120 1865 282 1910 septem.
339 1860 397 1896 Ac
422 1858 663 1897 Timostheni
684 1859 848 1909 pretium
870 1858 1000 1896 reddit
1020 1857 1237 1909 phialarum
1255 1870 1264 1895 ε
1294 1857 1410 1894 istum
1433 1870 1522 1894 vero
1544 1856 1593 1895 ad

118 1921 309 1972 reliquum
330 1934 385 1959 aes
406 1921 591 1967 alienum,
607 1921 712 1971 quod
732 1921 805 1958 iste
826 1920 1008 1968 debebat,
1025 1920 1108 1972 ejus
1130 1920 1243 1958 etiam
1265 1919 1459 1970 pecuniae,
1476 1932 1593 1970 quam

120 1982 357 2021 Timostheni
375 1996 445 2034 pro
464 1982 603 2033 phialis
625 1988 859 2027 numerarat,
881 1981 1096 2020 debitorem
1120 1981 1304 2019 inscribit.
1345 1981 1444 2025 Quae
1465 1980 1595 2018 omnia

119 2057 208 2082 vere
234 2058 257 2081 a
288 2057 349 2082 me
376 2043 453 2082 dici
485 2051 528 2081 ut
547 2050 716 2089 constet,
748 2043 970 2082 testimonia
999 2043 1106 2080 vobis
1128 2042 1404 2085 recitabuntur,
1428 2042 1593 2094 primum

120 2119 252 2144 eorum
284 2106 349 2156 qui
380 2107 586 2157 pecuniam
620 2105 664 2143 iis
692 2105 897 2150 dederunt,
920 2104 1061 2156 quibus
1089 2104 1158 2142 iste
1182 2103 1368 2155 jusserat,
1400 2116 1423 2141 a
1446 2116 1593 2149 mensa,

120 2166 264 2217 quique
283 2173 366 2204 tum
388 2167 438 2205 ad
459 2181 628 2206 mensam
658 2167 867 2205 sederunt:
899 2166 1040 2204 deinde
1067 2166 1152 2217 ejus
1175 2166 1240 2216 qui
1262 2165 1425 2216 pretium
1446 2164 1593 2216 phiala-

122 2241 203 2266 rum
224 2229 381 2280 recepit.

675 2333 1037 2372 TESTIMONIA.

125 2419 194 2458 Me
214 2421 329 2472 igitur
348 2435 395 2460 ea
415 2435 504 2473 quae
523 2423 572 2460 ad
594 2435 661 2461 vos
678 2422 758 2460 dixi
779 2434 857 2459 non
878 2419 1024 2457 dixisse
1045 2419 1157 2463 falso,
1179 2431 1228 2456 ex
1250 2417 1473 2456 recitatione
1489 2417 1596 2454 testi-

123 2482 337 2520 moniorum
359 2483 585 2522 audivistis:
615 2484 728 2521 istum
757 2495 870 2534 porro
889 2482 1016 2532 ipsum
1037 2480 1142 2532 apud
1163 2494 1223 2518 me
1244 2481 1468 2518 confessum
1489 2479 1595 2529 ligna

123 2543 285 2582 advecta
305 2558 327 2582 a
348 2544 544 2584 Philonda
563 2545 601 2582 in
623 2545 727 2583 aedes
750 2557 841 2583 suas
863 2543 899 2580 in
923 2543 1075 2580 Piraeeo
1105 2556 1192 2580 esse
1213 2542 1385 2593 perlatas
1405 2547 1449 2578 ut
1475 2554 1595 2591 appa-

119 2612 215 2654 reat,
234 2606 317 2657 ejus
337 2607 390 2646 rei
411 2607 673 2646 testimonium
695 2607 804 2644 vobis
823 2606 986 2656 legetur.

658 2745 1063 2785 TESTIMONIUM.

129 2841 243 2880 Istius
273 2841 388 2893 igitur
413 2843 533 2881 fuisse
554 2842 674 2894 ligna,
694 2855 782 2893 quae
808 2840 1021 2878 Philondas
1045 2840 1159 2884 vexit,
1176 2848 1216 2876 et
1236 2839 1316 2889 ipse
1348 2838 1437 2875 mihi
1461 2839 1599 2877 testifi—

126 2909 236 2942 catus
256 2910 340 2942 est:
370 2904 564 2943 fatebatur
583 2905 685 2943 enim
705 2904 811 2956 apud
829 2903 1013 2941 arbitrum
1031 2914 1078 2940 ca
1097 2901 1135 2940 in
1152 2913 1242 2938 suas
1258 2900 1363 2939 aedes
1384 2900 1422 2938 in
1444 2900 1592 2940 Piraeeo

127 2977 210 3004 esse
231 2964 448 3016 deportata,
471 2973 513 3004 ut
529 2967 636 3005 vobis
657 2965 850 3006 testificati
871 2964 894 3002 ii
917 2970 1009 3003 sunt
1027 2963 1093 3014 qui
1112 2962 1325 3001 audierant.
