1948 3306
356 161 434 202 704
914 161 992 200 DE
1024 160 1259 202 CORONA

355 270 442 310 tur;
471 264 531 303 sin
556 263 666 303 dives
702 270 859 317 propter
892 264 1027 305 sordes
1055 264 1191 304 eadem
1220 264 1469 312 commiserit,
1502 265 1651 305 veniam
1683 278 1822 306 conse-

355 324 524 376 quetur?
562 325 642 365 Ubi
657 333 786 366 autem
805 327 1004 379 aequalitas
1023 326 1104 374 illa,
1125 334 1165 365 et
1183 327 1370 380 populare
1389 326 1589 380 imperium
1609 329 1824 382 apparebit,

356 387 389 426 si
407 401 476 427 vos
497 388 546 428 ad
565 389 670 429 hunc
696 391 855 429 modum
876 391 949 429 ista
967 389 1263 441 gubernabitis?

407 453 448 489 4.
477 451 567 490 Jam
594 452 693 491 illud
722 453 836 491 etiam
867 451 1077 490 absurdum
1104 451 1198 490 mihi
1228 452 1395 499 videtur,
1414 465 1502 490 cum
1534 451 1566 490 is
1596 452 1662 503 qui
1689 460 1824 492 contra

353 512 461 563 leges
491 513 635 565 aliquid
665 515 816 561 dixerit,
838 514 869 553 si
889 514 1148 560 convincitur,
1169 515 1283 553 tertia
1302 514 1440 566 capitis
1460 520 1568 566 parte
1587 513 1822 553 mulctetur:

352 574 439 614 illos
459 577 525 627 qui
544 583 679 615 contra
697 577 804 628 leges
823 589 902 615 non
917 576 1115 624 dixerunt,
1131 576 1202 615 sed
1218 577 1406 624 fecerunt,
1424 577 1551 615 nullas
1566 577 1659 616 dare
1674 589 1822 628 poenas.

353 639 487 690 Atqui,
516 640 789 687 Athenienses,
810 653 946 679 omnes
978 653 1048 679 vos
1076 639 1275 679 fateamini
1302 639 1462 678 lenitate
1490 639 1564 678 ista
1582 646 1744 679 caeteros
1773 639 1836 678 ad*

350 700 529 753 injuriam
561 702 780 740 faciendam
817 702 981 741 incitari.
1041 702 1135 751 Sed,
1158 701 1474 754 quandoquidem
1504 702 1644 754 prodii,
1676 715 1725 741 ea
1753 715 1822 741 vos

352 765 466 803 etiam
487 779 575 816 quae
594 765 685 804 hinc
705 765 881 804 oriuntur
901 766 1090 806 edocebo.

406 831 443 866 5.
468 827 508 866 Si
520 827 603 880 quis
619 827 815 867 conducta
833 828 1057 867 trierarchia
1075 827 1165 866 hinc
1187 827 1314 876 solvit,
1334 840 1469 867 omnes
1488 827 1663 867 homines
1681 827 1822 880 spoliat

351 896 392 929 et
411 890 659 941 depraedatur
675 904 684 930 :
715 897 768 938 et,
783 904 872 930 cum
892 891 1154 930 emolumenta
1167 890 1346 943 privatim
1365 890 1569 943 percipiat,
1584 903 1721 942 poenas
1736 891 1822 928 illo-

349 966 435 991 rum
455 952 673 992 facinorum
693 953 857 1005 quilibet
874 959 1046 992 vestrum
1069 952 1151 1001 dat,
1172 952 1344 1003 solisque
1370 951 1481 991 vobis
1511 964 1703 1003 nusquam
1736 952 1821 990 sine

350 1015 524 1054 caduceo
551 1015 605 1055 ire
634 1016 737 1064 licet,
756 1022 915 1068 propter
943 1015 1139 1055 institutas
1167 1014 1324 1053 illorum
1356 1014 1474 1066 culpa
1493 1020 1753 1065 etcorporum
1784 1019 1824 1052 et

346 1079 539 1116 bonorum
558 1085 775 1117 vestrorum
795 1078 1174 1132 comprehensiones.
1211 1077 1344 1122 Quare
1364 1076 1396 1115 si
1415 1076 1500 1128 quis
1518 1090 1599 1115 rem
1621 1089 1712 1115 vere
1729 1088 1822 1114 con-

348 1140 504 1188 sideret,
526 1154 593 1179 eas
615 1140 789 1180 triremes
809 1155 887 1180 non
907 1155 974 1193 pro
993 1140 1118 1187 vobis,
1139 1139 1209 1179 sed
1231 1145 1369 1178 contra
1387 1152 1470 1186 vos,
1493 1151 1581 1178 esse
1596 1138 1736 1178 missas
1762 1138 1822 1176 in-

346 1202 486 1240 veniet.
544 1202 619 1247 Qui
637 1203 740 1241 enim
760 1216 830 1255 pro
845 1203 1047 1255 republica
1065 1202 1218 1250 militat,
1239 1215 1327 1241 eum
1345 1214 1423 1241 non
1444 1214 1597 1253 sperare
1612 1207 1765 1253 oportet
1780 1214 1822 1240 se

349 1263 398 1302 de
426 1264 581 1315 publico
607 1265 892 1317 locupletatum
920 1266 978 1312 iri,
999 1265 1070 1303 sed
1103 1265 1153 1303 de
1183 1264 1330 1316 privata
1356 1277 1396 1302 re
1426 1264 1702 1303 subventurum
1734 1276 1822 1302 esse

346 1325 584 1376 reipublicae,
613 1326 644 1363 si
671 1327 790 1365 modo
813 1338 872 1364 res
893 1333 1033 1365 vestrae
1055 1326 1254 1375 erigendae
1274 1332 1392 1363 sunt:
1422 1325 1485 1364 isti
1505 1339 1597 1365 vero
1617 1339 1752 1364 omnes
1781 1325 1822 1363 in

345 1387 539 1429 contraria
559 1387 751 1426 sententia
769 1387 859 1426 hinc
887 1386 1056 1425 solvunt.
1114 1385 1285 1424 Proinde
1317 1399 1362 1424 ea
1393 1385 1533 1424 delicta
1557 1387 1714 1437 quaeab
1734 1387 1820 1426 illo-

345 1462 433 1487 rum
466 1451 638 1488 moribus
669 1449 974 1502 proficiscuntur
1005 1448 1141 1487 vestris
1175 1448 1330 1487 damnis
1363 1447 1623 1499 corriguntur.
1682 1449 1821 1501 Neque

342 1525 434 1551 vero
454 1512 592 1551 horum
613 1511 822 1564 quicquam
842 1512 886 1550 fit
904 1519 1064 1550 temere.
1123 1510 1294 1549 Dedistis
1313 1510 1414 1549 enim
1437 1511 1658 1550 hominibus
1677 1512 1820 1563 impro-

340 1575 400 1613 bis
435 1588 520 1613 eam
554 1574 765 1621 licentiam,
793 1581 835 1613 ut
866 1574 898 1613 si
921 1574 1077 1627 rapinas
1097 1573 1278 1620 texerint,
1297 1573 1342 1612 iis
1362 1573 1567 1616 fruantur3
1601 1572 1660 1612 sin
1680 1573 1820 1626 depre-

342 1635 455 1674 hensi
475 1635 630 1684 fuerint,
651 1636 803 1675 veniam
821 1637 1051 1689 impetrent:
1082 1636 1243 1688 proinde
1263 1635 1309 1674 iis
1334 1636 1399 1687 qui
1424 1636 1631 1676 honestate
1651 1650 1728 1675 non
1748 1637 1820 1676 du-

343 1705 483 1737 cuntur
502 1698 672 1738 faciendi
691 1699 845 1750 quidvis
865 1706 926 1737 est
943 1712 1135 1739 concessa
1148 1698 1373 1751 impunitas.
1406 1698 1467 1737 Ac
1478 1698 1649 1751 privatos
1663 1699 1821 1751 quidem

342 1760 522 1800 homines
556 1761 621 1813 qui
652 1761 796 1800 damno
824 1768 987 1814 accepto
1021 1762 1177 1814 sapiunt
1208 1760 1516 1801 inconsideratos
1551 1762 1820 1801 nominamus:

343 1836 414 1862 vos
436 1832 565 1863 autem
588 1825 654 1878 qui
683 1839 732 1864 ne
766 1825 937 1878 acceptis
957 1825 1115 1877 quidem
1144 1825 1254 1864 malis
1281 1825 1429 1878 sapitis,
1448 1838 1525 1877 quo
1553 1825 1710 1865 nomine
1735 1827 1820 1879 quis

344 1887 517 1938 appellet
531 1887 547 1925 ’ἒ

401 1949 440 1986 6.
471 1949 679 2001 Reliquum
699 1957 773 1998 est,
795 1957 836 1989 ut
856 1951 904 1990 de
922 1951 1123 1990 advocatis
1142 1951 1258 1989 etiam
1277 1950 1470 1992 dicamus.
1529 1950 1598 1990 Sic·
1614 1950 1717 1990 enim
1736 1950 1821 2003 qui-

346 2010 436 2049 dam
457 2011 528 2050 sibi
547 2025 703 2050 omnem
724 2014 878 2064 quidvis
899 2022 938 2053 et
959 2013 1116 2052 dicendi
1136 2022 1174 2052 et
1194 2013 1337 2064 agendi
1355 2013 1552 2052 licentiam
1573 2020 1749 2060 sumunt,
1764 2018 1820 2060 ut,

345 2073 410 2124 qui
431 2073 639 2124 aliquando
666 2088 756 2113 cum
776 2076 1056 2127 Aristophonte
1084 2081 1323 2114 accusarunt
1346 2083 1385 2114 et
1410 2075 1553 2115 invecti
1583 2076 1737 2115 suntin
1754 2087 1820 2113 eos

346 2134 413 2186 qui
440 2135 683 2174 trierarchias
714 2136 906 2189 locarant,
927 2150 1061 2176 eorum
1092 2137 1271 2175 nonnulli
1303 2150 1407 2176 nunc
1437 2138 1530 2176 istos
1552 2136 1727 2176 coronari
1754 2136 1821 2187 ju-

343 2197 484 2242 beant3
516 2203 633 2249 atque
663 2199 822 2237 omnino
849 2199 923 2251 ipsi
954 2213 1057 2238 nunc
1089 2212 1172 2237 sese
1204 2206 1435 2250 coarguant,
1465 2206 1509 2238 ut
1539 2199 1604 2252 qui
1632 2205 1701 2237 aut
1723 2205 1820 2237 tunc

344 2257 430 2296 illos
450 2272 517 2310 per
536 2260 715 2311 injuriam
732 2261 959 2299 calumniati
975 2261 1130 2308 fuerint,
1151 2267 1216 2299 aut
1236 2274 1340 2300 nunc
1360 2262 1468 2301 hisce
1489 2261 1680 2301 mercedis
1701 2274 1822 2299 causa

344 2321 657 2371 patrocinentur:
691 2337 736 2362 ac
774 2324 983 2375 gratificari
1016 2337 1085 2362 vos
1119 2325 1274 2373 jubent,
1303 2324 1414 2375 quasi
1449 2324 1680 2372 donationes
1713 2336 1820 2361 nunc

345 2391 526 2434 agantur,
549 2399 625 2423 non
645 2385 816 2423 victoriae
846 2386 1018 2437 praemia,
1039 2393 1107 2424 aut
1135 2386 1252 2424 etiam
1283 2385 1394 2437 quasi
1431 2387 1596 2437 gratiam
1627 2385 1724 2424 inire
1750 2385 1821 2423 de-

344 2446 466 2484 beatis
496 2446 719 2498 hujusmodi
748 2448 864 2485 rebus
895 2448 999 2499 apud
1033 2461 1100 2487 eos
1133 2448 1199 2499 qui
1231 2461 1300 2486 vos
1334 2448 1555 2500 negligunt,
1575 2461 1653 2495 non
1672 2447 1732 2494 iis,
1754 2447 1820 2499 qui

343 2509 472 2547 officio
493 2509 724 2561 funguntur,
740 2522 763 2547 a
781 2510 893 2547 bonis
913 2510 1001 2548 viris
1023 2510 1149 2562 gratia
1165 2510 1215 2548 sit
1235 2510 1451 2549 referenda.

399 2572 436 2608 7.
467 2571 620 2610 Deinde
645 2585 770 2622 usque
799 2572 897 2611 adeo
927 2572 1221 2611 existimationis
1245 2586 1326 2611 suae
1355 2573 1504 2611 nullam
1533 2572 1723 2611 rationem
1751 2571 1821 2610 ha-

338 2633 446 2681 bent,
466 2640 505 2672 et
533 2647 613 2685 prae
645 2635 863 2685 accipiendi
889 2635 1018 2673 studio
1048 2643 1190 2673 caetera
1214 2635 1346 2674 omnia
1372 2641 1640 2682 contemnunt,
1666 2641 1711 2672 ut
1740 2647 1819 2673 non

339 2696 456 2733 modo
486 2697 613 2748 priora
646 2710 718 2735 sua
735 2699 852 2735 verba
883 2698 1058 2736 refellere
1081 2711 1185 2737 nunc
1215 2698 1321 2737 hisce
1351 2697 1604 2737 concionibus
1634 2698 1818 2745 audeant,

341 2758 410 2795 sed
429 2771 477 2796 ne
497 2772 600 2797 nunc
618 2759 777 2810 quidem
796 2759 868 2811 ipsi
889 2759 961 2797 sibi
982 2766 1175 2805 constent,
1192 2760 1258 2810 qui
1280 2773 1370 2799 cum
1385 2765 1523 2798 nautas
1543 2759 1708 2798 triremis
1729 2772 1818 2797 esse

341 2827 522 2869 oportere
544 2821 678 2859 dicant
706 2821 881 2873 proprios
911 2834 1094 2859 coronam
1114 2828 1348 2873 accepturae,
1379 2834 1446 2859 eos
1477 2820 1686 2859 triremium
1717 2833 1818 2872 prae-

338 2880 462 2919 sectos
496 2883 561 2933 qui
594 2896 636 2921 se
671 2884 720 2922 ab
752 2897 799 2922 eo
833 2896 990 2921 munere
1023 2882 1241 2921 alienarunt
1279 2896 1384 2921 nunc
1417 2882 1594 2921 coronari
1625 2881 1814 2933 jubeant:

338 2956 464 2995 neque
499 2957 588 2984 vero
618 2946 741 2985 ullum
771 2946 932 2986 istorum
966 2945 1131 2998 priorem
1157 2945 1390 2985 instructum
1417 2944 1536 2985 fuisse
1565 2944 1715 2995 dicunt,
1746 2943 1813 2983 sed
