1998 3306
336 215 411 250 552
820 208 929 245 PRO
962 206 1317 245 PHORMIONE.

334 327 460 365 ncquc
482 312 584 350 enim
611 322 653 349 sc
673 311 989 350 calumniatorem
1019 312 1147 362 egisse
1165 311 1352 362 profecto,
1368 315 1435 348 aut
1453 322 1500 348 ea
1516 308 1738 362 postulasse
1758 309 1799 347 in

330 375 494 427 judicio,
511 386 599 424 quae
619 387 697 412 non
719 373 966 418 deberentur,
991 373 1170 412 fateatur.

388 439 424 473 7.
448 437 684 486 Quanquam
714 442 845 472 autem
867 447 1011 485 magna
1032 442 1070 472 et
1096 432 1385 485 multajudicia
1406 438 1498 470 sunt
1517 444 1540 470 e
1559 432 1699 483 quibus
1731 443 1801 484 ap-

335 505 469 549 pareat
498 498 768 537 Phormionem
799 496 904 534 omni
934 509 1072 534 vacare
1097 497 1226 547 culpa,
1246 496 1342 534 illud
1369 503 1497 533 tamen
1525 494 1698 531 omnium
1716 505 1800 531 esse

335 559 560 605 maximum,
581 558 756 605 arbitror,
786 557 1059 608 Athenienses,
1079 558 1185 608 quod
1217 556 1392 595 Pasicles
1426 554 1659 607 Apollodori
1684 554 1802 603 frater

339 636 426 660 eum
447 635 574 674 neque
604 623 642 659 in
666 622 730 672 jus
758 621 923 667 vocavit,
947 633 1072 671 neque
1105 621 1311 672 quicquam
1339 619 1443 657 aliud
1462 631 1509 656 ex
1535 617 1596 668 iis,
1617 630 1704 669 quae
1730 616 1804 655 iste

338 684 483 734 objicit,
503 683 686 733 queritur.
744 682 839 725 Quis
855 690 984 719 autem
1006 680 1154 727 credat,
1179 693 1265 718 eum
1281 693 1360 718 non
1384 679 1521 717 fecisse
1540 677 1716 729 injuriam
1735 676 1805 725 illi,

338 747 404 797 qui
433 758 526 795 puer
544 750 579 782 'a
606 752 713 795 patre
739 751 843 781 esset
865 743 1033 789 relictus,
1063 750 1103 780 ct
1133 743 1244 795 cujus
1271 742 1480 780 facultates
1521 740 1560 778 in
1593 751 1664 777 sua
1686 751 1804 777 manu

338 806 499 844 haberet
527 812 632 844 tutor
672 805 897 842 institutus:
929 805 995 842 tibi
1025 811 1154 842 autem
1186 804 1252 854 qui
1282 803 1338 841 vir
1368 803 1526 841 relictus
1551 815 1608 848 es,
1639 807 1806 852 quatuor

340 876 379 905 et
398 867 532 917 viginti
552 874 667 904 natus
684 879 819 912 annos,
839 873 889 910 et,
917 866 949 902 si
977 878 1053 915 qua
1072 865 1141 903 tibi
1161 865 1266 903 facta
1285 864 1424 902 fuisset
1441 863 1592 914 injuria,
1611 862 1726 901 facile
1745 861 1806 899 ul-

341 938 426 967 turo
446 929 588 975 statim,
608 928 742 966 fecisse
758 927 773 964 ἲ
811 927 903 965 Non
917 940 1008 965 vera
1027 934 1119 964 sunt
1137 927 1237 964 haec.
1296 926 1349 963 Ut
1366 925 1482 976 igitur
1499 924 1586 963 haec
1603 937 1693 963 vere
1714 922 1805 968 dici,

343 1003 388 1028 ac
407 990 500 1028 nihil
524 990 631 1041 queri
649 988 842 1027 Pasiclem
862 994 1034 1034 constet,
1053 999 1149 1038 capo
1169 986 1273 1024 illius
1293 985 1572 1024 testimonium.

865 1128 1273 1197 TESTIMONIUM.

397 1257 433 1292 8.
465 1254 564 1298 Qum
589 1253 705 1305 igitur
724 1254 762 1291 in
785 1253 968 1304 neganda
989 1253 1141 1291 actione
1163 1252 1272 1291 vobis
1292 1248 1577 1290 consideranda
1597 1254 1701 1296 sunt,
1719 1247 1807 1286 haec

344 1317 392 1355 de
412 1316 456 1354 iis
474 1329 561 1367 quae
582 1316 747 1364 diximus
765 1315 803 1352 in
828 1315 1051 1353 memoriam
1072 1320 1266 1353 revocate.
1309 1313 1410 1358 Nos,
1432 1310 1707 1358 Athenienses,
1734 1323 1808 1361 pu-

283 1382 291 1388 *
344 1378 432 1416 taus
452 1377 665 1416 rationibus
685 1382 957 1426 transactaque
977 1376 1171 1414 locatione
1198 1388 1344 1413 mensae
1364 1381 1402 1412 et
1421 1372 1600 1419 officinae,
1612 1378 1731 1429 atque
1748 1371 1808 1409 in-

341 1441 526 1491 terposito
547 1439 702 1477 arbitrio
724 1445 764 1477 et
782 1451 822 1476 re
842 1438 971 1476 denuo
990 1444 1201 1485 transacta,
1215 1450 1289 1475 nec
1308 1435 1623 1488 permittentibus
1639 1433 1808 1485 legibus,

341 1513 474 1538 earum
491 1513 617 1538 rerum
635 1513 733 1551 quas
748 1500 867 1538 semel
887 1499 1136 1550 transegeris,
1145 1498 1335 1548 judicium
1352 1497 1529 1548 adipisci,
1547 1495 1810 1534 calumniante

340 1564 417 1600 isto
445 1568 485 1600 et
512 1570 647 1600 contra
672 1561 781 1612 leges
814 1561 919 1598 litem
952 1561 1194 1607 intendente,
1221 1559 1528 1612 praescripsimus
1558 1570 1660 1612 non
1689 1557 1809 1595 dan-

344 1623 401 1661 da
415 1637 450 1660 m
488 1624 535 1662 ei
569 1637 589 1661 e
604 1638 621 1661 s
635 1638 652 1662 s
666 1638 686 1662 e
725 1623 864 1661 actio
877 1636 902 1659 n
916 1635 936 1660 e
949 1635 1001 1660 m.
1060 1622 1113 1660 Ut
1131 1622 1247 1673 igitur
1268 1621 1413 1666 sciatis,
1435 1619 1575 1671 quade
1593 1632 1633 1657 re
1653 1625 1811 1658 senten-

340 1685 433 1722 tiam
452 1685 566 1722 laturi
587 1685 684 1731 sitis,
705 1691 744 1722 et
762 1685 822 1722 lex
843 1684 928 1721 haec
948 1684 1057 1722 vobis
1077 1684 1243 1735 legetur,
1264 1689 1303 1720 et
1321 1694 1452 1720 eorum
1476 1681 1616 1720 deinde
1636 1680 1810 1719 testimo-

345 1747 408 1783 nia
434 1745 498 1796 qui
520 1745 727 1791 affuerunt,
747 1758 835 1782 cum
867 1744 1070 1782 locationis
1091 1751 1131 1782 et
1161 1750 1389 1782 caeterorum
1419 1742 1619 1780 criminum
1639 1743 1811 1780 omnium

343 1807 617 1845 Phormionem
652 1806 918 1858 Apollodorus
951 1806 1184 1844 absolveret.
1244 1805 1352 1856 Cape
1386 1804 1610 1843 testimonia
1642 1804 1740 1851 haec,
1772 1811 1812 1842 et

343 1869 486 1920 legem.

810 1997 1168 2036 TESTIMONIA.
1224 1998 1341 2036 LEX.

346 2094 502 2133 Auditis
521 2094 672 2132 edicere
693 2094 835 2145 legem,
851 2094 1122 2141 Athenienses,
1143 2100 1225 2132 turn
1245 2100 1398 2139 caetera,
1418 2105 1585 2144 quorum
1605 2093 1707 2132 actio
1732 2105 1811 2131 non

345 2157 471 2203 detur,
489 2163 573 2194 tum
606 2168 740 2194 eorum
773 2168 859 2206 quae
897 2155 983 2206 quis
1018 2155 1210 2194 remiserit
1236 2162 1303 2193 aut
1332 2154 1593 2206 transegerit?
1643 2154 1812 2192 Merito:

347 2230 436 2255 nam
458 2218 489 2255 si
502 2218 652 2268 justum
672 2224 744 2263 est,
763 2217 903 2267 quibus
935 2217 985 2255 de
1010 2218 1126 2255 rebus
1152 2217 1272 2255 semel
1293 2216 1486 2268 judicium
1516 2217 1662 2255 factum
1683 2217 1814 2264 fuerit,

346 2292 414 2318 eas
443 2292 521 2317 non
539 2279 655 2316 licere
675 2279 804 2316 denuo
825 2292 1005 2317 revocare
1032 2280 1067 2316 in
1091 2280 1172 2330 jus,
1196 2279 1319 2317 multo
1334 2279 1480 2327 justius
1499 2285 1559 2317 est
1576 2279 1626 2317 de
1645 2279 1705 2317 his
1725 2291 1813 2330 quae

349 2341 481 2379 decisa
510 2347 602 2379 sunt
619 2353 697 2378 non
718 2340 810 2378 dare
830 2340 1037 2378 actionem.
1096 2341 1213 2384 Quod
1233 2341 1298 2391 qui
1318 2341 1423 2392 apud
1441 2353 1510 2379 vos
1529 2340 1738 2379 succubuit
1755 2340 1814 2378 di-

348 2417 434 2442 cere
466 2405 630 2442 fortasse
658 2410 789 2454 queat,
810 2416 879 2441 vos
908 2402 1030 2441 fuisse
1063 2403 1274 2454 deceptos:
1303 2403 1368 2454 qui
1396 2415 1488 2441 vero
1508 2416 1550 2441 se
1579 2402 1662 2454 ipse
1681 2402 1813 2454 palam

350 2465 639 2513 condemnavit,
660 2465 726 2517 qui
754 2465 914 2503 missum
945 2465 1051 2511 fecit,
1073 2465 1139 2515 qui
1160 2464 1366 2515 transegit,
1385 2463 1570 2515 quidnam
1601 2463 1651 2502 de
1675 2470 1816 2502 semet-

348 2531 434 2581 ipso
453 2529 562 2580 queri
588 2535 656 2567 aut
684 2540 802 2579 quam
829 2539 990 2565 causam
1015 2525 1151 2565 afferre
1177 2526 1319 2577 possit,
1337 2539 1408 2565 cur
1435 2526 1524 2577 jure
1548 2524 1679 2563 denuo
1697 2537 1814 2576 expe-

349 2590 498 2628 riatur?
545 2590 703 2627 Nullam
734 2588 927 2626 nimirum.
984 2588 1249 2632 Quamobrem
1282 2587 1381 2639 legis
1410 2587 1528 2639 hujus
1560 2592 1709 2633 auctor,
1736 2598 1813 2637 qua

349 2653 529 2691 definitur
562 2663 723 2703 quarum
749 2663 875 2688 rerum
916 2649 1079 2701 experiri
1105 2662 1182 2688 non
1215 2649 1344 2696 liceat,
1371 2649 1498 2700 prima
1527 2647 1615 2686 haec
1649 2647 1814 2699 scripsit,

351 2729 457 2766 quae
491 2714 608 2765 quis
645 2712 852 2752 remisit
884 2719 974 2750 aut
1007 2711 1292 2763 transegit.
1349 2711 1448 2755 Quae
1468 2716 1635 2761 utraque
1658 2711 1708 2749 ab
1735 2710 1812 2751 isto

351 2776 457 2814 facta
483 2782 588 2821 sunt,
608 2787 697 2813 nam
724 2782 763 2813 et
789 2773 936 2812 remisit
959 2780 998 2811 et
1026 2772 1231 2823 transegit.
1291 2773 1358 2810 Me
1390 2779 1518 2811 autem
1552 2785 1644 2811 vera
1674 2770 1816 2820 dicere,

351 2837 580 2875 testimoniis
599 2838 803 2888 probatum
824 2843 895 2882 est,
915 2835 1187 2873 Athenienses.

407 2901 444 2936 9.
476 2899 581 2949 Cape
603 2906 643 2937 et
660 2900 786 2950 legem
808 2898 856 2935 de
878 2897 1069 2948 praefinito
1089 2903 1275 2946 ternpore.
