1948 3306
333 183 381 220 72
805 185 863 224 IN
892 156 1345 226 CTESIPHONTEM.

330 284 422 322 dum
442 299 637 338 quemque
664 293 833 326 vestrum
854 289 1019 341 puderet
1045 291 1251 329 stationem
1271 292 1310 329 in
1329 291 1433 330 bello
1458 291 1529 330 sibi
1557 292 1797 343 assignatam

328 346 520 392 deserere,
541 348 596 386 ita
617 349 732 387 etiam
758 364 863 390 nunc
883 352 1030 402 pudeat
1049 353 1098 390 ab
1129 365 1177 391 eo
1202 353 1290 391 loco
1320 353 1501 404 migrare,
1525 353 1562 391 in
1583 367 1661 405 quo
1690 368 1713 393 a
1740 353 1795 391 le-

328 406 441 458 gibus
468 409 648 449 collocati
678 412 771 450 estis
796 413 1069 452 dominationis
1090 414 1287 466 popularis
1314 415 1503 453 custodes
1527 414 1716 453 hodierno
1735 414 1797 461 die

329 470 534 507 constituti.

380 534 419 569 4.
450 532 552 571 Illud
568 534 684 572 etiam
700 535 885 573 memoria
898 542 956 573 est
969 537 1193 580 tenendum,
1211 538 1412 576 universos
1428 538 1532 576 cives
1547 538 1639 588 reip.
1655 543 1800 575 statum

327 600 443 644 atque
464 596 636 645 regimen
657 603 795 634 vestrae
817 610 923 634 nunc
944 597 1033 634 fidei
1054 599 1310 646 commisisse,
1331 612 1495 650 quorum
1516 598 1581 637 alii
1599 598 1798 636 hodiernae

328 654 522 694 intersunt
541 669 686 702 causae,
712 657 775 695 alii
795 671 886 696 vero
910 660 1052 696 absunt
1073 659 1153 696 suis
1185 661 1364 711 occupati
1390 661 1580 712 negotiis:
1607 672 1709 712 ‘quos
1737 673 1799 698 re-
1829 674 1834 684 ¹

324 717 448 763 veriti,
478 724 518 756 et
538 718 806 769 jurisjurandi,
845 733 921 770 quo
951 720 1126 758 obstricti
1153 722 1262 767 estis,
1288 721 1497 773 legumque
1524 735 1730 767 memoreS‚
1766 721 1798 759 si

327 779 626 830 Ctesiphontem
661 782 942 819 convicerimus
983 789 1022 820 et
1050 782 1204 833 legibus
1234 785 1468 821 contrarium
1501 784 1722 835 falsumque
1760 791 1800 822 et

324 841 469 879 civitati
488 842 780 880 incommodum
795 843 994 881 decretum
1015 845 1310 896 conscripsisse,
1331 846 1503 892 evertite,
1520 847 1798 893 Athenienses,

324 902 456 954 iniqua
477 905 688 954 proposita,
711 905 1014 943 dominationem
1036 906 1263 957 popularem
1291 907 1439 945 civitati
1468 908 1651 955 stabilite,
1675 908 1723 946 de
1752 909 1797 946 iis

324 965 388 1016 qui
400 967 438 1003 in
455 967 628 1018 gerenda
642 981 719 1019 rep.
742 981 867 1019 neque
883 968 1035 1019 legibus
1049 982 1173 1020 neque
1191 970 1337 1007 civitati
1357 983 1484 1021 neque
1499 960 1693 1009 communi
1715 983 1797 1007 om·-

324 1029 429 1067 nium
446 1037 615 1068 vestrum
638 1031 793 1069 utilitati
822 1031 1034 1070 consulunt
1053 1045 1188 1083 poenas
1210 1031 1415 1071 desumite.
1448 1033 1563 1076 Quod
1585 1033 1616 1070 si
1636 1032 1695 1070 his
1716 1032 1797 1070 ani-

323 1091 395 1128 mis
422 1097 469 1129 ea
488 1105 575 1143 quae
595 1092 768 1131 dicturus
790 1106 875 1131 sum
904 1093 1120 1140 audieritis,
1142 1101 1248 1131 certe
1272 1094 1350 1132 scio
1379 1107 1448 1132 vos
1473 1099 1512 1132 et
1530 1094 1681 1145 justam
1710 1093 1797 1131 reli-

323 1152 551 1207 giosamque
588 1162 630 1192 et
660 1155 775 1193 vobis
796 1154 1097 1206 reipublicaeque
1123 1155 1329 1207 perutilem
1364 1154 1596 1194 sententiam
1625 1169 1710 1194 esse
1741 1155 1799 1194 la-

323 1222 443 1254 turos.

378 1279 416 1314 5.
447 1278 506 1314 Ac
525 1277 576 1316 de
602 1278 783 1318 universa
802 1280 961 1331 quidem
983 1280 1231 1318 accusatione
1253 1280 1346 1318 satis
1366 1280 1490 1317 multa
1508 1293 1569 1317 me
1596 1280 1798 1330 praefatum

322 1351 407 1376 esse
428 1340 583 1378 confido
603 1354 611 1378 :
643 1341 692 1379 de
712 1341 865 1392 legibus
885 1349 1030 1388 autem,
1051 1355 1139 1392 quae
1166 1342 1216 1380 ad
1244 1355 1311 1380 eos
1341 1342 1539 1393 pertinent
1557 1341 1621 1392 qui
1640 1342 1798 1379 rationi-

321 1400 393 1438 bus
415 1401 626 1439 referendis
648 1394 740 1440 sunt
759 1403 929 1449 obnoxii,
949 1410 1085 1441 contra
1100 1416 1197 1453 quas
1219 1403 1419 1441 decretum
1441 1403 1516 1440 hoc
1529 1403 1683 1453 scripsit
1703 1404 1798 1441 Cte-

322 1461 476 1513 siphon,
496 1464 632 1514 paucis
647 1464 728 1515 jam
762 1465 855 1502 mihi
876 1478 963 1502 esse
985 1465 1192 1502 dicendum
1213 1465 1379 1503 videtur.
1430 1460 1702 1516 Superioribus
1726 1465 1798 1516 igi-

322 1531 383 1561 tur
403 1525 653 1576 temporibus,
679 1526 857 1564 nonnulli
878 1527 1039 1564 summis
1065 1527 1104 1564 in
1128 1527 1265 1578 repub.
1293 1527 1586 1580 magistratibus
1613 1527 1737 1565 functi
1759 1534 1800 1565 et

323 1587 579 1638 vectigalibus
601 1588 778 1639 praefecti
799 1589 998 1635 curandis,
1019 1588 1161 1641 quique
1188 1589 1227 1626 in
1247 1601 1380 1627 eorum
1408 1589 1570 1639 singulis
1597 1589 1798 1627 sordidum

321 1656 517 1699 quaestum
537 1650 723 1696 facerent,
746 1650 1006 1701 adjungendis
1031 1651 1103 1689 sibi
1132 1658 1214 1689 turn
1235 1665 1258 1689 a
1278 1658 1414 1689 senatu
1436 1658 1517 1689 tum
1538 1664 1561 1689 a
1580 1651 1693 1702 plebe
1712 1664 1797 1690 ora-

320 1711 481 1757 toribus,
520 1712 713 1750 rationum
741 1712 1033 1750 referendarum
1056 1713 1207 1764 judicia
1234 1712 1416 1751 laudibus
1450 1720 1489 1750 et
1521 1712 1722 1764 praeconiis
1751 1727 1799 1750 ex

319 1771 532 1824 longinquo
546 1775 856 1820 antevertebant,
872 1774 927 1812 ita
943 1781 985 1811 ut
1000 1775 1038 1811 in
1053 1774 1267 1812 rationibus
1276 1776 1574 1824 magistratuum
1590 1774 1798 1812 reddendis

320 1842 584 1882 accusatores,
623 1837 824 1887 multoque
859 1837 975 1874 etiam
1002 1836 1126 1886 magis
1159 1835 1330 1886 judices,
1359 1836 1400 1873 in
1428 1836 1615 1874 maximas
1651 1837 1798 1874 redacti

320 1907 428 1936 erant
448 1899 663 1949 angustias.
696 1899 811 1936 Multi
828 1899 930 1936 enim
944 1911 1076 1937 eorum
1097 1898 1162 1948 qui
1179 1899 1348 1935 rationes
1368 1898 1532 1936 reddere
1547 1899 1797 1947 tenebantur,

321 1973 410 1998 cum
431 1961 672 2011 apertissime
693 1961 895 2011 peculatus
916 1967 1183 2010 arguerentur,
1206 1973 1226 1997 e
1240 1959 1398 2010 judiciis
1423 1966 1552 1997 tamen
1578 1969 1793 1999 evaserunt.

322 2021 462 2071 Neque
489 2021 529 2058 id
560 2034 653 2058 sane
682 2023 834 2059 mirum.
884 2021 1065 2058 Pudebat
1094 2021 1241 2059 scilicet
1261 2020 1432 2072 judiceS,
1452 2020 1491 2057 in
1521 2020 1660 2059 eadem
1689 2023 1797 2068 urbe,

320 2082 494 2121 fortassis
527 2083 644 2120 etiam
675 2083 812 2120 eodem
838 2095 954 2128 anno,
976 2083 1099 2120 virum
1120 2083 1241 2126 illum,
1274 2082 1321 2120 de
1340 2095 1417 2133 quo
1448 2095 1571 2133 nuper
1591 2082 1694 2120 ludis
1724 2096 1798 2134 pu-

319 2145 430 2183 blicis
451 2145 738 2196 praedicaretur,
758 2158 846 2182 eum
863 2145 1016 2182 virtutis
1037 2157 1131 2195 ergo
1151 2152 1190 2182 et
1204 2144 1365 2196 justitiae
1386 2156 1503 2181 aurea
1523 2157 1667 2182 corona
1687 2158 1711 2182 a
1727 2157 1797 2196 po-

318 2207 412 2258 pulo
431 2207 589 2250 donari;
621 2220 711 2243 mox
739 2220 758 2244 e
778 2206 925 2257 judicio
943 2206 1062 2244 videri
1082 2213 1289 2244 exeuntem
1311 2206 1403 2244 furti
1423 2219 1545 2244 causa
1563 2206 1797 2257 repetunda-

319 2282 404 2306 rum
426 2269 668 2306 damnatum.
716 2269 852 2320 Itaque
872 2269 1107 2306 sententiam
1137 2269 1236 2306 ferre
1250 2267 1404 2319 judices
1431 2269 1688 2319 cogebantur,
1719 2281 1797 2306 non

320 2345 436 2382 quam
465 2331 659 2382 objectum
688 2331 836 2369 crimen
861 2330 1092 2382 postularet,
1122 2330 1194 2368 sed
1219 2343 1298 2381 qua
1324 2329 1463 2368 civium
1487 2329 1625 2381 pudori
1654 2343 1796 2368 consu-

320 2393 480 2432 leretur.

374 2457 413 2493 6.
444 2456 545 2493 Haec
566 2468 655 2493 curn
673 2454 871 2506 legislator
890 2455 1049 2505 quidam
1070 2455 1419 2500 animadvertisset,
1442 2454 1570 2505 legem
1586 2454 1673 2492 tulit
1691 2467 1796 2492 eam-

320 2532 393 2569 que
414 2517 655 2569 praeclararm
690 2530 778 2568 quae
798 2517 942 2554 diserte
971 2523 1091 2561 vetat,
1122 2530 1170 2554 ne
1192 2517 1447 2567 quitationes
1476 2516 1651 2553 nondum
1690 2523 1795 2554 retu-

318 2581 448 2618 lerunt
463 2593 607 2618 corona
625 2579 833 2616 donentur.
880 2578 977 2622 Quae
998 2591 1085 2616 curn
1105 2592 1128 2616 a
1146 2578 1368 2629 legislatore
1388 2586 1465 2616 tam
1488 2577 1700 2628 prudenter
1719 2578 1798 2616 sint

317 2643 486 2695 provisa,
502 2642 661 2680 inventa
679 2648 808 2679 tamen
829 2640 1010 2692 quaedam
1031 2646 1124 2678 sunt
1148 2640 1314 2691 aucupia
1335 2641 1538 2678 verborum
1557 2638 1708 2688 legibus
1731 2652 1796 2676 su-

318 2705 483 2756 periora,
507 2717 669 2755 quorum
694 2703 768 2741 nisi
790 2703 876 2754 quis
898 2703 1082 2740 certiores
1112 2715 1180 2740 vos
1210 2702 1340 2748 faciat,
1360 2700 1624 2752 imprudentes
1649 2700 1795 2752 decipi-

320 2767 449 2804 emini.
483 2766 630 2803 Eorum
658 2765 773 2810 enim,
795 2764 861 2815 qui
892 2763 1040 2814 aliquos
1061 2770 1152 2802 ante
1180 2763 1323 2801 relatas
1354 2763 1524 2800 rationes
1553 2775 1698 2800 corona
1725 2762 1795 2800 do-

320 2829 475 2866 nandos
496 2835 631 2866 contra
650 2827 758 2878 leges
779 2833 953 2871 censent,
974 2826 1152 2864 nonnulli
1172 2834 1312 2864 natura
1338 2830 1429 2862 sunt
1447 2823 1630 2868 modesti,
1653 2824 1686 2861 si
1706 2824 1793 2874 quis

319 2890 435 2927 modo
452 2903 584 2928 eorum
605 2889 806 2927 modestus
827 2902 912 2926 esse
933 2895 1065 2939 potest
1083 2888 1150 2939 qui
1177 2888 1334 2925 decreta
1354 2886 1530 2925 scribunt
1549 2885 1701 2936 legibus
1726 2885 1795 2923 ad-

320 2964 433 2990 versa
449 2965 457 2989 :
490 2952 560 2991 sed
576 2959 706 2990 tamen
727 2951 988 2989 velamentum
1005 2949 1204 3000 quoddam
1219 2948 1400 2986 dedecori
1419 2948 1682 2999 praetendunt.
1713 2944 1794 2984 De-
