1981 3356
664 224 769 262 PRO
803 223 1103 262 PHORMION
1113 223 1159 261 E.
1567 228 1643 263 553

850 410 968 447 LEX.

177 507 256 545 Lex
287 506 458 559 quidem,
482 506 758 551 Athenienses,
790 506 843 544 ita
876 507 1082 558 perspicue
1108 498 1232 546 finivit
1255 514 1437 559 tempus:
1482 509 1642 560 Apollo-

174 569 293 607 dorus
315 576 458 616 autem,
484 569 596 607 annis
617 568 763 619 elapsis
795 568 962 620 amplius
982 568 1130 620 viginti,
1151 568 1271 620 pluris
1294 582 1316 607 a
1330 569 1440 608 vobis
1460 571 1643 609 aestimari

174 631 258 669 vult
288 631 524 670 calumniam
552 644 663 670 suam
691 644 810 682 quam
832 632 954 683 legeS‚
984 632 1203 671 secundum
1223 645 1320 683 quas
1336 633 1456 684 jurati
1477 647 1643 684 pronun·

110 715 118 718 -
173 692 296 731 ciatis.
353 694 481 731 Decet
510 701 639 732 autem
665 706 747 738 vos,
770 693 1046 742 Athenienses,
1071 707 1160 732 cum
1190 695 1372 733 omnibus
1394 708 1527 746 parere
1546 695 1642 746 legi-

173 754 259 800 bus,
287 761 370 792 tum
389 754 479 794 huic
499 755 539 793 in
569 756 715 807 primis,
735 769 852 806 quam
887 756 1004 794 Solon
1038 756 1306 807 mea-quidem
1329 757 1509 808 opinione
1536 757 1643 795 haud

172 815 287 853 aliam
306 816 356 854 ob
377 830 536 855 causam
557 817 659 862 tulit,
679 817 753 856 nisi
773 824 816 855 ut
835 830 882 855 ne
903 831 971 855 vos
992 817 1280 869 deciperemini.
1339 819 1442 856 Nam
1468 825 1508 856 et
1528 818 1558 856 si
1580 819 1643 857 cui

166 875 276 915 faeta
303 884 408 921 esset
430 878 570 929 injuria
594 878 688 917 satis
708 892 791 917 esse
819 879 972 929 putavit
991 878 1296 929 quinquennium
1318 879 1368 917 ad
1389 879 1642 930 exigendum,

165 944 205 976 et
237 938 466 978 mentientes
497 940 583 992 ipso
610 947 788 992 tempore
813 939 1101 980 evidentissime
1133 954 1248 992 posse
1280 940 1485 992 redargui:
1528 941 1642 979 simul

170 1000 302 1047 etiam,
318 1008 524 1053 postquam
543 1015 623 1040 non
644 1015 760 1054 posse
781 1002 863 1041 fieri
888 1003 995 1042 videt
1020 1010 1063 1041 ut
1090 1009 1129 1042 et
1155 1003 1432 1042 contrahentes
1458 1009 1498 1041 et
1521 1009 1642 1041 testes

170 1070 359 1114 perpetuo
380 1064 523 1110 vivant,
543 1064 582 1102 in
612 1077 748 1103 eorum
776 1065 906 1105 locum
933 1064 1036 1104 hanc
1055 1065 1183 1116 legem
1204 1064 1370 1110 suffecit,
1393 1072 1437 1104 ut
1465 1065 1523 1102 his
1554 1078 1643 1115 quae

169 1123 277 1162 dicta
296 1125 455 1164 fuerunt
473 1126 582 1165 testis
610 1134 712 1165 esset
731 1127 940 1178 aequitatis.

224 1188 286 1223 10.
318 1187 439 1225 Miror
458 1188 652 1238 equidem,
671 1189 852 1234 Judices,
872 1200 1053 1240 quaenam
1083 1201 1132 1227 ea
1161 1189 1238 1227 sint
1263 1201 1352 1239 quae
1380 1189 1430 1227 ad
1462 1189 1550 1227 haec
1582 1202 1642 1227 re-

167 1247 360 1297 spondere
391 1248 567 1286 instituet
596 1249 886 1299 Apollodorus:
917 1262 996 1287 non
1028 1250 1132 1288 enim
1162 1250 1201 1287 id
1227 1256 1351 1300 putat,
1379 1249 1525 1289 scilicet
1560 1263 1642 1294 vos,

167 1308 233 1359 qui
268 1322 356 1347 eum
388 1310 506 1347 nullis
538 1310 762 1351 fraudatum
793 1311 967 1361 pecuniis
997 1310 1175 1355 videatis,
1204 1323 1309 1360 aegre
1345 1310 1508 1355 laturos,
1537 1311 1644 1361 quod

168 1376 334 1408 matrem
352 1372 437 1421 ejus
459 1370 642 1409 Phormio
673 1370 829 1408 duxerit
854 1384 1032 1408 uxorem.
1092 1371 1230 1421 Neque
1259 1371 1362 1409 enim
1381 1371 1456 1409 hoc
1476 1372 1644 1422 ignorat,

168 1445 295 1483 neque
311 1432 369 1471 vel
386 1446 475 1470 eum
485 1432 660 1484 praeterit
679 1432 740 1470 vel
759 1432 967 1483 plerosque
983 1437 1172 1478 vestrum,
1193 1432 1394 1469 Socratem
1409 1433 1644 1471 mensarium

167 1494 292 1541 illum,
314 1507 337 1532 a
357 1494 522 1532 dominis
551 1494 731 1537 libertate
753 1494 958 1540 donatum,
978 1500 1023 1531 ut
1050 1493 1161 1532 istius
1194 1501 1361 1545 patrem,
1383 1493 1543 1532 dedisse
1573 1495 1643 1533 Sa-

166 1563 254 1607 tyro
274 1569 436 1595 uxorem
456 1570 580 1602 suam,
603 1556 669 1608 qui
690 1557 914 1595 servitutem
941 1555 1151 1607 aliquando
1173 1557 1278 1607 apud
1297 1556 1426 1607 ipsum
1446 1556 1643 1596 servisset.

167 1621 298 1658 Alium
336 1621 525 1660 Sosiclem
556 1622 624 1672 qui
651 1620 912 1672 argentariam
938 1621 1126 1659 factitarit
1156 1620 1312 1658 dedisse
1339 1632 1499 1657 uxorem
1532 1632 1644 1658 suam

169 1682 415 1729 Timodemo,
435 1684 502 1733 qui
530 1684 649 1721 etiam
669 1696 774 1721 nunc
801 1682 968 1720 in·vivis
995 1688 1069 1729 est,
1090 1689 1130 1720 et
1158 1682 1241 1733 ejus
1275 1681 1483 1732 aliquando
1512 1695 1644 1721 servus

166 1744 253 1782 fuit.
311 1744 450 1796 Neque
469 1757 561 1783 vero
579 1744 620 1782 id
639 1745 817 1784 homines
836 1744 927 1782 huic
947 1743 1114 1795 quaestui
1139 1743 1263 1782 dediti
1290 1743 1352 1781 hic
1374 1744 1568 1782 duntaxat
1587 1744 1643 1781 fa-

168 1806 293 1850 ciunt,
315 1806 591 1853 Athenienses,
612 1807 683 1845 sed
710 1814 751 1845 et
775 1807 814 1844 in
839 1806 982 1859 AEgina
1013 1806 1122 1844 dedit
1147 1805 1428 1857 Strymodorus
1458 1806 1643 1843 Hermaeo

166 1879 278 1913 servo
307 1880 378 1907 suo
411 1881 590 1916 uxorem,
610 1881 736 1920 eaque
760 1868 968 1915 defuncta,
996 1880 1128 1906 rursus
1160 1867 1194 1905 ei
1227 1867 1336 1905 dedit
1361 1867 1480 1905 filiam
1515 1880 1640 1906 suam.

168 1930 286 1969 Multi
305 1931 422 1984 hujus
440 1931 594 1982 generis
614 1929 909 1971 commemorari
938 1936 1114 1981 possent.
1173 1928 1327 1967 Merito.
1380 1928 1503 1967 Vobis
1524 1928 1641 1973 enim,

167 1992 443 2041 Athenienses,
462 1993 530 2045 qui
551 2000 697 2033 natura
715 1994 820 2032 cives
837 1994 944 2039 estis,
966 1992 1094 2030 nullas
1115 1992 1368 2043 pecuniarum
1389 1992 1521 2043 copias
1542 2004 1641 2041 prae-

165 2055 264 2093 ferre
295 2055 429 2107 generi
458 2055 668 2094 honestum
689 2062 774 2094 est:
807 2056 873 2106 qui
900 2062 1028 2093 autem
1055 2054 1210 2092 civitate
1230 2053 1292 2092 vel
1317 2066 1340 2091 a
1357 2053 1468 2092 vobis
1496 2053 1559 2091 vel
1593 2053 1641 2090 ab

165 2116 248 2154 aliis
269 2117 504 2168 quibusdam
524 2117 693 2155 fortunae
712 2117 904 2156 beneficio
921 2123 1015 2155 sunt
1034 2116 1184 2161 donati,
1204 2122 1256 2161 et,
1275 2122 1434 2166 propter
1447 2121 1641 2166 quaestum

166 2179 444 2229 argentarium,
465 2186 505 2216 et
533 2178 740 2229 ampliores
762 2179 1047 2229 possessiones,
1074 2177 1176 2214 idem
1192 2177 1258 2228 jus
1278 2177 1491 2222 consecuti,
1513 2176 1536 2213 ii
1555 2175 1642 2214 haec

166 2240 366 2278 custodire
402 2241 560 2278 debent.
619 2240 751 2283 Quare
779 2239 896 2277 Pasio
924 2245 1034 2289 pater
1061 2244 1152 2276 tuus
1182 2251 1308 2288 neque
1336 2238 1481 2288 primus
1512 2251 1639 2288 neque

168 2301 288 2348 solus,
309 2315 437 2352 neque
457 2302 518 2339 vel
544 2301 584 2339 in
604 2299 854 2352 semetipsum
880 2299 1189 2338 contumeliosus
1211 2300 1271 2337 vel
1290 2300 1330 2337 in
1348 2312 1418 2337 vos
1447 2299 1546 2337 filios
1569 2299 1640 2337 sed

165 2376 244 2402 non
262 2362 375 2402 aliter
391 2364 470 2401 suis
490 2364 606 2401 rebus
627 2375 744 2414 posse
763 2362 915 2400 consuli
934 2361 1191 2414 prospiciens,
1210 2361 1282 2400 nisi
1298 2360 1403 2399 hunc
1419 2361 1639 2399 necessario

163 2427 275 2466 vo‘bis
294 2427 546 2478 conjunctum
565 2425 760 2470 redderet,
779 2437 890 2463 suam
910 2424 945 2462 ei
964 2437 1142 2470 uxorem,
1167 2430 1328 2461 matrem
1358 2429 1541 2466 vestram,
1570 2422 1639 2460 de-

164 2487 332 2540 spondit.
393 2487 509 2532 Quod
541 2488 572 2525 si
598 2487 804 2525 utilitatem
831 2493 1002 2538 spectes,
1032 2499 1120 2524 eum
1154 2492 1258 2523 recte
1293 2484 1365 2522 sibi
1393 2484 1637 2535 prospexisse

165 2550 461 2604 deprehendes:
493 2551 552 2589 sin
583 2550 718 2589 habita
747 2556 816 2588 aut
845 2549 1144 2588 existimationis
1176 2554 1245 2586 aut
1274 2546 1462 2585 natalium
1489 2546 1638 2584 ratione

166 2612 410 2652 Phormionis
429 2612 658 2651 affinitatem
677 2612 879 2657 aversaris,
893 2610 982 2649 vide
1001 2624 1050 2650 ne
1062 2610 1281 2649 ridiculum
1301 2610 1353 2648 sit
1371 2622 1417 2647 ea
1437 2616 1475 2646 te
1494 2608 1639 2649 dicere.

167 2674 210 2713 Si
240 2675 329 2727 quis
359 2674 462 2714 enim
487 2682 526 2714 te
556 2680 670 2726 roget
697 2686 906 2725 quemnam
935 2680 1086 2724 patrem
1117 2679 1228 2710 tuum
1257 2671 1377 2709 fuisse
1410 2668 1638 2708 existimes?

167 2737 322 2776 Bonum
344 2739 481 2785 virum,
506 2745 567 2776 sat
588 2737 684 2783 scio,
704 2737 972 2788 respondebis.
1032 2736 1169 2774 Utrum
1198 2734 1314 2785 igitur
1340 2741 1378 2771 et
1407 2731 1578 2769 moribus
1598 2737 1639 2768 et

168 2800 280 2838 rebus
298 2801 479 2839 omnibus
499 2800 658 2839 Pasioni
684 2799 905 2839 similiorem
925 2806 1054 2850 putaS,
1082 2805 1172 2836 tene
1200 2808 1248 2834 an
1276 2793 1412 2832 hunc?
1444 2792 1533 2843 Ego
1553 2791 1637 2842 qui-

167 2859 271 2907 dem,
290 2861 383 2900 satis
413 2862 508 2908 scio,
538 2861 658 2900 hunc.
713 2861 793 2905 Qui
826 2860 941 2911 igitur
968 2859 1068 2911 patri
1101 2867 1167 2897 tuo
1198 2856 1357 2895 similior
1386 2863 1461 2900 est,
1480 2867 1582 2899 eum,
1605 2854 1637 2890 si

168 2927 328 2960 matrem
349 2928 456 2960 tuam
475 2923 598 2969 duxit,
615 2922 828 2961 aversaris?

224 2987 284 3022 11.
316 2986 448 3036 Atqui,
470 2994 509 3024 et
534 2987 650 3024 dante
676 2978 715 3023 et
740 2986 951 3024 uitandanw
980 2994 1088 3035 parre
1117 2993 1184 3020 luo
1214 2990 1299 3020 acta
1324 2994 1409 3019 esse
1436 2981 1535 3024 haec,
1558 2991 1638 3016 nou

867 3052 890 3083 4
913 3059 935 3083 Β
