1948 3306
295 164 345 200 92
759 166 818 205 IN
849 165 1296 205 CTESIPHONTEM

863 345 1190 385 ORACULUM.

618 439 689 470 Non
707 441 793 480 prius
810 442 889 471 banc
906 441 992 472 urbis
1010 446 1130 482 captam
1148 440 1292 471 delebitis
1310 450 1421 473 arcem,

616 494 714 531 Quam
731 504 799 523 mea
810 493 922 532 templa
938 494 1012 523 mihi
1026 494 1148 523 fervens
1165 492 1256 523 maris
1267 492 1361 521 alluat
1377 492 1467 525 unda,

617 544 837 583 Litoribusque
850 543 946 573 sacris
959 548 1080 573 resonet
1098 543 1259 583 Neptunia
1275 543 1427 580 Conjunx.

608 658 1042 697 JUSJURANDUM.
1086 659 1447 697 EXSECRATIO.

346 761 409 797 37.
440 759 527 798 Hac
553 762 821 800 exsecratione
850 762 966 807 facta,
987 761 1062 799 hoc
1076 761 1344 812 jurejurando,
1372 762 1448 800 hoc
1469 762 1627 800 oraculo
1654 762 1763 808 dato,

290 833 379 871 quae
395 822 525 859 omnia
545 822 582 859 in
599 823 755 861 tabulas
776 824 953 874 publicas
974 823 1095 861 relata
1114 823 1242 861 adhuc
1262 830 1430 870 exstant,
1451 824 1561 862 Locri
1580 824 1761 876 Amphis-

291 895 443 929 senses,
472 896 518 922 ac
546 885 676 935 potius
705 898 838 923 eorum
869 885 1062 937 principes
1097 885 1271 923 homines
1301 885 1548 936 iniquissimi,
1579 899 1760 937 campum

289 943 400 981 illurn
435 946 706 993 excoluerunt,
736 954 890 998 portum
927 960 1078 985 sacrum
1108 953 1147 984 et
1182 947 1412 985 sceleratum
1445 961 1578 985 rursus
1610 949 1761 986 munie-

290 1012 381 1043 runt
400 1012 439 1044 et
456 1007 694 1055 habitarunt,
715 1021 761 1046 ac
780 1009 950 1060 portoria
981 1010 1029 1046 ab
1050 1008 1373 1060 adnavigantibns
1394 1015 1629 1060 exegerunt3
1664 1023 1761 1048 non-

288 1067 550 1107 nullos-etiarn
569 1083 618 1108 ex
639 1070 841 1122 Pylagoris
858 1071 923 1121 qui
939 1071 1117 1122 Delphos
1137 1070 1480 1121 proficiscebantur
1495 1072 1659 1122 pecunia
1675 1085 1760 1110 cor—

289 1138 491 1180 ruperunt,
509 1144 587 1182 quo
608 1132 766 1183 quidem
786 1132 826 1170 in
846 1147 1006 1171 numero
1026 1133 1099 1170 fuit
1119 1132 1416 1171 Demosthenes.
1452 1132 1553 1170 Nam
1575 1133 1760 1185 suffragio

289 1197 445 1230 creatus
465 1206 489 1230 a
514 1194 623 1232 vobis
645 1194 860 1246 Pylagoras
882 1195 987 1233 mille
1012 1195 1217 1233 drachmas
1249 1195 1297 1232 ab
1322 1194 1664 1246 Amphissensibus
1696 1209 1761 1235 ac-

288 1253 406 1304 cepit,
440 1268 490 1293 ne
528 1269 643 1306 quam
677 1270 809 1294 eorum
845 1257 950 1308 apud
986 1256 1298 1308 Amphictyonas
1333 1257 1569 1294 mentionem
1603 1257 1760 1295 faceret.

288 1313 412 1353 Paeto
428 1317 544 1354 etiam
563 1319 798 1369 promissum
819 1325 913 1364 erat,
933 1325 977 1356 ut
997 1319 1034 1356 in
1054 1325 1253 1369 posterum
1273 1318 1410 1368 viginti
1428 1318 1542 1355 minae
1557 1331 1603 1356 ex
1621 1318 1762 1358 devota

219 1409 226 1414 ,
287 1375 355 1414 illa
378 1384 417 1415 et
437 1387 641 1417 exsecrata
661 1380 828 1430 pecunia
848 1380 1012 1430 singulis
1041 1380 1152 1417 annis
1183 1379 1364 1417 Athenas
1385 1379 1419 1416 ei
1444 1379 1697 1426 mitterentur,
1716 1388 1761 1418 ut

286 1437 339 1475 ibi
367 1441 472 1478 omni
499 1442 748 1480 contentione
781 1442 1129 1492 Amphissensibus
1162 1441 1429 1492 opitularetur.
1479 1440 1597 1479 Unde
1634 1442 1759 1493 magis

286 1500 402 1538 etiarn
424 1515 540 1552 qnam
561 1516 732 1554 unquam
754 1503 849 1541 alias
871 1504 905 1541 ei
928 1503 1104 1553 contigit,
1126 1508 1170 1539 ut.
1189 1515 1461 1552 quemcunque
1480 1501 1541 1540 vel
1567 1503 1759 1553 privatum

287 1562 350 1599 vel
371 1569 565 1614 potestate
584 1565 793 1615 praeditum
814 1566 876 1603 vel
897 1565 1055 1602 liberam
1076 1564 1270 1602 civitatem
1291 1565 1512 1615 attingeret,
1532 1578 1665 1603 eorum
1685 1567 1761 1604 sin-

289 1623 402 1674 gulos
420 1625 703 1664 insanabilibus
721 1627 903 1664 aerumnis
922 1625 1151 1677 implicaret.

343 1687 407 1723 38.
438 1687 515 1726 Sed
545 1688 687 1734 videte,
708 1701 858 1739 quaeso,
891 1693 1135 1739 quantopere
1162 1686 1296 1725 vicerit
1324 1687 1660 1738 Amphissensium
1689 1689 1758 1727 im-

286 1746 470 1798 pietatem
492 1748 665 1787 divinum
696 1763 842 1787 numen
862 1756 901 1787 et
928 1750 1097 1787 fortuna.
1143 1748 1347 1787 Archonte
1368 1749 1654 1800 Theophrasto,
1678 1751 1761 1790 hie-

287 1821 537 1849 romnemone
558 1811 759 1861 Diogneto
791 1811 1062 1863 Anaphlystio,
1083 1823 1152 1849 vos
1177 1810 1391 1862 Pylagoras
1419 1811 1568 1862 legistis
1596 1812 1758 1850 Midiam

286 1870 393 1909 illum
414 1872 735 1924 Anagyrrasinm,
765 1887 878 1923 quem
901 1886 974 1923 ego
993 1873 1125 1910 multis
1147 1872 1196 1910 de
1216 1873 1344 1910 causis
1363 1873 1477 1910 velim
1499 1887 1603 1911 nunc
1624 1887 1759 1926 super-

288 1933 434 1978 stitem,
458 1940 497 1972 et
526 1935 782 1986 Thrasyclem
804 1935 999 1980 Lesbium,
1030 1941 1071 1972 et
1092 1947 1153 1972 me
1181 1947 1257 1971 una
1276 1947 1364 1971 cum
1393 1933 1452 1972 his
1476 1935 1643 1974 tertium.
1679 1937 1757 1974 Ac-

285 1994 382 2033 cidit
396 2003 525 2034 autem
540 2008 655 2046 quam
676 1995 841 2046 primum
863 1996 1041 2047 Delphos
1062 1996 1179 2034 delati
1200 2009 1348 2041 sumus,
1371 2003 1414 2033 ut
1433 1996 1655 2047 Diognetus
1675 1998 1758 2036 hie—

286 2068 514 2095 romnemon
546 2057 586 2094 in
611 2057 749 2095 febrim
783 2058 984 2102 inciderit3
1030 2058 1248 2107 eodemque
1286 2059 1420 2095 morbo
1458 2065 1658 2110 correptus
1699 2068 1759 2099 est

288 2118 447 2158 Midias.
480 2120 624 2159 Caeteri
654 2120 958 2172 Amphictyones
990 2121 1028 2158 in
1058 2133 1289 2158 concessum
1310 2120 1481 2158 coibant.
1532 2121 1684 2160 Interea
1703 2125 1761 2161 af-

285 2180 404 2218 fertur
425 2182 475 2220 ad
510 2195 577 2219 nos
599 2182 648 2219 ab
675 2181 721 2219 iis
742 2183 807 2232 qui
836 2195 946 2220 suam
966 2182 1005 2219 in
1034 2181 1230 2220 civitatem
1249 2188 1418 2219 vestram
1446 2183 1756 2223 benevolentiam

286 2242 487 2281 declarare
519 2249 721 2295 cuperent,
755 2244 1073 2296 Amphissenses,
1106 2243 1304 2295 subjectos
1339 2250 1433 2282 tunc
1470 2251 1510 2282 et
1543 2245 1677 2283 mirum
1716 2247 1756 2284 in

283 2304 445 2342 modum
465 2304 755 2343 subservientes
774 2305 984 2352 Thebanis,
1009 2306 1210 2344 decretum
1243 2306 1431 2343 adversus
1457 2305 1650 2344 civitatem
1684 2322 1756 2346 no-

284 2372 403 2404 stram
440 2366 633 2413 attulisse,
670 2379 747 2418 quo
785 2368 949 2419 populus
985 2367 1237 2405 Atheniensis
1277 2367 1562 2419 quinquaginta
1598 2368 1754 2406 talentis

283 2427 550 2474 mulctaretur,
580 2435 786 2479 propterea
804 2430 911 2479 quod
929 2442 1030 2467 novo
1050 2430 1195 2480 templo
1221 2430 1446 2481 priusquam
1468 2436 1574 2468 esset
1598 2430 1756 2469 dedica-

284 2497 367 2528 tum
388 2503 524 2528 aureos
544 2489 703 2541 clypeos
724 2490 1083 2540 suspendissemus,
1108 2491 1242 2529 addita
1259 2492 1506 2542 inscriptione
1525 2504 1642 2542 quam
1663 2493 1756 2530 addi

285 2565 355 2603 par
392 2558 489 2599 erat,
523 2551 887 2589 Athenienses
927 2552 986 2590 de
1026 2552 1198 2590 Medis
1238 2566 1294 2591 ac
1332 2553 1614 2600 Thebanis,
1653 2567 1754 2604 quo

285 2621 522 2665 tempore
561 2613 840 2651 adversum
877 2612 1092 2651 Graecos
1133 2613 1184 2650 hi
1229 2620 1550 2665 pugnarent.
1613 2614 1754 2654 Hiero·
1805 2663 1811 2667 .

285 2689 467 2715 mnemon
487 2681 611 2713 autem
640 2675 871 2713 accersitum
899 2688 961 2713 me
990 2676 1166 2727 rogabat,
1191 2682 1234 2712 ut
1262 2676 1308 2712 in'
1326 2675 1534 2713 concilium
1553 2676 1754 2727 ingressus

285 2739 430 2789 aliquid
451 2736 552 2789 apud
574 2737 877 2789 Amphictyonas
899 2750 966 2788 pro
999 2737 1153 2775 civitate
1172 2743 1308 2775 nostra
1337 2737 1520 2784 dicerem,
1549 2751 1639 2775 cum
1672 2739 1753 2789 ipse

285 2801 388 2838 ultro
407 2800 446 2837 id
461 2799 498 2836 in
515 2799 644 2836 animo
660 2799 856 2837 haberem.
888 2799 1104 2849 Postquam
1125 2798 1242 2849 igitur
1254 2798 1370 2836 verba
1387 2799 1513 2836 facere
1534 2800 1751 2850 coepissem,

286 2868 325 2899 et
344 2861 498 2912 quidem
521 2860 637 2911 paulo
652 2860 828 2911 cupidius
845 2861 883 2897 in
898 2860 1101 2899 concilium
1117 2861 1316 2910 ingressus
1337 2873 1476 2905 essem,
1498 2860 1603 2910 quod
1621 2861 1754 2899 caeteri

285 2921 491 2973 Pylagorae
511 2922 629 2960 nostri
655 2923 850 2968 abessent,
883 2921 1107 2960 exclamans
1134 2921 1292 2972 quidam
1317 2934 1365 2960 ex
1391 2921 1750 2973 Amphissensibus,
