1981 3356
614 226 912 267 ADVERSUS
944 226 1247 266 LACRITUM.
1587 229 1666 268 539

197 337 258 370 est
285 331 534 385 improbitas:
565 344 640 384 ego
665 344 755 370 vero
775 344 845 370 vos
864 343 945 378 oro,
971 329 1148 378 Judices,
1168 338 1212 369 ut
1232 343 1294 370 me
1311 331 1386 370 hac
1406 330 1455 371 de
1475 344 1517 371 re
1535 331 1670 371 dicen-

193 400 270 432 tem
289 393 413 446 aequis
433 394 571 433 animis
591 393 778 438 audiatis;
809 392 915 444 quod
942 392 973 430 si
1002 399 1040 432 et
1069 393 1181 431 nobis
1208 391 1477 440 creditoribus,
1499 400 1539 432 et
1556 394 1668 433 vobis

193 456 440 495 nihilominus
460 457 510 494 ab
527 469 573 495 eo
591 455 673 494 fieri
702 455 883 507 injuriam
913 455 1137 502 ostendero,
1157 455 1336 506 juvatote
1362 468 1434 494 nos
1454 463 1498 495 ut
1514 469 1671 508 aequum

194 525 272 556 est.

249 581 286 617 2.
310 579 409 631 Ego,
422 578 600 624 Judices,
617 578 775 616 minime
789 591 923 616 noram
946 577 1043 616 istos
1063 577 1262 616 homines:
1295 577 1363 615 sed
1380 577 1671 629 Thrasymedes

191 641 410 693 Diophanti
429 641 545 687 filius,
569 640 734 692 Sphettii
754 640 870 687 illius,
891 646 930 678 et
949 640 1183 691 Melanopus
1205 640 1325 679 frater
1340 642 1439 694 ejus,
1458 640 1669 679 familiares

193 704 286 742 mihi
307 710 412 750 sunt,
434 716 660 754 summaque
680 702 969 742 necessitudine
991 702 1202 754 conjuncti.
1249 703 1302 741 Hi
1322 717 1383 742 me
1404 716 1495 742 cum
1516 701 1669 740 Lacrito

193 772 472 811 convenerunt,
493 765 755 816 undecunque
776 765 824 803 ab
841 765 919 803 isto
940 765 1268 816 cognitidneque
1288 766 1389 803 enim
1412 765 1561 809 scio—-,
1582 776 1668 814 pre-

191 828 345 879 catique
366 834 458 866 sunt
477 827 749 879 ut‘pecuniam
767 827 805 864 in
828 827 996 865 Pontum
1017 826 1128 865 istius
1149 827 1258 865 fratri
1278 827 1479 865 Artemoni
1494 832 1535 864 et
1546 825 1667 876 Apol-

192 888 329 928 lodoro
348 896 580 935 mutuarem,
601 901 679 940 quo
700 889 1153 940 negotiarentur‚—-cum
1182 889 1341 927 omnino
1372 889 1530 940 ignarus
1551 892 1670 932 esset,

191 950 369 998 Juffices,
389 952 507 989 etiam
535 951 822 1003 Thrasymedes
851 950 1109 1003 improbitatis
1137 947 1314 997 istorum,
1343 952 1412 989 sed
1434 952 1558 989 bonos
1583 962 1672 988 esse

190 1013 292 1051 viros
313 1020 354 1051 et
371 1026 449 1051 non
470 1013 568 1051 alios
589 1027 709 1064 quam
729 1013 866 1063 quales
887 1026 929 1052 se
950 1027 1036 1051 esse
1056 1020 1095 1052 et
1116 1013 1352 1052 simulabant
1370 1020 1409 1052 et
1428 1012 1671 1058 dictitabant,

192 1081 309 1125 atque
330 1076 502 1114 facturos
522 1089 610 1114 esse
632 1076 778 1122 omnia,
799 1088 886 1126 quae
906 1075 1164 1127 pollicebatur
1185 1082 1223 1113 et
1249 1075 1462 1127 recipiebat
1481 1074 1671 1120 Lacritus,

192 1137 450 1175 existimaret:
481 1137 552 1175 sed
577 1137 782 1188 plurimum
805 1143 911 1174 certe
932 1136 1156 1183 fallebatur,
1176 1150 1304 1187 neque
1326 1137 1537 1188 quicquam
1559 1142 1673 1174 norat

190 1211 279 1236 cum
299 1197 476 1248 qualibus
503 1197 644 1236 belluis
672 1199 799 1249 potius
833 1211 950 1249 quam
975 1198 1198 1235 hominibus
1219 1199 1577 1243 conflictaretur-,
1597 1210 1670 1247 ego

190 1258 308 1310 igitur
327 1266 484 1298 auctore
500 1259 765 1312 Thrasyrnede
787 1268 825 1298 et
844 1260 964 1298 fratre
991 1260 1089 1312 ejus,
1111 1259 1270 1298 Lacrito
1294 1260 1506 1311 recipiente
1531 1258 1670 1296 fratres

173 1328 284 1361 'suos
298 1322 470 1360 facturos
486 1335 574 1373 quae
588 1335 701 1373 aequa
719 1329 852 1360 essent
867 1322 1011 1369 omnia,
1031 1321 1206 1360 mutuavi
1224 1335 1312 1359 cum
1329 1321 1484 1372 hospite
1499 1321 1669 1372 quodam

191 1383 325 1423 nostro
358 1384 538 1436 Carystio
568 1385 728 1435 triginta
757 1385 881 1423 minas
911 1385 1074 1436 argenti.
1134 1385 1264 1429 Quare
1293 1383 1569 1435 syngrapham,
1600 1383 1670 1420 Ju-

191 1446 312 1493 dices,
334 1459 356 1484 a
375 1446 485 1484 vobis
513 1446 636 1484 audiri
662 1446 829 1498 primum
850 1446 979 1493 velim,
999 1460 1078 1497 qua
1102 1446 1311 1497 pecuniam
1337 1445 1614 1495 mutuavimus,
1633 1452 1671 1482 et

191 1515 311 1547 testes
337 1508 404 1561 qui
429 1509 663 1547 mutuati-oni
692 1509 973 1547 interfuerunt:
1005 1509 1145 1547 deinde
1170 1516 1210 1546 et
1229 1515 1372 1546 caetera
1387 1506 1671 1546 demonstrabi-

192 1584 293 1615 mus,
312 1584 430 1622 quam
449 1571 657 1623 perfidiose
681 1570 744 1609 isti
771 1572 812 1609 in
841 1578 979 1610 mutua
997 1570 1167 1623 pecunia
1185 1570 1351 1622 egerint.
1413 1570 1555 1608 Recita
1580 1582 1670 1621 syn-

193 1632 409 1684 grapham:
440 1632 582 1670 deinde
602 1633 835 1671 testimonia.

752 1734 1109 1777 SYNGRAPHA.

235 1824 417 1854 Mutuarunt
431 1822 604 1853 Androcles
620 1821 782 1860 Sphettius
806 1825 837 1850 et
860 1822 1032 1851 Naucrates
1048 1821 1210 1860 Carystius
1233 1821 1398 1851 Artemoni
1423 1826 1454 1850 et
1479 1820 1671 1860 Apollodoro

192 1873 359 1905 Phaselitis
383 1874 502 1914 argenti
527 1878 575 1904 ter
599 1873 683 1903 mille
705 1873 867 1902 drachmas
885 1871 1016 1901 Athenis
1033 1872 1181 1901 Mendem
1206 1882 1303 1910 nsque
1323 1876 1375 1901 aut
1392 1871 1536 1905 Scionen,
1555 1875 1585 1900 et
1601 1870 1672 1902 inde

193 1928 380 1966 Bosporum.
427 1926 520 1963 Quod
550 1924 576 1955 si
602 1925 759 1954 voluerint
787 1924 817 1953 in
845 1923 970 1956 sinistra
997 1933 1051 1952 ora
1077 1933 1173 1962 usque
1198 1923 1236 1952 ad
1261 1924 1488 1962 Borysthenem
1513 1928 1543 1952 et
1566 1933 1672 1952 rursus

192 1978 343 2012 Athenas,
367 1976 496 2007 ducenis
521 1975 638 2006 vicenis
663 1975 763 2015 quinis
792 1974 946 2004 millenas.
991 1974 1044 2003 Sin
1070 1979 1143 2013 post
1168 1974 1334 2004 Arcturum
1360 1973 1509 2003 solverint
1533 1984 1549 2002 e
1567 1974 1671 2003 Ponto

191 2030 353 2069 Templum
371 2030 616 2068 Argonautarum
641 2027 782 2066 petituri,
809 2026 958 2056 trecentis
982 2036 1034 2055 eas
1063 2032 1110 2055 ter
1135 2026 1220 2055 mille
1245 2026 1420 2061 drachmas,
1436 2026 1499 2055 viui
1515 2025 1671 2066 amphoris

195 2080 350 2111 Mendaeis
366 2080 485 2119 pignori
502 2078 656 2119 oppositis
681 2083 729 2109 ter
751 2079 848 2115 mille,
875 2079 958 2118 quod
979 2078 1127 2108 evelietur
1155 2078 1271 2108 Meuda
1288 2082 1340 2108 aut
1355 2078 1467 2107 Scione
1484 2077 1514 2107 in
1538 2078 1608 2107 navi
1625 2077 1672 2107 vi-

193 2131 454 2171 ginti-remorum,
477 2141 545 2170 quae
568 2136 616 2160 est
637 2131 782 2170 Hyblesii
806 2129 997 2159 navicularii.
1044 2128 1264 2169 Oppignerant
1286 2134 1388 2159 autem
1415 2130 1445 2159 in
1468 2129 1584 2164 vinum,
1610 2138 1670 2158 non

195 2183 344 2214 debentes
360 2186 524 2222 propterea
540 2182 682 2221 cuiquam
701 2182 863 2222 quicquam
880 2181 1013 2220 argenti,
1030 2191 1129 2220 neque
1146 2181 1183 2210 ad
1198 2180 1228 2210 id
1243 2181 1478 2217 mutuabuntur3
1497 2185 1527 2209 et
1539 2179 1672 2209 evehent

196 2244 316 2265 merces
334 2233 395 2264 vini
414 2233 513 2273 pretio
530 2238 689 2272 coemptas
704 2244 812 2263 rursus
828 2233 965 2263 Athenas
982 2232 1013 2261 in
1031 2233 1138 2262 eadem
1156 2232 1226 2262 navi
1243 2243 1357 2263 onmes.
1389 2232 1556 2262 perductis
1568 2236 1670 2261 antem

195 2286 330 2316 Athenas
347 2285 512 2319 mercibus,
524 2285 653 2314 reddent
667 2284 825 2314 debitores
838 2283 1046 2313 creditoribus
1063 2288 1221 2324 argentum
1238 2288 1383 2323 quantum
1399 2283 1532 2312 debetur
1544 2292 1584 2311 ex
1599 2290 1671 2320 syn-

195 2337 322 2378 grapha,
334 2338 413 2367 intra
426 2335 675 2375 vigesimum,ex
687 2345 747 2374 qno
765 2335 903 2365 Athenas
921 2335 1072 2371 venerint,
1088 2334 1168 2365 diem
1185 2335 1350 2374 integrum,
1367 2338 1499 2373 excepta
1511 2335 1632 2372 jactura
1645 2330 1670 2361 si

195 2400 286 2430 quam
304 2394 447 2420 vectores
463 2389 503 2418 de
519 2387 674 2417 communi
692 2387 817 2418 decreto
835 2388 974 2423 fecerint,
991 2392 1023 2417 et
1043 2387 1070 2417 si
1086 2387 1160 2427 quid
1188 2387 1330 2416 hostibus
1346 2385 1569 2426 pependerint,
1585 2384 1668 2425 quod

195 2442 235 2471 ad
249 2445 362 2470 caetera
377 2440 486 2470 attinet
502 2439 603 2469 omnia
619 2439 771 2478 integrum
788 2444 875 2469 esto:
894 2445 926 2469 et
938 2439 1127 2469 exhibebunt
1139 2439 1251 2478 pignus
1268 2438 1475 2468 creditoribus
1491 2437 1622 2466 liberum
1640 2440 1671 2464 et

195 2493 341 2528 immune,
354 2491 453 2522 donec
469 2495 582 2521 sortem
599 2501 670 2521 cum
685 2490 788 2520 usuris
805 2490 996 2520 reddiderint
1013 2501 1052 2520 ex
1071 2490 1254 2529 syngrapha.
1300 2489 1370 2520 Nisi
1384 2494 1484 2518 autem
1502 2489 1540 2517 ad
1555 2488 1668 2516 dictum

195 2544 276 2574 diem
295 2543 456 2578 solverint,
473 2541 605 2582 pignora
621 2542 828 2572 creditoribus
845 2542 1062 2582 oppignerare,
1077 2546 1107 2571 et
1124 2542 1258 2571 vendere
1270 2541 1344 2570 tanti
1357 2540 1450 2570 liceat
1461 2539 1565 2579 quanti
1579 2543 1669 2568 sunt:

196 2596 279 2636 quod
304 2595 330 2626 si
355 2595 428 2634 quid
454 2595 573 2635 argenti
596 2594 804 2624 creditoribus
828 2605 866 2624 ex
885 2595 1061 2634 syngrapha
1087 2593 1236 2623 reddendi
1258 2593 1403 2628 defuerit,
1426 2592 1552 2631 exigere
1577 2590 1671 2620 liceat

196 2647 405 2678 creditoribus
420 2646 667 2686 ab'Apollodoro
684 2652 716 2677 et
736 2647 915 2681 Artemone,
933 2651 964 2676 et
979 2646 1080 2676 omnia
1096 2656 1201 2675 eorum
1219 2646 1297 2675 bona
1320 2650 1381 2674 tam
1406 2643 1563 2673 terrestria
1579 2651 1669 2681 quam

196 2699 319 2730 nautica
335 2699 449 2738 ubique
466 2698 601 2738 gentium
616 2698 669 2728 ubi
684 2709 720 2728 ea
734 2698 847 2728 fuerint
860 2698 1027 2738 pignerari,
1038 2698 1168 2738 perinde
1183 2708 1218 2727 ac
1232 2695 1389 2736 sijudieio
1410 2695 1484 2724 victi
1496 2694 1670 2733 judicatum

198 2761 256 2780 non
279 2750 458 2786 solvissent,
475 2755 534 2780 tam
557 2749 648 2780 alteri
672 2749 734 2780 utri
757 2749 944 2779 creditorum
969 2760 1059 2789 quani
1083 2750 1219 2789 utrique.
1265 2749 1318 2779 Sin
1345 2747 1428 2777 nulla
1452 2748 1574 2785 jactura
1590 2746 1672 2775 facta

197 2801 302 2837 suerit,
316 2802 384 2838 sed,
397 2802 466 2832 navi
478 2801 586 2831 decem
598 2800 705 2831 diesin
720 2800 927 2840 Hellesponto
941 2806 1067 2837 morata,
1079 2811 1198 2831 merces
1212 2800 1241 2830 in
1255 2805 1366 2830 terram
1378 2799 1527 2837 depositae
1546 2796 1670 2831 fuerint,

199 2852 251 2881 ubi
270 2852 508 2883 Atheniensibus
524 2852 766 2893 repraesaliarum
786 2854 838 2891 jus
864 2863 921 2882 non
943 2858 1036 2888 esset,
1058 2863 1093 2882 ac
1120 2857 1230 2892 postea
1246 2851 1382 2881 Athenas
1406 2849 1523 2879 reversi
1547 2848 1670 2883 suerint,

200 2902 270 2945 [Sin
286 2913 344 2933 non
359 2904 524 2940 onerarint,
541 2904 710 2943 decemque
726 2903 794 2933 dies
818 2910 891 2943 post
909 2904 1089 2934 Caniculam
1110 2905 1138 2934 in
1158 2903 1364 2942 Hellesponto
1386 2901 1556 2932 manserint
1578 2905 1670 2939 atque

199 2947 408 2991 exonerarint,
424 2956 478 2986 ubi
501 2955 741 2986 Atheniensibus
766 2955 895 2995 pignora
911 2966 1023 2995 capere
1040 2966 1099 2986 non
1124 2955 1217 2985 licet:
1243 2954 1335 2984 etiam
1352 2954 1423 2984 inde
1438 2953 1557 2983 reversi
1574 2953 1668 2983 Athe-

201 3017 267 3040 nas,
294 3005 405 3048 W⁰lf·]
428 3017 537 3038 usuras
551 3008 682 3038 reddant
697 3017 775 3038 anuo
791 3008 949 3047 superiore
966 3007 1079 3038 tabulis
1096 3006 1271 3046 inscriptas.
1318 3006 1373 3037 Sin
1402 3006 1475 3045 quid
1506 3005 1575 3036 navi
1601 3014 1670 3044 gra·
