1998 3306
386 224 418 259 §.w

417 224 436 259 m

441 223 462 258 ΓΙ)

870 220 979 258 PRO
1011 220 1369 259 PHORMIONE.

933 413 1286 454 TESTIMONIA.

383 518 489 570 Lege
510 518 624 557 etiam
644 530 730 570 quae
752 519 907 570 publice
926 519 989 557 hic
1009 518 1047 556 in
1066 518 1259 558 civitatem
1279 521 1496 559 contulerit.

931 665 1289 704 TESTIMONIA.

434 760 499 797 20.
523 759 704 798 Phormio
724 760 851 811 igitur,
868 760 1144 807 Athenienses,
1165 766 1222 798 tot
1238 766 1277 797 et
1294 758 1411 797 tantis
1427 758 1464 796 in
1486 758 1661 809 rempub.
1681 756 1846 795 multos-

380 834 455 871 que
472 828 644 860 vestrum
660 822 810 860 collatis
823 821 1034 868 beneficiis,
1048 821 1201 860 nemine
1214 821 1275 859 vel
1291 820 1443 871 publice
1461 820 1524 859 vel
1544 819 1719 871 privatim
1736 818 1843 863 laeso,

381 895 453 920 nec
482 882 641 934 injurius
675 883 713 920 in
736 883 1034 935 Apollodorum,
1053 890 1233 934 precatur
1254 882 1524 933 supplicatque
1547 888 1588 920 et
1606 880 1783 933 postulat
1803 893 1844 917 se

378 945 612 988 conservari,
634 952 674 982 et
694 958 764 983 nos
791 946 874 997 ejus
905 945 1111 983 familiares
1134 944 1271 983 eadem
1302 957 1509 995 precamur
1538 957 1561 982 a
1585 943 1717 981 vobis:
1747 942 1844 979 illud

376 1018 468 1043 vero
488 1005 595 1043 vobis
614 1005 851 1044 audiendum
871 1013 941 1044 est.
998 1007 1160 1044 Lectum
1181 1012 1255 1051 est,
1277 1004 1550 1051 Athenienses,
1570 1004 1677 1042 hunc
1697 1009 1844 1042 tantam

376 1067 583 1117 pecuniam
618 1068 887 1119 suppeditasse
920 1068 1043 1114 vobis,
1077 1073 1262 1118 quantam
1303 1080 1376 1105 nec
1415 1066 1510 1117 ipse,
1538 1079 1610 1104 nec
1642 1066 1843 1117 quisquam

377 1128 475 1169 alius
495 1130 682 1181 possidet.
741 1130 856 1169 Fides
876 1137 1005 1168 tamen
1026 1129 1250 1168 Phormioni
1276 1129 1380 1180 apud
1400 1136 1514 1168 notos
1534 1136 1593 1168 est
1612 1136 1649 1167 et
1669 1134 1788 1167 tantae
1808 1134 1847 1166 et

377 1191 500 1230 multo
516 1193 671 1242 majoris
692 1193 881 1244 pecuniae,
898 1206 964 1245 per
984 1206 1100 1244 quam
1120 1199 1159 1231 et
1178 1193 1261 1244 ipse
1277 1192 1348 1230 sibi
1365 1192 1525 1243 prodest
1545 1198 1584 1230 et
1596 1191 1719 1231 vobis.
1746 1192 1845 1236 Quae

376 1266 424 1290 ne
443 1254 694 1305 projeceritis,
711 1267 836 1305 neque
853 1255 901 1292 ab
922 1254 1074 1305 impuro
1095 1254 1168 1290 isto
1184 1253 1340 1291 homine
1356 1254 1473 1291 everti
1492 1253 1706 1304 patiamini,
1719 1266 1844 1304 neque

375 1314 481 1352 foedo
516 1315 696 1366 exemplo
723 1316 887 1365 sancite,
908 1315 1021 1352 licere
1050 1314 1316 1365 petulantibus
1342 1314 1562 1352 hominibus
1593 1321 1633 1353 et
1657 1314 1845 1353 calumni-

376 1375 546 1414 atoribus
567 1389 662 1426 opes
684 1389 815 1413 eorum
835 1376 900 1426 qui
933 1389 1012 1413 rem
1033 1375 1182 1414 faciunt
1201 1382 1241 1412 et
1268 1375 1467 1414 moderate
1488 1376 1607 1413 vitam
1638 1376 1846 1413 instituunt

375 1451 399 1476 a
417 1437 528 1475 vobis
547 1436 765 1488 impetrare.
825 1437 958 1487 Longe
990 1437 1091 1475 enim
1120 1443 1282 1487 praestat
1310 1437 1501 1487 vobisque
1531 1436 1664 1475 utilius
1686 1435 1749 1475 es't
1778 1450 1845 1475 eas

372 1510 496 1549 penes
525 1498 631 1536 hunc
659 1511 760 1537 esse.
818 1498 969 1536 Videtis
997 1497 1099 1536 enim
1119 1497 1193 1549 ipsi
1223 1504 1263 1536 et
1289 1498 1430 1535 auditis
1450 1511 1471 1536 e
1491 1498 1669 1544 testibus,
1691 1498 1845 1549 qualem

375 1573 417 1599 se
437 1574 531 1613 erga
557 1560 751 1612 supplices
770 1561 963 1612 praebeat;
995 1573 1158 1611 quorum
1188 1559 1284 1597 nihil
1305 1559 1498 1611 augendae
1518 1552 1697 1611 pecuniae
1716 1560 1846 1599 studio

374 1622 478 1669 fecit,
497 1623 564 1661 sed
586 1622 828 1660 humanitate
847 1629 888 1660 et
907 1622 1022 1660 animi
1042 1621 1241 1660 facilitate.

428 1685 494 1722 21.
525 1684 615 1721 Non
636 1684 751 1722 decet
766 1684 896 1735 igitur,
914 1684 1189 1732 Athenienses,
1205 1683 1322 1722 talem
1341 1684 1462 1722 virum
1489 1684 1552 1723 isti
1576 1683 1719 1736 praedae
1740 1697 1842 1731 esse,

374 1759 420 1784 ac
439 1752 522 1784 tum
542 1745 698 1783 demum
718 1759 788 1783 vos
805 1746 889 1797 ejus
906 1745 1076 1784 misereri
1097 1759 1185 1783 cum
1206 1759 1253 1784 ea
1271 1745 1534 1784 misericordia
1552 1746 1647 1784 nihil
1669 1746 1705 1784 ei
1725 1745 1843 1797 prod-

373 1807 459 1854 erit,
491 1821 597 1846 nunc
624 1807 852 1846 miseremini
886 1808 978 1845 dum
1005 1810 1087 1856 ejus
1120 1808 1225 1846 salus
1246 1808 1285 1845 in
1304 1816 1435 1847 vestra
1459 1821 1575 1846 manu
1596 1814 1684 1846 est:
1716 1822 1844 1860 neque

373 1869 475 1908 enim
504 1882 578 1920 ego
605 1869 727 1906 ullum
753 1876 905 1920 tempus
932 1882 1016 1907 esse
1044 1869 1170 1916 video,
1194 1882 1272 1920 quo
1291 1870 1379 1920 quis
1399 1869 1435 1907 ei
1454 1869 1696 1908 commodius
1716 1869 1842 1921 opitu-

372 1932 485 1970 letur.
543 1931 675 1969 Verba
693 1937 823 1969 autem
843 1931 979 1978 multa,
999 1931 1140 1982 quibus
1162 1931 1426 1982 Apollodorus
1445 1937 1587 1977 utetur,
1609 1944 1736 1982 nugas
1757 1944 1843 1970 esse

374 2000 413 2032 et
433 1993 647 2032 calumnias
668 1999 849 2044 putatote
865 2009 877 2043 3
900 1993 1037 2044 jubete
1065 1992 1196 2044 potius
1216 2006 1304 2030 eum
1324 1993 1434 2031 vobis
1456 1993 1738 2038 demonstrare,
1760 2000 1842 2041 aut,

372 2068 452 2093 non
485 2055 539 2093 ita
558 2055 766 2093 mandasse
788 2061 936 2107 patrem
957 2055 1052 2106 ejus,
1081 2061 1162 2100 aut,
1182 2068 1268 2093 esse
1297 2054 1411 2093 aliam
1432 2054 1654 2106 quampiam
1678 2054 1842 2093 locatio·

373 2129 461 2154 nem
492 2123 634 2167 praeter
663 2128 749 2154 eam
776 2129 892 2166 quam
926 2129 997 2153 nos
1031 2115 1287 2161 ostendimus,
1308 2122 1389 2162 aut,
1419 2130 1460 2154 se
1495 2129 1573 2154 non
1604 2116 1842 2167 transegisse

372 2177 568 2215 subducta
587 2177 734 2215 ratione
750 2176 879 2215 omnia
896 2177 963 2215 illa
981 2177 1144 2216 crimina
1166 2190 1254 2228 quae
1270 2177 1454 2228 cognovit
1472 2185 1512 2216 et
1533 2189 1643 2216 socer
1660 2184 1698 2216 et
1715 2178 1843 2216 affinis

373 2239 458 2291 ejus
486 2239 561 2278 isto
579 2239 666 2290 ipso
687 2239 943 2285 concedente,
972 2246 1056 2285 aut,
1076 2239 1194 2278 licere
1220 2239 1372 2291 legibus
1393 2253 1453 2278 res
1473 2240 1527 2279 ita
1546 2246 1585 2279 et
1604 2245 1712 2278 actas
1732 2253 1843 2279 revo-

371 2313 461 2339 care
480 2301 519 2339 in
532 2301 737 2352 judicium,
754 2301 831 2338 tale
851 2301 969 2352 igitur
985 2301 1131 2352 aliquid
1151 2301 1355 2340 ostendat:
1386 2314 1474 2352 quae
1494 2314 1584 2340 cum
1603 2314 1681 2339 non
1700 2314 1842 2353 suppe-

371 2369 468 2408 tent,
490 2362 521 2400 si
541 2362 701 2400 crimina
721 2368 761 2400 et
780 2362 989 2401 maledicta
1015 2362 1167 2413 ingeret
1191 2369 1230 2400 et
1258 2362 1590 2414 tergiversabitur,
1605 2376 1653 2401 ne
1668 2363 1704 2401 ei
1725 2376 1842 2415 paru-

372 2423 490 2469 eritis,
511 2437 637 2474 neque
669 2436 738 2461 vos
767 2423 914 2461 clamor
941 2425 1025 2474 ejus
1051 2430 1091 2462 et
1121 2423 1363 2475 impudentia
1390 2424 1572 2475 decipiat,
1606 2425 1677 2463 sed
1705 2432 1840 2464 cavete

371 2498 494 2536 eaque
521 2484 771 2522 memineritis
799 2498 887 2535 quae
917 2498 938 2522 e
960 2485 1072 2523 nobis
1100 2484 1315 2524 audivistis,
1373 2487 1472 2528 Quae
1493 2486 1524 2524 si
1546 2486 1730 2533 feceritis,
1750 2500 1839 2525 cum

371 2546 499 2593 officio
532 2546 795 2597 religiosorum
818 2546 998 2597 judicum
1027 2546 1260 2597 fungemini,
1281 2553 1363 2584 tum
1388 2546 1492 2585 hunc
1517 2551 1604 2596 jure
1633 2561 1840 2587 conserva-

370 2607 473 2654 bitis,
507 2607 668 2658 dignum
699 2607 980 2654 incolumitate,
1017 2608 1157 2646 Jovem
1191 2608 1380 2658 optimum
1412 2609 1621 2647 maximum
1651 2615 1773 2659 testor
1801 2616 1842 2648 et

372 2670 467 2709 deos
488 2670 697 2709 universos.
762 2670 870 2721 Cape
891 2669 1031 2720 legem,
1048 2676 1088 2707 et
1108 2668 1329 2707 testimonia
1348 2668 1449 2717 haec,
1469 2669 1603 2721 eisque
1623 2669 1757 2708 recita.

841 2807 954 2844 LEX.
1016 2805 1371 2845 TESTIMONIA.

372 2907 514 2945 Nescio
534 2908 647 2959 plura
677 2909 805 2948 dicere
831 2922 1013 2961 quorsum
1043 2909 1232 2947 attineat:
1263 2917 1358 2960 puto
1379 2910 1481 2948 enim
1509 2923 1577 2949 vos
1612 2909 1706 2949 nihil
1727 2910 1836 2961 igno-

371 2982 454 3006 rare
475 2983 605 3008 eorum
627 2984 713 3022 quae
734 2962 912 3010 diximus.
973 2971 1107 3010 Exime
1129 2984 1279 3021 aquam.
