1915 3356
570 200 797 239 CONTRA
828 197 1115 237 CONONEM.
1482 199 1558 236 719

111 304 176 344 isti
196 304 278 355 Jam
309 301 610 350 bacchabantur,
631 303 855 355 plerumque
886 301 925 339 in
953 313 1094 353 pueros
1120 306 1272 339 nostros
1290 298 1559 352 pedissequos,

111 364 269 404 tandem
286 365 401 404 etiam
427 366 466 403 in
486 365 760 417 nosmetipsos.
817 363 908 402 Illos
941 362 1042 402 enim
1074 361 1167 400 dum
1197 362 1324 400 cibum
1352 367 1561 414 coquerent

110 426 217 465 fumo
237 433 305 465 aut
323 427 521 473 conviciis,
539 425 723 478 quicquid
742 425 796 464 eis
817 425 856 463 in
873 425 1037 463 buccam
1063 422 1257 470 veniebat,
1282 424 1467 462 molestos
1487 422 1560 461 sibi

108 501 196 526 esse
227 501 316 526 cum
348 489 534 534 dicerent,
555 494 594 526 et
623 486 775 525 matulis
805 487 1002 538 petebant,
1031 491 1071 524 et
1096 485 1403 536 permingebant,
1433 497 1560 535 neque

108 548 233 587 ullum
258 549 479 602 petulantiae
511 562 635 600 genus
666 554 735 587 aut
771 547 1015 586 contumeliae
1048 546 1405 598 praetermittebant.
1461 547 1560 590 Quae

109 623 180 649 nos
198 624 287 649 cum
305 611 521 649 videremus
541 617 582 649 et
599 623 702 661 aegre
719 609 922 655 ferremus,
943 608 1109 661 primum
1130 606 1477 647 dissimulavimus:
1516 614 1561 645 ut

109 678 239 710 autem
256 685 327 710 nos
346 672 637 711 subsannabant
660 684 786 722 neque
811 671 1054 718 desinebant,
1080 670 1170 709 duci
1195 683 1275 708 rem
1294 668 1560 716 indicavimus,

107 746 275 785 eumque
303 734 556 772 communiter
588 747 721 772 omnes
753 732 1051 771 contubernales
1082 732 1346 778 convenimus,
1379 744 1458 769 non
1487 743 1561 781 ego

109 794 268 833 seorsim
289 794 338 833 ab
369 794 464 833 aliis.
519 794 595 839 Qui
627 808 717 833 cum
749 807 815 832 eos
847 794 1092 845 objurgasset
1115 795 1157 831 et'
1178 806 1310 831 eorum
1328 791 1560 831 vaecordiam

107 863 331 895 accusasset
367 869 445 894 non
477 857 527 894 ob
553 869 600 894 ea
630 856 756 894 solum
783 856 831 894 de
860 855 1000 907 quibus
1029 868 1101 893 nos
1134 854 1260 905 questi
1287 867 1453 899 eramus,
1491 852 1561 891 sed

105 925 262 971 propter
290 919 418 958 omnia
449 932 580 957 eorum
608 920 644 957 in
673 919 842 958 exercitu
867 918 973 957 edita
997 918 1181 966 facinora,
1201 924 1351 957 tantum
1377 916 1501 956 abfuit
1519 922 1563 955 ut

106 980 327 1020 desinerent
344 988 412 1019 aut
430 981 716 1027 erubescerent,
733 987 790 1028 ut,
815 994 904 1019 cum
923 980 1087 1032 primum
1102 981 1270 1018 tenebrae
1289 980 1404 1018 factae
1418 985 1562 1025 essent,

107 1043 237 1080 statim
266 1043 305 1080 in
332 1056 403 1081 nos
429 1044 567 1082 eodem
599 1043 662 1081 die
691 1043 842 1095 vesperi
870 1043 1053 1094 impetum
1080 1042 1253 1081 fecerint.
1309 1041 1366 1080 Ac
1396 1041 1561 1093 primum

106 1103 402 1150 maledixerunt,
430 1105 587 1143 tandem
605 1104 827 1144 verberibus
848 1104 962 1143 etiam
989 1117 1052 1142 me
1080 1103 1316 1143 affecerunt:
1344 1110 1383 1142 et
1411 1109 1559 1141 tanturn

107 1164 314 1203 clamorem
334 1173 372 1204 et
392 1166 600 1205 tumultum
619 1167 720 1205 circa
735 1166 940 1205 tentorium
962 1166 1190 1213 excitarunt,
1202 1172 1246 1204 ut
1259 1173 1298 1204 et
1317 1165 1397 1203 dux
1415 1171 1455 1203 et
1472 1178 1562 1203 cen-

105 1226 275 1265 turiones
306 1227 481 1266 venirent
512 1235 552 1266 et
581 1227 740 1266 aliorum
770 1227 934 1266 militum
959 1227 1131 1279 quidam,
1152 1228 1219 1279 qui
1251 1227 1482 1266 obstiterunt
1511 1240 1561 1265 ne

105 1287 200 1338 quid
218 1288 255 1325 in
274 1301 345 1327 nos
367 1290 521 1341 gravius
540 1290 799 1337 consulerent,
820 1297 887 1328 aut
912 1303 936 1328 a
953 1290 1063 1329 nobis
1080 1296 1318 1342 paterentur,
1343 1302 1392 1327 ea
1417 1288 1563 1328 debac-

102 1349 280 1388 chatione
299 1350 468 1393 irritatis.
526 1352 585 1399 Re
613 1352 805 1390 hactenus
827 1365 1046 1404 progressa,
1065 1358 1110 1390 ut
1135 1351 1213 1389 huc
1241 1351 1462 1396 redivimus,
1481 1351 1561 1398 irae,

105 1418 150 1449 ut
167 1412 249 1450 fieri
267 1412 378 1459 solet,
393 1414 493 1452 inter
513 1426 584 1452 nos
604 1420 644 1452 et
661 1414 870 1453 inimicitiae
891 1428 984 1453 sane
1003 1415 1175 1452 fuerunt.
1225 1413 1317 1452 Non
1338 1421 1468 1452 tamen
1487 1426 1562 1465 ego

105 1473 168 1512 vel
197 1474 235 1513 in
263 1474 328 1526 jus
355 1488 422 1514 eos
445 1483 649 1528 propterea
666 1477 878 1525 vocandos,
897 1477 957 1516 vel
986 1477 1103 1516 ullam
1132 1477 1320 1527 rationem
1341 1476 1562 1516 habendam

106 1549 237 1575 eorum
265 1551 353 1589 quae
385 1537 620 1585 acciderant,
648 1533 860 1591 putabam:
891 1540 961 1578 sed
988 1539 1084 1578 illud
1112 1540 1269 1578 omnino
1302 1539 1563 1586 decreveram,

107 1611 245 1636 cavere
264 1612 310 1636 ac
330 1599 422 1638 dare
441 1613 598 1651 operam
619 1614 667 1639 ne
687 1602 852 1652 posthac
873 1602 910 1639 in
931 1601 1074 1640 similes
1094 1601 1270 1640 homines
1289 1601 1509 1640 inciderem.

161 1661 198 1697 3.
229 1659 415 1699 Exhibito
434 1661 548 1713 igitur
566 1662 604 1699 in
623 1662 756 1714 primis
778 1663 826 1701 de
845 1662 920 1709 his,
940 1676 1028 1714 quae
1043 1663 1137 1708 dixi,
1158 1663 1392 1710 testimonio,
1412 1670 1561 1714 postea,

107 1735 194 1774 quae
223 1723 272 1761 ab
303 1723 377 1761 isto
402 1723 472 1762 sim
503 1737 723 1776 perpessus,
750 1726 965 1771 ostendam,
996 1732 1037 1763 ut
1057 1725 1200 1772 sciatis,
1220 1739 1320 1773 eum,
1348 1726 1410 1765 cui
1439 1726 1563 1778 prima

105 1784 248 1823 delicta
277 1785 507 1837 castiganda
539 1786 717 1834 fuissent,
749 1787 875 1839 ipsum
904 1789 1069 1839 priorem
1099 1788 1224 1827 multo
1250 1788 1439 1827 atrociora
1457 1801 1562 1827 com-

106 1859 270 1886 misisse.

653 1953 1010 1991 TESTIMONIA.

107 2032 205 2078 Quae
225 2033 342 2085 igitur
359 2046 518 2085 prorsus
545 2033 783 2085 negligenda
801 2046 889 2072 esse
917 2032 1024 2078 duxi,
1051 2031 1137 2071 haec
1157 2039 1263 2070 sunt.
1321 2031 1413 2070 Non
1439 2031 1561 2070 multo

105 2101 233 2134 autem
253 2102 343 2147 post
372 2095 648 2134 deambulante
677 2109 754 2143 me,
773 2109 843 2147 pro
868 2108 975 2134 more
1000 2107 1101 2142 meo,
1121 2095 1270 2146 vesperi
1299 2094 1338 2132 in
1367 2094 1450 2132 soro
1475 2107 1563 2132 cum

106 2156 366 2196 Phanostrato
389 2157 644 2209 Cephisiense
664 2158 835 2210 quodam
854 2157 1073 2209 aequalium,
1093 2155 1266 2207 praeterit
1284 2156 1436 2194 Ctesias
1462 2156 1563 2194 filius

105 2218 230 2266 istius,
249 2218 391 2266 ebrius,
411 2218 515 2258 circa
528 2219 769 2267 Leocorium,
788 2232 909 2272 prope
930 2218 1144 2271 Pythodori
1159 2218 1275 2257 aedes.
1302 2217 1563 2270 Conspicatus

105 2287 236 2319 autem
267 2293 353 2326 nos,
374 2279 543 2319 clamore
568 2281 734 2328 sublato,
761 2293 969 2332 secumque
997 2293 1240 2318 murmurans
1270 2293 1373 2319 more
1397 2280 1563 2319 hominis

106 2342 212 2389 ebrii,
224 2348 267 2381 ut
285 2355 364 2380 non
379 2342 681 2394 intelligeremus
697 2343 789 2394 quid
802 2343 1034 2394 loqueretur,
1048 2342 1231 2394 praeteriit
1246 2342 1407 2380 Meliten
1430 2355 1563 2381 versus

105 2403 374 2443 adscendens:
415 2411 596 2456 potarant
625 2411 755 2443 autem
790 2404 953 2443 ibi—sic
985 2404 1085 2442 enim
1118 2411 1254 2456 postea
1286 2404 1564 2457 accepimus—-

105 2466 210 2518 apud
234 2466 480 2519 Pamphilum
517 2466 718 2514 fullonem,
740 2468 894 2515 Conon,
923 2467 1152 2505 Theotimus
1182 2466 1355 2518 quidam,
1375 2466 1562 2505 Archebi-

105 2528 214 2575 ades,
237 2528 465 2580 Spintharus
486 2529 629 2568 Eubuli
648 2529 762 2576 filius,
784 2530 1014 2580 Theogenes
1035 2528 1300 2567 Andromenis
1320 2529 1434 2576 filius,
1455 2528 1564 2566 multi

105 2589 190 2634 alii;
222 2591 361 2643 quibus
383 2590 534 2630 Ctesias
558 2592 762 2630 concitatis
781 2592 821 2630 in
840 2593 965 2630 forum
985 2592 1103 2630 venit.
1163 2591 1226 2630 Sic
1253 2598 1383 2629 autem
1409 2591 1563 2637 accidit,

105 2652 215 2690 nobis
239 2665 263 2691 a
293 2652 538 2705 Proserpinae
557 2654 649 2693 fano
677 2654 954 2692 revertentibus
986 2661 1024 2692 et
1048 2653 1400 2698 deambulantibus,
1422 2660 1464 2689 ut
1483 2665 1564 2690 rur—

107 2727 191 2751 sum
210 2727 330 2767 prope
350 2715 478 2767 ipsum
508 2717 734 2755 Leocorium
755 2730 943 2763 essemus,
964 2723 1004 2755 et
1021 2716 1060 2754 in
1079 2717 1174 2755 istos
1194 2715 1462 2754 incideremus.
1514 2714 1565 2751 Ut

106 2783 235 2814 autem
265 2778 462 2829 congressi
487 2792 634 2824 sumus,
665 2792 765 2817 unus
800 2793 946 2825 eorum,
981 2778 1138 2830 quidam
1166 2778 1281 2816 homo
1315 2777 1485 2828 ignotus,
1525 2777 1563 2814 in

108 2836 411 2877 Phanostratum
432 2839 540 2878 irruit
565 2853 730 2891 eumque
756 2840 930 2878 detinet:
961 2841 1099 2878 Conon
1127 2846 1255 2877 autem
1288 2845 1328 2875 et
1352 2837 1452 2875 filius
1480 2838 1564 2890 ejus

107 2905 146 2936 et
174 2898 428 2939 Andromenis
467 2901 583 2948 filius,
607 2902 646 2939 in
681 2915 741 2940 me
767 2902 872 2940 facto
905 2903 1064 2954 impetu,
1095 2901 1261 2952 primum
1289 2912 1351 2937 me
1383 2908 1564 2946 exsuunt,

108 2959 247 2999 deinde
263 2962 550 3013 supplantatum
571 2971 610 3002 et
628 2971 862 3016 prostratum
889 2965 926 3002 in
945 2977 1099 3002 coenum
1128 2964 1182 3002 sic
1214 2969 1426 3001 tractarunt
1446 2962 1564 3000 insul-
