1965 3356
505 212 790 251 ADVERSUS
822 211 1239 252 MACARTATUM.
1525 214 1597 250 621

146 326 224 358 tem
240 324 347 357 vetat
363 318 424 356 vel
454 318 494 356 in
522 317 675 369 proprio
693 316 922 369 patrimonio
948 316 1024 353 ista
1042 315 1149 353 fieri:
1179 316 1343 353 multum
1364 316 1512 354 scilicet
1542 316 1609 354 isti

147 386 297 426 curant,
317 393 366 418 an
398 380 550 432 legibus
583 379 721 418 vestris
739 372 1035 429 ‘obtemperent,
1063 384 1131 415 aut
1159 375 1326 428 Hagniae
1359 377 1508 416 familia
1537 377 1606 416 de-

149 442 309 481 soletur.

204 504 267 541 17.
298 503 384 558 Ego
408 516 498 542 vero
517 503 566 540 de
591 502 738 554 meipso
762 513 889 553 pauca
908 500 1035 539 dicam
1058 499 1163 552 apud
1180 513 1266 545 vos,
1294 499 1472 546 Judices,
1493 508 1611 552 atque

146 565 365 613 ostendam,
385 565 494 604 aliter
515 577 631 615 quarn
658 563 741 601 istis
760 576 863 601 curae
882 563 975 600 mihi
993 562 1116 601 fuisse
1136 562 1382 612 Hagnianam
1408 562 1609 609 familiam,

145 633 192 665 ut
207 640 258 666 ne
275 627 471 666 interiret:
501 639 588 663 nam
607 632 647 663 et
664 625 747 676 ipse
768 638 854 663 sum
873 624 1046 662 Buselini
1064 624 1229 674 generis.
1288 623 1484 661 Habronis
1505 625 1612 661 enim

94 692 99 699 ’
147 686 282 727 Buseli
299 687 367 726 filii
386 692 540 737 neptem
561 699 582 723 e
601 685 682 724 filia
700 685 811 723 duxit
830 685 1093 731 Callistratus,
1114 684 1320 722 Eubulidae
1341 685 1456 731 filius,
1477 685 1612 724 Buseli

147 761 296 801 nepos:
326 755 367 787 et
385 762 433 787 ex
455 748 653 787 Habronis
675 755 790 799 nepte
810 754 849 785 et
878 746 1102 785 Callistrato
1120 753 1265 797 nepote
1292 746 1488 784 Habronis
1516 754 1613 786 nata

147 818 207 848 est
235 817 359 849 mater
382 818 528 848 nostra.
584 809 672 860 Ego
698 823 789 848 vero
821 816 982 847 matrem
1001 809 1114 860 hujus
1137 807 1286 860 judicio
1307 808 1471 847 evictam
1498 809 1611 856 duxi;

144 872 304 924 natique
322 872 413 910 mihi
432 872 498 910 filii
517 877 609 910 sunt
627 878 807 923 quatuor,
828 884 906 909 una
925 870 1017 909 filia.
1074 869 1145 908 His
1167 870 1326 908 nomina
1345 871 1525 922 imposui,
1539 871 1612 909 Ju-

147 935 270 981 dices,
292 934 392 981 haec,
411 941 505 972 natu
522 934 688 972 maximo
711 934 833 973 Sosiae
852 933 972 986 patris
995 932 1082 980 mei,
1107 939 1151 971 ut
1167 946 1322 984 aequum
1344 939 1428 979 est;
1456 939 1496 972 et
1515 940 1612 973 natu

146 999 315 1036 maximo
332 997 373 1035 id
390 1009 533 1035 nomen
551 996 715 1035 restitui.
771 996 950 1034 Proxime
970 996 1018 1034 ab
1045 995 1121 1033 hoc
1145 1002 1237 1033 nato
1262 1007 1404 1033 nomen
1433 996 1508 1034 feci
1530 997 1610 1033 Eu-

146 1058 306 1106 bulfflae,
327 1058 433 1110 quod
462 1071 606 1097 nomen
629 1059 702 1097 fuit
727 1059 825 1110 patri
854 1058 987 1097 matris
1015 1058 1124 1109 pueri
1148 1056 1279 1109 hujus.
1337 1058 1385 1095 Ei
1412 1058 1476 1108 qui
1506 1058 1612 1097 hunc

145 1121 314 1172 sequitur
332 1120 558 1162 Menesthei
577 1134 718 1159 nomen
737 1121 921 1172 imposui:
952 1133 1043 1158 nam
1071 1126 1111 1158 et
1135 1119 1387 1158 Menestheus
1419 1126 1612 1171 cognatus

144 1182 255 1220 uxori
272 1195 373 1220 meae
385 1182 472 1220 fuit.
528 1183 695 1220 Minimo
716 1195 860 1220 nomen
878 1182 952 1220 feci
973 1182 1212 1227 Callistrato,
1231 1181 1337 1232 quod
1354 1195 1495 1220 nomen
1512 1181 1613 1232 patri

147 1242 281 1281 matris
296 1256 392 1281 meae
411 1243 497 1281 fuit.
552 1243 750 1281 Praeterea
769 1242 890 1281 filiam·
905 1243 1022 1280 etiam
1041 1242 1139 1280 nulli
1166 1242 1292 1280 alieno
1311 1243 1516 1292 collocavi,
1543 1243 1614 1281 sed

146 1303 275 1343 fratris
295 1304 370 1342 rnei
388 1304 480 1350 filio,
498 1311 544 1343 ut
565 1304 596 1341 si
615 1304 820 1351 valuerint,
846 1311 885 1343 et
903 1304 1042 1342 horum
1061 1304 1170 1342 liberi
1195 1317 1244 1342 ex
1269 1305 1407 1342 eadem
1428 1304 1505 1342 sint
1524 1317 1614 1342 cum

149 1367 308 1419 Hagnia
327 1367 484 1405 familia.
541 1367 600 1405 Ac
625 1380 698 1418 ego
730 1367 886 1418 quidem
914 1380 999 1405 eam
1029 1367 1219 1406 rationem
1243 1366 1322 1412 inii,
1350 1380 1428 1418 qua
1450 1367 1616 1404 maxime

146 1428 305 1467 familiae
330 1428 504 1467 oriundae
536 1442 560 1467 a
588 1429 735 1468 Buselo
755 1435 1100 1468 conservarentur:
1131 1429 1170 1468 in
1197 1430 1293 1468 istos
1320 1436 1451 1468 autem
1483 1442 1614 1467 rursus

147 1491 399 1543 inquiremus.
457 1491 536 1529 Sed
555 1491 685 1543 legem
707 1492 813 1543 prius
831 1491 934 1530 hanc
955 1491 1086 1530 recita.

816 1624 933 1662 LEX.

193 1722 314 1752 Praetor
339 1731 440 1752 curam
458 1725 543 1760 gerat
566 1720 767 1760 pupillorum,
784 1725 816 1750 et
837 1720 1036 1759 pupillarum,
1062 1724 1093 1750 et
1121 1719 1300 1750 familiarum
1319 1730 1386 1759 quae
1403 1720 1568 1757 intereunt,
1584 1725 1616 1751 et

150 1777 356 1804 matronarum
374 1783 442 1812 quae
457 1777 581 1802 manent
596 1771 628 1801 in
644 1771 766 1801 aedibus
780 1771 958 1801 maritorum
972 1772 1185 1801 defunctorum
1199 1782 1233 1800 se
1241 1775 1360 1801 uterum
1373 1772 1450 1800 ferre
1460 1771 1618 1801 dicentes:

149 1823 258 1853 horum
274 1833 377 1854 curam
393 1828 491 1863 gerat,
506 1833 607 1862 neque
623 1822 703 1852 sinat
717 1822 763 1853 eis
780 1822 921 1861 injuriam
940 1822 1017 1858 fieri,
1028 1827 1079 1852 aut
1091 1822 1254 1861 quicquam
1269 1822 1299 1852 in
1315 1832 1368 1852 eos
1381 1822 1517 1861 iniquum
1532 1833 1615 1852 com-

148 1873 231 1905 mitti
245 1885 252 1904 ε
277 1879 309 1905 et
323 1878 507 1915 potestatem
520 1875 631 1905 habeat
648 1874 830 1904 auctoritate
851 1874 1048 1913 magistratus
1065 1874 1239 1913 infligendae
1251 1883 1362 1913 poeuae.
1406 1873 1458 1903 Sin
1473 1875 1617 1912 graviore

147 1931 240 1967 poena
253 1927 367 1967 dignus
382 1927 551 1963 videbitur,
568 1927 751 1957 accersitum
767 1933 904 1962 accuset,
922 1931 953 1956 et
970 1926 1085 1956 mulcta
1105 1936 1160 1956 suo
1179 1926 1309 1956 arbitrio
1326 1926 1488 1964 inscripta,
1504 1926 1533 1955 in
1551 1927 1618 1956 He-

145 1979 248 2010 liaeam
262 1979 449 2011 introducat.
495 1979 588 2017 Quod
604 1978 631 2010 si
647 1979 808 2010 convictus
823 1979 838 2008 f
839 1979 928 2014 uerit,
943 1979 1127 2018 pronunciet
1142 1978 1266 2008 Heliaea
1277 1977 1350 2018 quid
1367 1978 1396 2008 ei
1412 1978 1453 2008 sit
1469 1978 1616 2008 luendum

148 2035 203 2062 aut
211 2031 404 2062 solvendum.

152 2116 241 2161 Quo
267 2122 396 2155 autem
418 2123 536 2168 pacto
561 2116 687 2167 magis
712 2115 784 2154 ulli
812 2115 996 2155 familiam
1018 2115 1182 2167 alicujus
1208 2115 1423 2166 exstirpare
1449 2116 1616 2166 possint,

151 2187 268 2228 quam
289 2176 322 2215 si
352 2178 520 2229 Hagniae
553 2191 693 2230 genere
721 2177 916 2229 proximos
943 2177 1164 2229 expulerint
1181 2176 1221 2224 ii,
1247 2177 1435 2228 qui-sunt
1462 2189 1510 2215 ex
1541 2177 1616 2215 alia

117 2278 121 2288 ἶ
152 2238 286 2279 Stratii
302 2239 479 2278 familia?

205 2303 268 2341 18.
299 2303 350 2341 Et
367 2315 514 2350 rursus,
531 2303 566 2341 si
582 2302 851 2342 haereditatem
872 2301 1040 2353 Hagniae
1058 2301 1246 2353 postulat,
1266 2308 1311 2339 ut
1325 2308 1530 2353 cognatus,
1545 2315 1614 2340 no-

149 2376 239 2404 men
258 2371 387 2404 autem
407 2365 526 2404 habet
543 2364 690 2404 nedum
716 2377 768 2403 ex
796 2364 968 2416 Hagniae
986 2363 1143 2410 familia,
1171 2363 1243 2402 sed
1270 2376 1343 2402 nec
1363 2376 1383 2401 e
1405 2363 1537 2401 Stratii
1558 2363 1617 2401 sui

148 2427 431 2479 progenitoris;
460 2433 577 2479 atque
606 2427 720 2474 adeo,
756 2440 846 2466 cum
881 2433 991 2465 tanta
1021 2427 1138 2465 fuerit
1165 2426 1298 2465 Buseli
1328 2426 1550 2478 posteritas,
1568 2439 1618 2463 ne

147 2487 303 2528 illorum
320 2488 477 2540 quidem
503 2489 621 2528 ullius
640 2502 781 2528 nomen
800 2488 931 2528 habet.
989 2488 1092 2526 Nam
1108 2487 1211 2527 unde
1238 2495 1298 2527 est
1318 2487 1529 2526 Macartati
1548 2500 1618 2525 no—

149 2548 272 2589 men?
311 2554 346 2589 A
375 2557 552 2590 materna
576 2551 747 2591 familia:
788 2551 999 2602 adoptatus
1031 2550 1132 2589 enim
1160 2550 1232 2590 iste
1267 2556 1328 2589 est
1357 2549 1398 2587 in
1431 2549 1616 2587 familiam

151 2611 360 2652 Macartati
379 2613 600 2666 Prospaltii,
629 2614 810 2653 avunculi
837 2614 910 2661 sui,
931 2620 971 2652 et
994 2613 1102 2651 illam
1128 2613 1243 2651 etiam
1273 2612 1393 2651 habet
1416 2611 1616 2649 familiam.

151 2674 279 2727 Atque
296 2675 352 2714 ita
368 2676 529 2728 injurius
547 2683 619 2724 est,
639 2683 686 2715 ut
704 2683 797 2715 nato
818 2676 888 2715 sibi
907 2675 1000 2723 filio,
1021 2689 1107 2714 eum
1127 2676 1243 2714 etiam
1264 2676 1303 2713 in
1320 2674 1490 2725 Hagniae
1506 2672 1617 2710 fami-

150 2736 244 2777 liam
270 2738 517 2778 introducere
549 2739 600 2778 sit
627 2739 784 2786 oblitus,
807 2739 923 2790 idque
944 2752 1033 2777 cum
1064 2739 1231 2790 Hagniae
1261 2737 1532 2775 haereditatem
1562 2742 1618 2773 te-

152 2805 258 2846 neat,
277 2807 317 2839 et
334 2801 418 2853 ejus
437 2814 479 2840 se
506 2801 692 2853 gentilem
711 2815 797 2840 esse
815 2800 1050 2854 profiteatur.
1111 2800 1190 2839 Sed
1209 2813 1297 2837 eum
1323 2799 1443 2836 filium
1465 2797 1620 2835 Macar-

152 2866 237 2899 tato
255 2862 445 2901 avunculo
466 2862 731 2915 adoptandum
751 2863 858 2902 dedit
885 2863 926 2901 in
952 2862 1216 2914 Prospaltiurn
1245 2860 1506 2912 municipium,
1534 2858 1616 2896 Ha-

155 2923 338 2974 gnianam
366 2931 495 2963 autem
513 2925 696 2964 familiam
718 2932 904 2977 quantum
924 2925 961 2963 in
983 2938 1025 2963 se
1045 2925 1123 2962 fuit
1147 2923 1340 2974 exstingui
1360 2936 1500 2975 passus
1531 2928 1617 2960 est:

155 2983 224 3037 qui
241 2984 346 3027 idem
364 2985 459 3026 dicit
476 2994 625 3039 patrem
645 3001 757 3028 suum
779 2988 945 3038 Hagniae
973 2987 1091 3026 fuisse
1111 2993 1309 3037 agnatum.
1369 2987 1469 3024 Cum
1491 2992 1618 3022 autem
