1948 3306
305 187 377 223 112
760 186 816 223 IN
848 186 1303 226 CTESIPHONTEM.

299 303 417 328 nemo
436 290 725 341 praemonuerit,
741 291 1002 331 internoscere
1018 291 1191 344 possitis.
1228 290 1272 328 Id
1293 295 1461 336 tantum,
1479 291 1585 342 quod
1607 291 1768 330 istorum

296 352 498 403 utriusque
517 366 723 391 commune
744 363 804 394 est
821 355 1003 406 quodque
1021 355 1068 392 de
1090 354 1135 392 iis
1156 353 1260 405 apud
1280 366 1350 390 vos
1370 353 1506 390 merito
1527 353 1602 390 dici
1620 360 1763 404 potest,

296 426 503 464 exponam.
557 416 604 453 In
626 416 708 454 foro
729 416 844 467 igitur
864 417 1173 454 circumcursant
1194 428 1320 453 veram
1341 415 1437 452 alter
1456 414 1505 452 de
1535 414 1659 452 altero
1679 414 1764 466 opi»

294 475 450 513 nionem
468 476 672 523 habentes,
695 491 889 528 vocesque
905 478 1060 516 minime
1082 478 1203 516 falsas
1218 477 1433 528 jactantes.
1464 476 1596 526 Negat
1610 489 1650 513 se
1667 475 1762 514 Cte-

294 536 432 587 siphon
453 537 524 575 sibi
544 540 749 590 quicquam
769 539 931 582 timere;
964 546 1094 589 sperat
1108 540 1209 577 enim
1230 552 1271 577 se
1297 538 1482 576 stolidum
1509 537 1705 588 quendam
1726 543 1765 575 et

293 598 512 649 imperitum
533 601 660 638 visum
679 601 723 638 iri
741 613 750 638 :
780 600 850 637 sed
870 599 1150 638 Demosthenis
1170 601 1208 638 in
1226 599 1537 638 administranda
1556 612 1631 650 rep.
1656 611 1764 650 quae-

294 669 376 701 stus
392 664 606 715 flagitiosos
628 670 668 702 et
688 664 1047 702 consternationem
1063 671 1102 701 et
1122 664 1330 715 ignaviam,
1350 677 1397 701 ea
1415 676 1507 700 vero
1524 676 1564 700 se
1581 663 1764 713 pertime-

293 737 404 763 scere
424 726 641 762 confirmat.
679 726 968 763 Demosthenes
990 732 1138 770 contra,
1160 738 1249 762 curn
1270 725 1309 762 in
1330 738 1371 762 se
1391 725 1473 774 ipse
1500 724 1685 769 intuetur,
1705 736 1767 761 se-

291 799 384 823 curo
405 800 446 823 se
467 785 594 822 animo
624 798 710 822 esse
731 787 941 835 praedicat;
974 793 1014 820 at
1041 786 1307 835 Ctesiphontis
1343 786 1626 835 improbitatem
1647 792 1686 823 et
1704 786 1760 823 le-

290 846 444 884 nocinia
459 846 707 883 vehementer
719 845 1025 896 perhorrescere.
1062 846 1172 886 Quos
1189 846 1305 896 igitur
1325 858 1397 883 sua
1414 852 1549 883 mutua
1569 847 1762 884 sententia

289 908 522 959 flagitiorum
545 908 686 958 arguit,
716 920 786 945 vos
808 916 1034 945 communes
1061 907 1264 958 utriusque
1278 907 1434 958 judices
1461 907 1682 946 criminibus
1712 921 1760 945 ne

290 970 491 1009 absolvite.
1261 958 1265 967 Ἴ

345 1034 408 1071 76.
441 1033 502 1071 De
523 1032 567 1070 iis
584 1046 675 1071 vero
695 1046 782 1084 quae
805 1033 842 1070 in
864 1045 925 1070 me
946 1038 1135 1084 congeret
1153 1031 1371 1071 maledictis
1393 1045 1521 1083 pauca
1539 1045 1643 1070 nunc
1663 1046 1763 1083 prae-

287 1095 570 1134 fabor.'Audio
588 1095 688 1133 enim
709 1095 1016 1134 Demosthenem
1038 1095 1247 1140 dicturum,
1269 1095 1548 1146 rempublicam
1570 1107 1593 1132 a
1613 1107 1657 1132 se
1676 1095 1761 1145 qui-

288 1157 379 1196 dem
415 1157 545 1208 multa*
567 1157 787 1203 commoda,
818 1171 840 1195 a
869 1170 930 1195 me
961 1164 1093 1195 autem
1123 1157 1248 1195 multa
1277 1157 1421 1195 damna
1453 1156 1688 1208 suscepisse,
1722 1164 1760 1195 et

286 1220 399 1258 simul
420 1219 643 1271 Philippum
665 1226 704 1258 et
724 1220 991 1257 Alexandrum
1013 1226 1129 1270 atque
1156 1219 1247 1256 inde
1268 1226 1360 1257 nata
1380 1219 1540 1257 crimina
1557 1220 1597 1256 in
1618 1231 1678 1257 me
1697 1232 1758 1257 re-

281 1283 492 1332 jecturum.
527 1282 596 1320 Est
614 1283 730 1328 enim,
752 1289 796 1320 ut
814 1282 980 1328 videtur,
1001 1282 1100 1319 adeo
1122 1281 1289 1319 callidus
1309 1283 1515 1319 verborum
1538 1280 1687 1327 artifex,
1715 1288 1759 1319 ut

279 1345 361 1395 jam
384 1357 461 1381 non
483 1344 574 1382 satis
594 1344 751 1396 habeat,
773 1343 899 1394 siquid
927 1356 1001 1394 ego
1021 1343 1059 1380 in
1080 1357 1161 1394 rep.
1184 1343 1289 1394 gessi
1307 1343 1369 1381 vel
1398 1343 1529 1393 siquas
1562 1343 1757 1381 orationes

220 1409 227 1414 “
285 1405 391 1456 apud
411 1419 479 1443 vos
500 1405 631 1451 habui,
660 1406 854 1451 incusare,
886 1406 956 1442 sed
985 1404 1114 1455 ipsum
1143 1405 1232 1442 vitae
1260 1418 1356 1442 meae
1385 1405 1504 1442 otium
1535 1405 1757 1443 criminatur

285 1476 491 1517 meumque
505 1466 701 1503 silentium
721 1466 934 1512 insimulat,
951 1480 999 1504 ne
1016 1467 1101 1516 quis
1118 1465 1152 1503 ei
1170 1466 1281 1504 locus
1298 1466 1448 1504 scilicet
1469 1465 1675 1504 calumniae
1690 1481 1756 1505 va-

285 1543 383 1567 cuus
404 1529 669 1580 relinquatur3
702 1537 825 1567 coetus
841 1542 956 1581 porro
973 1536 1012 1567 et
1033 1529 1242 1580 colloquia,
1264 1542 1351 1580 quae
1371 1529 1409 1566 in
1431 1529 1646 1580 gymnasiis
1665 1543 1756 1568 cum

284 1591 589 1630 adolescentulis
609 1591 750 1638 habeo,
776 1591 1049 1643 reprehendit;
1081 1591 1174 1642 quin
1200 1598 1241 1629 et
1268 1598 1405 1630 contra
1424 1583 1525 1630 hanc
1547 1592 1670 1643 ipsam
1691 1605 1756 1630 ao-

281 1655 426 1692 tionem
448 1653 579 1692 statim
599 1653 780 1691 orationis
801 1667 882 1691 suae
898 1653 1007 1691 initio
1024 1653 1169 1691 crimen
1189 1653 1385 1704 quoddam
1406 1653 1552 1699 afferet,
1574 1667 1635 1692 me
1651 1654 1754 1692 litem

282 1716 316 1754 ei
331 1716 542 1754 intendisse
562 1729 640 1753 non
656 1716 784 1754 studio
805 1715 1028 1766 reipublicae
1050 1714 1277 1760 adductum,
1300 1715 1369 1753 sed
1384 1721 1427 1752 ut
1446 1728 1508 1753 me
1528 1715 1755 1753 Alexandro

282 1784 518 1817 ostentarem
537 1784 696 1829 propter
711 1776 931 1814 inimicitias
947 1789 1034 1827 quae
1053 1775 1108 1813 illi
1123 1789 1211 1814 cum
1232 1776 1306 1814 isto
1322 1776 1583 1815 intercedunt.
1619 1776 1754 1814 Enim-

281 1853 386 1886 vero,
403 1846 446 1877 ut
465 1840 612 1891 accepi,
635 1852 682 1877 ex
697 1852 760 1876 me
781 1838 894 1876 etiam
916 1838 1149 1889 quaesiturus
1165 1844 1237 1884 est,
1259 1851 1327 1876 cur
1346 1851 1420 1889 ego
1436 1851 1562 1876 rerum
1585 1851 1608 1876 a
1627 1851 1668 1876 se
1685 1851 1753 1888 ge-

283 1909 430 1940 starum
460 1915 652 1940 summam
679 1901 978 1951 reprehendam,
1010 1900 1185 1950 singulas
1206 1913 1295 1937 vero
1316 1912 1443 1949 neque
1475 1899 1753 1951 interpellarim

281 1977 408 2014 neque
427 1963 667 2011 injudicium
688 1961 930 2008 adduxerim,
950 1961 1019 1999 sed
1038 1961 1157 2012 longo
1179 1960 1337 1998 demum
1367 1960 1581 2008 intervallo,
1602 1967 1642 1999 et
1663 1975 1752 1999 cum

280 2027 320 2064 in
337 2026 538 2077 republica
566 2023 873 2063 administranda
900 2036 979 2061 non
1009 2023 1166 2061 assidue
1195 2028 1374 2061 versatus
1394 2035 1536 2070 essem,
1566 2022 1614 2061 ad
1636 2035 1751 2061 accu-

281 2089 448 2126 sandum
468 2087 715 2126 accesserim.

336 2152 401 2188 77.
432 2150 518 2201 Ego
545 2161 636 2187 vero
666 2162 794 2199 neque
825 2147 1104 2187 Demosthenis
1133 2147 1460 2186 consuetudinem
1489 2153 1531 2185 et
1557 2146 1752 2198 colloquia

279 2212 373 2250 mihi
393 2224 567 2262 unquam
583 2210 795 2249 invidenda
807 2209 913 2254 duxi,
933 2223 1061 2260 neque
1080 2222 1257 2247 meorum
1277 2223 1339 2246 rne
1359 2208 1495 2260 pudet,
1517 2221 1644 2260 neque
1663 2222 1751 2259 quae

280 2286 409 2312 coram
440 2274 548 2311 vobis
570 2286 593 2310 a
613 2285 675 2310 me
695 2272 803 2310 dicta
831 2278 923 2309 sunt
940 2271 1090 2308 indicta
1109 2283 1196 2308 esse
1216 2270 1345 2316 velim,
1378 2283 1519 2321 neque,
1551 2270 1583 2308 si
1612 2271 1749 2321 quales

278 2335 350 2374 iste
374 2335 508 2373 habuit
529 2333 740 2372 conciones
765 2333 1004 2378 habuissem,
1027 2332 1117 2370 mihi
1151 2332 1296 2370 diutius
1321 2331 1530 2370 vivendum
1555 2337 1747 2382 putarem.

279 2398 414 2436 Meum
434 2410 524 2435 vero
543 2396 753 2442 silentium,
771 2394 1073 2439 Demosthenes,
1092 2394 1182 2431 vitae
1199 2407 1296 2432 meae
1312 2393 1554 2432 continentia
1573 2395 1747 2445 peperit:

278 2473 399 2512 parvo
417 2459 518 2497 enim
539 2471 625 2496 sum
646 2464 867 2501 contentus,
897 2469 971 2494 nec
992 2456 1138 2507 majora
1156 2456 1320 2507 turpiter
1339 2455 1586 2507 concupisc0,
1615 2455 1747 2506 itaque

277 2526 317 2561 et
337 2521 493 2560 silentio
514 2527 600 2559 utor
618 2528 657 2558 et
677 2520 726 2558 ad
748 2518 961 2557 dicendum
980 2517 1093 2555 venio
1114 2517 1279 2556 consilio
1308 2517 1516 2565 adductus,
1536 2529 1615 2555 non
1632 2516 1749 2555 insita

275 2584 434 2635 ingenio
452 2582 607 2621 luxuria
626 2589 798 2620 coactus.
830 2581 885 2618 At
898 2587 940 2617 tu
961 2579 1097 2631 opinor
1117 2586 1281 2630 accepto
1301 2592 1460 2617 munere
1474 2577 1629 2622 siluisti,
1650 2591 1745 2617 con-

278 2653 435 2698 sumpto
461 2645 695 2684 vociferatus
717 2657 786 2688 es;
824 2643 922 2680 dicis
951 2648 1095 2688 autem,
1114 2654 1193 2679 non
1215 2654 1305 2679 cum
1333 2641 1403 2679 tibi
1421 2640 1600 2679 videatur
1618 2654 1745 2692 neque

275 2721 322 2746 ea
341 2722 428 2759 quae
447 2707 557 2754 velis,
577 2706 647 2745 sed
667 2718 757 2744 cum
784 2705 808 2742 ii
841 2703 906 2755 qui
938 2716 1094 2755 operam
1119 2709 1227 2741 tuam
1246 2708 1467 2740 mercantur
1494 2701 1742 2752 imperarint:

275 2783 401 2821 neque
420 2783 467 2808 ea
485 2777 524 2807 te
544 2767 666 2820 pudet
693 2772 920 2818 arroganter
938 2765 1161 2811 decantare,
1182 2777 1269 2814 quae
1289 2763 1409 2815 paulo
1429 2770 1519 2815 post
1538 2776 1562 2802 a
1579 2771 1618 2802 te
1647 2778 1741 2803 con-

273 2832 366 2871 ficta
385 2846 472 2870 esse
494 2837 718 2883 arguentur.

328 2895 393 2932 78.
425 2894 604 2944 Namque
624 2892 662 2930 in
676 2890 867 2943 judicium
887 2890 1060 2928 deducta
1087 2895 1148 2927 est
1165 2889 1250 2926 haec
1273 2888 1322 2927 de
1349 2888 1446 2927 scito
1475 2888 1741 2941 Ctesiphontis

273 2955 388 3002 actio,
409 2968 525 3006 quam
545 2961 587 2993 tu
609 2967 670 2992 me
687 2952 900 2991 intendisse
916 2951 1086 2998 dictitas,
1102 2963 1179 2989 non
1199 2963 1276 3001 quo
1292 2949 1516 3003 reipublicae
1533 2950 1741 2996 studerem,
