1948 3306
365 151 444 189 822
775 147 1026 190 EXORDIA
1055 151 1408 192 CONCIONUM.

360 265 452 292 vera
483 252 611 292 dicere
641 265 766 305 neque
785 254 906 301 utilia,
937 254 977 293 id
1006 267 1089 302 vos,
1109 255 1189 295 sive
1217 256 1364 304 sciatis,
1386 263 1430 296 ut
1459 264 1565 310 puto,
1583 261 1664 301 sive
1698 262 1814 301 etiam

359 315 556 363 nesciatis,
576 315 763 356 edocebo.

999 420 1195 460 XXXIV.

413 498 595 545 Deceret‚
617 499 890 547 Athenienses,
911 505 951 538 et
969 513 1124 551 aequum
1146 506 1251 538 esset
1276 513 1590 553 unumquemque
1622 507 1704 540 tum
1725 515 1815 542 sua·
1848 497 1853 502 ⁴

359 559 451 599 dere
469 561 579 600 vobis
598 561 690 612 quid
706 562 777 613 ipsi
796 552 1104 612 optimumssactu
1124 561 1330 609 videretur,
1350 576 1438 602 cum
1452 563 1616 615 primum
1635 564 1683 602 de
1700 565 1815 603 rebus

358 623 537 662 instituta
556 630 661 662 esset
681 623 923 670 deliberatio,
942 631 986 662 ut
1004 637 1052 661 ne
1068 623 1157 661 duae
1176 637 1236 663 res
1255 638 1342 675 quae
1362 625 1515 664 minime
1534 625 1704 664 omnium
1725 633 1817 664 sunt
1833 650 1839 661 x

356 697 379 723 e
400 685 618 737 Republica
648 686 911 733 usuvenirent,
944 686 1077 732 altera,
1098 686 1202 737 quod
1232 686 1389 725 decreta
1406 694 1536 726 vestra
1559 687 1709 726 nullum
1735 687 1816 726 exi-

356 753 439 786 tum
458 743 618 794 habent,
638 747 771 794 altera,
791 748 897 799 quod
922 747 1117 786 mutandis
1140 747 1303 786 subinde
1323 749 1493 788 consiliis
1521 750 1591 801 ipsi
1612 749 1815 789 vaecordiae

354 823 424 849 vos
443 810 649 850 damnatis.
707 810 809 855 Quia
827 823 917 849 vero
938 811 1094 863 quidam
1119 809 1183 861 qui
1213 816 1307 849 tunc
1337 817 1541 851 tacuerunt
1568 826 1673 851 nunc
1692 827 1815 864 repre-

356 872 548 920 hendunt,
566 884 695 924 pauca
714 872 769 910 eis
795 872 1049 925 respondebo.
1108 872 1192 924 Ego
1212 872 1378 911 demiror
1401 886 1488 924 quae
1516 874 1566 912 sit
1594 874 1755 913 istorum
1775 874 1813 912 in

356 932 510 986 Repub.
531 934 640 982 ratio,
660 934 722 973 vel
741 947 825 973 eam
846 935 976 986 potius
993 947 1079 973 esse
1099 933 1315 986 improbam
1334 947 1431 973 reor.
1475 934 1552 980 Qui
1573 935 1605 974 si
1622 948 1707 985 vos,
1726 949 1814 974 cum

354 996 455 1035 inter
481 996 780 1035 consultandum
814 997 1024 1036 admonere
1055 996 1202 1044 liceret,
1219 1009 1259 1035 re
1291 996 1505 1036 deliberata
1534 1010 1715 1036 accusare
1733 1010 1815 1036 ma-

353 1057 451 1105 lunt,
467 1057 801 1107 calumniatorum,
817 1072 908 1106 non,
926 1065 971 1097 ut
988 1071 1065 1111 prae
1084 1072 1125 1097 se
1144 1059 1285 1105 ferunt,
1306 1059 1583 1098 benevolorum
1600 1059 1813 1105 hominum,

353 1119 572 1175 institutum
602 1127 828 1174 sequuntur.
886 1121 996 1160 Libet
1031 1127 1162 1160 autem
1194 1134 1260 1159 eos
1285 1120 1705 1173 interrogare—neque
1724 1134 1814 1160 vero

355 1181 469 1221 velim
488 1195 535 1221 ea
563 1196 650 1234 quae
677 1183 804 1222 dicam
832 1182 949 1234 jurgii
979 1196 1064 1221 esse
1096 1183 1415 1229 occasionem—‚
1437 1197 1520 1230 cur,
1540 1197 1630 1222 cum
1655 1183 1732 1222 alia
1756 1183 1815 1222 in-

353 1244 492 1284 stituta
510 1245 705 1284 Laconum
734 1245 909 1290 laudent,
928 1245 965 1283 id
990 1245 1095 1296 quod
1115 1246 1219 1297 apud
1238 1258 1305 1283 eos
1334 1245 1372 1283 in
1400 1245 1531 1297 primis
1562 1245 1814 1284 admiratione

354 1305 518 1357 dignum
537 1313 598 1345 est
615 1321 693 1346 non
718 1307 925 1354 imitentur,
945 1307 1015 1346 sed
1042 1307 1115 1358 ipsi
1134 1307 1368 1346 contrarium
1392 1307 1519 1358 potius
1540 1307 1684 1359 agant?
1740 1308 1770 1345 F
1773 1321 1814 1346 e-

354 1375 446 1406 runt
461 1368 577 1416 enim,
591 1362 869 1414 Athenienses,
888 1368 993 1420 apud
1012 1381 1076 1407 eos
1102 1369 1291 1420 tantisper
1310 1368 1404 1407 dum
1427 1369 1661 1416 decernitur,
1680 1382 1813 1419 quem·-

353 1429 414 1468 vis
441 1443 511 1482 pro
529 1429 647 1468 animi
668 1430 727 1468 sui
756 1430 945 1468 sententia
971 1429 1195 1468 consulere:
1226 1443 1315 1469 cum
1341 1443 1432 1468 vero
1457 1430 1668 1469 decretum·
1682 1429 1813 1478 fuerit,

354 1490 490 1530 eadem
509 1491 668 1530 laudare
683 1504 830 1539 omnes,
851 1498 967 1543 atque
986 1491 1183 1543 adjutores
1203 1505 1289 1530 esse
1307 1491 1394 1530 illos
1413 1493 1526 1531 etiam
1547 1492 1612 1544 qui
1631 1492 1814 1544 refragati

352 1553 520 1592 fuerant.
576 1553 744 1592 Proinde
773 1567 863 1593 cum
892 1554 1005 1592 multi
1038 1567 1117 1592 non
1151 1554 1230 1592 sint
1255 1554 1397 1593 multos
1428 1552 1614 1600 vincunt3
1642 1561 1693 1602 et,
1723 1568 1812 1607 quae
1843 1554 1847 1555 ⁷

352 1615 454 1654 bello
489 1622 700 1668 nequeunt,
730 1629 799 1668 per
832 1616 1058 1655 occasiones
1092 1622 1311 1668 occupant3
1338 1629 1462 1668 neque
1494 1630 1562 1656 eos
1595 1617 1718 1655 ullum
1748 1617 1813 1656 vel

352 1682 506 1729 tempus
521 1677 670 1729 effugit,
682 1677 745 1717 vel
763 1678 873 1726 ratio,
891 1690 970 1730 quo
989 1678 1116 1716 minus
1138 1678 1218 1716 suis
1242 1678 1456 1717 commodis
1471 1678 1679 1718 consulant
1690 1691 1812 1730 eaque

352 1738 577 1790 perficiant:
607 1752 678 1779 nos
697 1752 786 1779 vero
802 1739 896 1777 nihil
913 1739 991 1778 tale
1010 1740 1189 1787 facimus,
1209 1740 1288 1791 qui,
1303 1740 1464 1779 istorum
1484 1753 1604 1793 opera
1620 1747 1661 1779 et
1678 1751 1812 1779 eorum

352 1801 421 1852 qui
453 1808 545 1840 sunt
574 1799 657 1840 istis
678 1801 831 1850 similes,
850 1815 922 1840 nos
955 1807 1090 1840 mutuo
1116 1808 1357 1853 superantes,
1388 1815 1467 1841 non
1491 1802 1638 1848 hostes,
1658 1809 1812 1853 tempus

352 1875 468 1902 omne
486 1863 819 1915 consumpsimus;
849 1863 978 1908 iidem,
1000 1862 1030 1901 si
1050 1862 1134 1914 quis
1165 1863 1318 1901 sublato
1337 1862 1439 1901 bello
1465 1876 1600 1915 pacem
1619 1863 1811 1910 conciliet,

353 1936 445 1963 eum
474 1925 637 1972 odimus,
659 1925 718 1964 sin
738 1931 908 1976 tempore
942 1924 1050 1976 pacis
1079 1923 1226 1962 bellum
1253 1924 1450 1972 decernat,
1485 1925 1520 1963 ei
1547 1925 1810 1971 adversamur,

352 1985 414 2024 sin
440 1986 637 2038 quiescere
669 1994 926 2038 nostrumque
953 1998 1069 2037 agere
1097 1985 1295 2036 negotium
1309 1985 1446 2037 jubeat
1472 1985 1623 2038 aliquis,
1641 1999 1690 2024 ne
1722 1999 1811 2025 eum

355 2047 512 2100 quidem
542 2056 647 2088 recte
680 2049 808 2088 dicere
828 2047 1115 2094 contendimus,
1135 2047 1338 2086 calumniis
1359 2047 1526 2099 denique
1543 2060 1722 2099 vanaque
1734 2044 1812 2099 ‘spe

354 2110 485 2149 referti
503 2124 649 2150 sumus.
707 2111 811 2156 Quid
837 2110 968 2162 igitur,
989 2109 1095 2148 dicat
1113 2108 1266 2161 aliquis,
1293 2115 1336 2148 tu
1357 2110 1514 2158 suades,
1532 2108 1717 2161 quoniam
1737 2108 1812 2148 ista

354 2172 629 2225 reprehendis?
674 2172 812 2212 Dicam
833 2172 1026 2224 equidem.

1004 2275 1169 2316 XXXV.

409 2356 597 2403 Primum,
618 2356 890 2403 Athenienses,
922 2355 1030 2394 nulla
1062 2356 1143 2394 fere
1172 2353 1264 2392 mihi
1290 2365 1410 2392 causa
1438 2365 1526 2392 esse
1554 2352 1707 2392 videtur
1742 2366 1812 2393 cur

355 2417 466 2457 vobis
485 2417 624 2469 aliquis
645 2423 804 2466 metuat,
822 2430 870 2456 ne
889 2423 1094 2469 propterea
1108 2417 1215 2469 quod
1234 2427 1412 2455 suasores
1430 2414 1563 2454 audire
1582 2427 1661 2453 non
1680 2415 1811 2464 vultis,

356 2480 526 2521 deterius
539 2479 767 2520 consulatis.
822 2479 993 2519 Primum
1012 2480 1113 2518 enim
1143 2492 1192 2519 ea
1212 2485 1273 2518 est
1299 2478 1463 2517 fortunae
1482 2476 1701 2528 benignitas
1718 2491 1812 2529 erga

354 2556 440 2591 vos,
466 2548 510 2581 ut
536 2542 660 2581 multa
677 2542 775 2581 citra
802 2548 971 2580 vestram
990 2555 1147 2594 operam
1177 2542 1232 2580 ita
1260 2539 1588 2592 quemadmodum
1608 2538 1679 2590 ipsi
1698 2547 1810 2591 opta-

354 2608 446 2648 retis
464 2608 573 2648 vobis
602 2607 807 2647 conficiat:
837 2620 940 2653 nam,
961 2606 993 2645 si
1024 2607 1320 2659 magistratuum
1344 2604 1583 2656 providentia
1602 2609 1810 2654 spectetur,

353 2683 424 2723 per
444 2683 570 2723 pauca
589 2670 743 2721 quidem
771 2670 872 2708 bene
900 2669 1080 2708 habitura
1100 2669 1189 2708 sint.
1245 2667 1400 2707 Deinde
1419 2679 1486 2705 vos
1511 2666 1712 2718 praescitis,
1730 2679 1817 2705 nour

353 2733 470 2773 modo
495 2733 634 2786 quibus
662 2732 823 2784 quisque
855 2731 983 2770 verbis
1007 2744 1146 2770 usurus
1177 2730 1239 2778 sit,
1265 2731 1333 2769 sed
1365 2729 1505 2782 quibus
1532 2728 1647 2766 etiam
1677 2741 1809 2768 eorum

351 2795 514 2847 quisque
533 2795 581 2834 de
600 2794 729 2834 causis
748 2793 1019 2839 concionetur;
1036 2808 1097 2842 ac,
1110 2793 1150 2832 ni
1163 2794 1341 2832 odiosum
1359 2797 1476 2838 esset,
1489 2790 1672 2830 adderem
1692 2791 1809 2830 etiarn

352 2858 501 2909 quanti.
557 2857 834 2904 Veruntamen,
854 2855 886 2895 si
905 2857 1041 2896 vestris
1061 2856 1328 2907 deceptoribus
1348 2867 1462 2906 quam
1482 2852 1681 2892 minimum
1699 2854 1810 2905 spatii

352 2918 592 2972 reliqueritis,
604 2932 740 2972 sapere
753 2931 823 2958 vos
840 2919 1001 2970 putabo.
1034 2918 1119 2971 Ego
1134 2931 1240 2964 vero,
1256 2917 1286 2957 si
1303 2917 1440 2957 eadem
1451 2928 1540 2967 quae
1554 2914 1618 2954 alii
1637 2914 1808 2954 dicturus
