1948 3306
327 168 378 203 62
640 164 713 202 DE
739 163 902 202 MALE
932 163 1112 202 GESTA
1145 162 1491 201 LEGATIONE.

322 269 464 313 cimus,
493 274 536 306 ut
555 267 664 306 deae:
695 268 745 306 'de
777 268 1118 307 calumniatoribus
1141 274 1285 314 autem,
1311 274 1495 318 tanquam
1524 267 1711 306 maleficis
1729 282 1799 320 pu-

322 330 424 369 blice
454 331 640 382 conqueri
659 331 764 370 lieet.
812 331 905 370 Noli
931 330 1048 381 igitur
1065 330 1302 382 conjungere
1322 329 1546 381 turpissima
1564 343 1654 367 cum
1678 330 1799 368 hone-

325 393 520 431 stissimis.

377 457 444 494 46.
466 455 551 505 Ego
563 468 668 503 vero,
682 469 772 494 cum
786 456 861 494 alia
873 455 996 492 multa
1010 455 1047 493 in
1064 456 1312 495 accusatione
1328 454 1458 505 iniquo
1474 453 1602 492 animo
1616 453 1701 498 tuli,
1717 459 1801 491 tum

324 530 414 555 vero
436 516 548 563 illud,
566 531 688 569 quum
707 531 768 556 me
784 517 1011 569 proditionis
1031 517 1282 555 insimulavit.
1318 516 1421 553 Nam
1443 529 1520 554 una
1535 529 1625 554 cum
1649 515 1707 553 his
1726 515 1800 553 cri-

325 578 493 617 minibus
514 580 804 617 ostendendum
833 586 907 624 est,
935 592 997 616 me
1017 591 1105 617 esse
1123 580 1248 617 ferum
1279 587 1394 629 atque
1414 577 1587 628 impium,
1611 583 1652 615 et
1668 577 1802 615 multis

327 640 413 678 aliis
439 641 665 679 criminibus
686 641 777 678 olim
798 640 1067 679 constrictum.
1118 642 1198 678 Sed
1217 654 1290 692 ego
1311 654 1381 679 vos
1401 653 1497 678 meae
1518 639 1619 686 vitae,
1640 652 1686 677 ac
1704 652 1801 690 quo·
1827 671 1832 681 „

328 702 487 740 tidianae
507 703 804 741 consuetudinis
833 702 998 740 idoneos
1019 702 1197 740 existimo
1216 715 1425 740 censores:
1455 715 1543 752 quae
1570 714 1659 739 vero
1683 701 1802 752 vulgo

329 763 494 814 perspici
514 777 593 801 non
619 770 796 814 possunt,
815 763 1037 802 hominibus
1069 777 1160 802 vero
1181 763 1308 802 animo
1334 763 1483 801 liberali
1507 763 1681 815 praeditis
1712 769 1804 801 sunt

329 826 514 870 maxima,
532 825 672 862 horum
691 838 767 876 ego
786 825 952 876 plurima
971 840 1059 877 quae
1079 832 1183 864 recte
1204 839 1244 863 se
1265 825 1411 864 habent
1432 825 1537 876 apud
1552 838 1629 871 me,
1648 825 1686 862 in
1707 838 1802 863 con-

328 894 506 938 spectum
528 887 753 938 producam,
773 895 816 926 ut
835 889 979 934 sciatis,
1001 902 1087 939 quae
1108 889 1284 939 pignora,
1310 901 1400 926 cum
1419 888 1511 925 hinc
1527 887 1681 938 legatus
1706 887 1802 925 irem

328 948 368 985 in
389 948 680 995 Macedoniam,
708 957 798 1001 post
816 963 878 988 me
896 950 1129 1001 reliquerim.
1158 951 1216 988 Tu
1237 950 1394 1000 quidem
1415 950 1704 988 Demosthenes
1728 948 1804 987 ista

329 1016 467 1048 contra
486 1024 547 1048 me
568 1019 812 1050 commentus
833 1025 874 1050 es
892 1025 901 1050 ε
932 1025 1004 1063 ego
1018 1026 1112 1051 vero
1126 1018 1170 1050 ut
1184 1011 1373 1049 educatus
1389 1012 1475 1057 sim,
1489 1024 1577 1049 vere
1596 1023 1804 1061 exponam.

332 1072 407 1110 Hic
421 1079 538 1123 -pater
557 1086 669 1111 meus
690 1081 750 1111 est
766 1074 1006 1121 Atrometus,
1022 1075 1100 1113 fere
1118 1081 1212 1112 natu
1231 1072 1422 1111 maximus
1443 1072 1614 1111 omnium
1635 1071 1802 1110 civium:

330 1147 453 1172 annos
473 1135 577 1172 enim
590 1135 674 1186 jam
688 1136 969 1187 vixitquatuor
987 1143 1026 1174 et
1045 1136 1273 1186 nonaginta.
1306 1135 1468 1173 Accidit
1485 1141 1630 1181 autem,
1645 1140 1689 1172 ut
1708 1134 1802 1172 ado·

329 1196 499 1243 lescens,
520 1204 611 1235 ante
632 1211 711 1236 rem
732 1198 957 1236 familiarem
977 1198 1080 1236 bello
1095 1199 1292 1244 amissam,
1311 1196 1484 1249 pugilem
1506 1204 1653 1247 ageret,
1672 1204 1762 1248 post
1781 1211 1805 1236 a

333 1271 452 1296 xxx.
474 1259 651 1310 tyrannis
672 1260 834 1310 ejectus,
852 1261 890 1297 in
911 1260 1004 1297 Asia
1022 1260 1219 1304 militaret,
1248 1267 1362 1310 atque
1381 1260 1421 1296 in
1442 1258 1584 1310 praeliis
1602 1259 1804 1297 victoriam

332 1333 422 1358 cum
441 1320 569 1358 laudis
590 1321 807 1372 insignibus
829 1328 1146 1371 consequeretur.
1205 1321 1301 1371 Ejus
1322 1334 1436 1373 porro
1456 1334 1580 1372 genus
1601 1327 1661 1358 est
1689 1335 1737 1359 ex
1757 1335 1805 1360 ea

332 1383 451 1428 curia,
473 1396 561 1433 quae
582 1394 675 1419 aras
689 1395 778 1420 cum
807 1382 1063 1420 Eteobutadis
1083 1396 1307 1420 communes
1336 1383 1469 1428 habet,
1488 1382 1595 1420 unde
1614 1383 1803 1420 Minervae

330 1445 491 1482 urbanae
520 1444 740 1482 sacrificula
770 1444 968 1494 deligitur.
1015 1444 1079 1481 Ad
1097 1444 1198 1489 haec,
1228 1450 1270 1482 ut
1299 1443 1416 1493 paulo
1435 1443 1542 1494 prius
1563 1445 1680 1482 etiam
1709 1445 1804 1491 dixi,

331 1505 468 1557 populi
491 1505 530 1542 in
549 1504 714 1556 patriam
735 1505 949 1543 reducendi
974 1505 1129 1556 adjutor
1150 1504 1235 1542 fuit.
1285 1504 1493 1553 Praeterea,
1521 1507 1686 1544 materni
1711 1520 1807 1557 cog-

332 1567 413 1605 nati
432 1567 508 1604 mei
540 1580 674 1605 omnes
695 1566 854 1618 ingenui
877 1572 981 1615 sunt,
1000 1580 1087 1618 quae
1111 1566 1205 1604 mihi
1235 1580 1340 1605 nune
1372 1567 1422 1605 ob
1452 1567 1589 1606 oculos
1616 1575 1804 1616 versatur,

331 1629 500 1667 sollicita
527 1629 576 1667 de
595 1628 720 1667 salute
740 1642 841 1676 mea,
861 1635 901 1667 et
917 1629 1030 1680 inops
1050 1628 1213 1667 consilii.
1261 1629 1481 1676 Enimvero,
1503 1629 1806 1679 Demosthenes,

332 1698 458 1729 mater
484 1704 572 1728 mea
590 1704 680 1729 cum
711 1704 782 1728 suo
812 1691 952 1729 marito
982 1690 1214 1729 Corinthum
1237 1690 1330 1728 abiit
1355 1691 1574 1729 exsulatum
1601 1693 1673 1730 sub
1693 1706 1807 1731 xxx.

333 1753 524 1805 tyrannis,
543 1760 583 1791 et
602 1753 845 1804 publicorum
873 1753 1063 1792 malorum
1089 1753 1282 1805 particeps
1303 1752 1388 1792 fuit.
1431 1753 1494 1791 Tu
1518 1759 1662 1800 autem,
1683 1757 1748 1805 qui
1769 1762 1806 1793 te

333 1815 457 1855 virum
476 1814 838 1866 profiteris—valde
857 1815 959 1853 enim
980 1815 1115 1854 dubito
1134 1829 1182 1854 an
1202 1815 1258 1853 vir
1279 1816 1329 1853 sis
1355 1815 1806 1867 appellandus—inscri-

334 1885 426 1929 ptus
458 1891 515 1924 es,
536 1884 580 1915 ut
604 1877 781 1915 ordinum
802 1878 989 1924 desertor,
1024 1885 1063 1915 et
1095 1884 1321 1916 accusatore
1345 1877 1564 1916 Nicodemo
1583 1879 1805 1930 Aphidnaeo

333 1940 501 1991 pecunia
520 1940 676 1991 placato
695 1938 860 1985 evasisti,
877 1942 987 1988 cujus
1008 1947 1147 1990 postea
1169 1939 1389 1977 Aristarcho
1404 1939 1558 1991 adjutor
1575 1940 1682 1979 fuisti
1700 1943 1804 1980 occi-

335 2000 468 2047 dendi,
495 2007 536 2038 et
553 2013 642 2038 cum
662 2013 800 2038 manus
820 2000 929 2038 caede
949 2000 1171 2052 inquinatas
1201 2001 1360 2047 habeas,
1387 2000 1426 2038 in
1458 2001 1583 2039 forum
1612 2001 1806 2055 irrumpis.

336 2063 589 2101 Philochares
610 2075 723 2114 porro
743 2063 860 2101 frater
881 2076 1003 2108 meus,
1026 2063 1093 2113 qui
1122 2076 1200 2101 non
1222 2063 1408 2114 degeneri
1427 2062 1556 2102 studio
1577 2073 1806 2116 occupatur,

335 2131 379 2163 ut
396 2133 439 2163 tu
459 2124 703 2169 conviciaris,
727 2124 796 2162 sed
816 2123 852 2160 in
875 2125 1088 2175 gymnasiis
1107 2133 1298 2170 versatur,
1319 2132 1363 2162 ut
1385 2138 1475 2163 cum
1495 2125 1686 2178 Iphicrate
1706 2128 1806 2166 mili-

333 2188 444 2234 tavit,
464 2195 503 2226 et
518 2187 670 2225 tertium
685 2187 766 2238 jam
780 2200 924 2225 annum
938 2188 1181 2225 continenter
1199 2194 1258 2226 est
1275 2201 1364 2225 cum
1383 2187 1555 2239 imperio,
1576 2189 1701 2236 adest,
1721 2203 1808 2229 ora-

335 2257 444 2288 turus
474 2262 555 2294 vos,
581 2249 637 2286 uti
665 2263 724 2287 me
745 2249 995 2288 conservetis.
1025 2249 1256 2300 Aphobetus
1270 2256 1415 2294 autem,
1431 2250 1550 2288 frater
1563 2259 1696 2289 noster
1710 2259 1806 2291 natu

336 2312 531 2357 minimus,
552 2311 788 2361 legationem
809 2324 878 2362 pro
899 2312 1009 2350 vobis
1030 2311 1133 2362 apud
1153 2325 1283 2362 regem
1303 2311 1510 2349 Persarum
1530 2313 1637 2360 obiit,
1657 2327 1726 2364 pro
1747 2314 1807 2352 di-

337 2374 487 2425 gnitate
505 2373 683 2419 civitatis,
703 2381 934 2423 vestrosque
951 2373 1098 2411 reditus
1119 2373 1415 2424 rectejusteque
1432 2375 1594 2420 curavit,
1609 2388 1698 2412 cum
1718 2389 1806 2413 eum

334 2435 500 2488 publicis
531 2435 785 2491 vectigalibus
805 2434 1096 2486 praefecissetis‚
1122 2441 1161 2473 et
1185 2434 1381 2486 legitimos
1409 2435 1550 2475 liberos
1574 2438 1805 2487 procreavit,

334 2511 413 2536 non
433 2505 478 2534 ut
497 2503 552 2544 tu,
569 2510 680 2535 suam
700 2509 858 2534 uxorem
879 2496 1064 2534 Cnosioni
1084 2496 1134 2534 ad
1153 2503 1327 2548 stuprum
1349 2497 1504 2544 obtulit,
1525 2504 1642 2549 atque
1656 2498 1803 2545 adstat,

330 2559 568 2610 contemptis
598 2558 781 2597 conviciis
808 2557 899 2596 tuis.
944 2557 1101 2596 Falsum
1127 2559 1229 2596 enirn
1257 2560 1442 2610 probrum
1467 2559 1569 2597 ultra
1587 2571 1701 2598 aures
1723 2574 1802 2599 non

333 2627 526 2673 penetrat.
546 2649 549 2651 -

387 2684 456 2720 47.
487 2684 623 2720 Ausus
642 2681 758 2720 etiam
778 2695 820 2720 es
840 2681 878 2719 in
900 2681 1029 2720 affines
1050 2694 1157 2719 meos
1178 2681 1319 2726 dicere,
1340 2682 1439 2720 adeo
1459 2681 1663 2733 impudens
1690 2696 1745 2730 es,
1765 2692 1806 2723 et

333 2745 474 2783 veteris
492 2743 668 2782 beneficii
681 2743 884 2782 immemor
904 2751 1020 2794 atque
1036 2744 1226 2795 ingratus,
1240 2743 1305 2794 qui
1321 2743 1609 2790 Philodemum,
1627 2745 1805 2783 Philonis

334 2813 484 2858 patrem
499 2813 539 2844 et
557 2805 765 2857 Epicratis,
786 2818 864 2844 non
885 2805 1024 2856 diligas
1042 2813 1082 2844 et
1102 2805 1254 2851 adores,
1272 2805 1384 2856 cujus
1401 2818 1519 2856 opera
1532 2806 1571 2843 in
1588 2807 1803 2858 municipes

331 2881 377 2904 es
397 2867 619 2919 inscriptus,
642 2874 685 2905 ut
704 2880 725 2904 e
757 2866 1048 2905 Paeaniensibus
1071 2874 1164 2905 natu
1185 2866 1340 2904 maximi
1363 2867 1632 2905 meminerunt.
1667 2869 1803 2918 Itaque

333 2938 488 2981 stupore
506 2929 675 2981 quodam
697 2929 858 2978 afficior,
887 2929 919 2968 si
939 2935 979 2967 tu
1001 2928 1154 2968 Philoni
1186 2928 1390 2967 conviciari
1410 2928 1542 2977 audes,
1563 2928 1679 2981 idque
1699 2929 1803 2981 apud
