1965 3356
528 228 827 270 ADVERSUS
857 227 1216 268 PHAENIPPUM.
1535 231 1614 269 605

702 356 1058 395 TESTIMONIA.

203 446 242 484 5.
273 444 424 489 Quibus
455 445 571 496 igitur
590 458 651 483 me
671 444 909 496 Phaenippus
935 443 1082 496 injuriis
1109 456 1133 482 a
1150 442 1274 495 primo
1295 445 1425 482 statim
1445 445 1508 484 die
1529 446 1612 484 affi-

150 519 241 547 cere
272 508 442 559 coeperit,
463 506 641 553 audistis,
663 507 686 545 J
693 507 841 553 udices,
862 513 901 544 et
920 519 941 544 e
960 519 1022 544 me
1043 512 1081 544 et
1105 519 1126 544 e
1145 505 1334 544 testibus:
1363 519 1451 557 quae
1485 514 1617 546 autem

150 575 241 622 post
260 568 363 608 facta
383 575 487 614 sunt,
507 582 553 607 ea
571 582 649 607 non
669 568 709 606 in
728 582 789 607 me
809 575 960 606 tantum
981 568 1050 606 sed
1071 567 1187 606 etiam
1206 568 1245 605 in
1265 567 1373 619 leges
1400 576 1491 606 sunt
1513 582 1620 607 com-

149 632 279 677 missa,
298 645 385 683 quae
404 631 515 669 nobis
536 631 713 670 omnibus
732 643 876 682 magno
894 630 1023 668 studio
1049 636 1140 668 sunt
1165 630 1335 668 tuendae.
1394 630 1494 669 Cum
1515 631 1618 669 enim

149 693 265 731 tertio
296 692 389 731 Idus
422 692 581 731 Sextilis
606 693 792 745 jurasset,
813 705 854 730 se
877 700 981 730 recte
999 698 1039 730 et
1060 705 1146 730 vere
1176 704 1267 730 suas
1286 705 1378 744 opes
1397 691 1619 730 declaratu-

149 768 249 802 rum,
269 761 308 793 et
325 754 390 792 lex
409 754 715 793 declarationem
736 753 819 792 dari
847 753 961 792 tertio
986 760 1078 805 post
1100 753 1371 805 jusjurandum
1405 752 1466 792 die
1487 760 1620 806 aperte

143 817 298 869 jubeat,
329 817 513 855 convenit
540 830 603 855 me
632 823 722 855 ante
749 815 972 868 praetorium
993 829 1082 854 cum
1114 815 1329 868 Polyeucto
1361 815 1551 855 Crioense
1582 823 1623 855 et

150 879 332 918 Terentio
351 892 507 929 rogans,
526 878 690 930 primum
709 885 754 916 ut
766 878 1040 917 transactionis
1058 890 1176 917 causa
1191 890 1323 916 secum
1339 878 1621 930 congrederer;

151 941 414 993 praestiturum
435 940 536 978 enim
558 940 651 978 mihi
672 954 759 992 quae
786 954 900 991 aequa
919 946 1052 978 essent
1071 939 1201 978 omnia
1220 952 1229 978 ε
1262 939 1403 978 deinde
1428 946 1471 978 ut
1489 939 1623 978 decla-

151 1003 343 1042 rationem
375 1003 430 1041 rei
455 1002 653 1041 familiaris
682 1001 876 1041 differrem
895 1002 932 1039 in
955 1001 1038 1040 dies
1068 1015 1146 1040 non
1177 1002 1340 1047 multos;
1370 1015 1496 1053 neque
1521 1001 1624 1040 enim

151 1065 308 1118 ignotas
331 1065 402 1104 sibi
421 1078 507 1104 esse
522 1078 583 1103 res
603 1078 721 1104 meas.
770 1065 856 1116 Ego
870 1077 968 1103 vero
977 1063 1042 1115 qui
1063 1070 1102 1102 et
1119 1064 1310 1103 moderati
1334 1071 1374 1103 et
1393 1064 1513 1116 quieti
1537 1077 1624 1102 esse

155 1128 247 1167 civis
266 1141 344 1166 non
365 1128 494 1166 statim
522 1128 760 1179 praecipitem
790 1140 900 1165 ruere
932 1127 970 1164 in
993 1126 1183 1179 judicium
1214 1126 1496 1171 existimarem3
1533 1139 1626 1165 con·

158 1189 406 1240 cessi—quid
421 1189 522 1226 enim
537 1189 669 1227 multis
689 1196 750 1227 est
766 1202 864 1240 opus
878 1188 962 1235 ?—,
975 1195 1018 1226 ut
1031 1189 1062 1225 is
1082 1201 1319 1239 congressus
1334 1188 1383 1227 de
1394 1187 1628 1226 transactio-

159 1251 273 1289 nibus
308 1264 451 1288 XXIII.
482 1250 636 1288 Sextilis
668 1251 791 1297 fieret,
825 1250 1037 1289 declaratio
1071 1257 1200 1289 autem
1230 1263 1337 1288 xxv.
1409 1250 1482 1288 His
1511 1263 1535 1288 a
1564 1263 1627 1288 me

157 1312 396 1364 Phaenippus
415 1312 628 1364 impetratis
649 1319 788 1350 neutro
809 1312 871 1350 die
891 1320 1035 1364 praesto
1055 1312 1152 1350 fuit:
1184 1312 1254 1350 sed
1275 1311 1323 1350 ad
1346 1324 1416 1349 vos
1440 1324 1518 1350 non
1548 1324 1629 1349 una
1686 1304 1689 1306 ’

155 1374 228 1412 sed
247 1374 398 1421 duabus
417 1374 568 1425 legibus
589 1375 741 1412 violatis
761 1375 990 1425 ingreditur,
1018 1387 1097 1413 una
1115 1388 1203 1426 quae
1216 1374 1332 1426 jubet
1350 1373 1492 1421 triduo,
1520 1381 1631 1425 post-

155 1449 272 1489 quam
296 1436 499 1488 juraverit‚
526 1449 606 1475 rem
636 1436 867 1475 familiarem
897 1437 1109 1483 declarare,
1137 1437 1261 1475 altera
1280 1450 1367 1488 quae
1387 1443 1490 1474 ratas
1509 1435 1631 1475 habet

136 1499 374 1551 pactiones,
407 1499 572 1538 testibus
599 1499 860 1551 praesentibus
890 1500 1028 1538 factas.
1087 1499 1222 1550 Atqui,
1245 1499 1421 1546 Judices,
1451 1498 1536 1550 quis
1565 1512 1630 1537 ve-

156 1568 279 1599 strum
301 1561 469 1612 ignorat,
491 1575 600 1613 aeque
619 1568 742 1600 ratam
763 1575 850 1600 esse
870 1562 973 1600 diem
993 1569 1074 1600 tum
1095 1561 1247 1613 legibus
1262 1561 1468 1607 sancitam,
1483 1567 1568 1598 tum
1582 1561 1630 1599 ab

157 1624 385 1662 adversariis
417 1624 677 1662 concessam?
723 1624 822 1662 Nam
858 1638 947 1663 cuni
986 1639 1088 1677 saepe
1123 1625 1277 1677 legibus
1309 1624 1509 1676 trigesima
1546 1623 1631 1662 dies

157 1687 347 1737 praefinita
365 1687 427 1734 sit,
454 1687 571 1724 aliam
598 1687 697 1725 inter
725 1701 796 1726 nos
827 1688 928 1739 pacti
959 1689 1063 1739 apud
1097 1689 1348 1739 magistratus
1376 1700 1510 1726 omnes
1533 1686 1633 1724 obti-

159 1748 328 1795 nuimus,
349 1755 389 1787 et
415 1749 589 1787 actiones
623 1756 663 1787 et
686 1750 837 1800 judicia
863 1750 1090 1788 adversariis
1123 1757 1335 1802 prorogant
1356 1749 1580 1795 novemviri,
1602 1748 1635 1787 si

157 1811 232 1863 ipsi
251 1811 351 1849 inter
373 1825 414 1849 se
432 1811 695 1850 convenerint.
755 1812 927 1856 Quorum
949 1813 980 1850 si
1005 1813 1091 1864 quis
1111 1822 1285 1851 mutuam
1307 1812 1530 1864 pactionem
1552 1810 1634 1849 irri-

157 1881 237 1911 tam
254 1887 339 1912 esse
359 1879 535 1925 oportere
555 1882 703 1921 censet,
726 1874 756 1912 is
776 1875 885 1913 vobis
911 1875 1001 1912 odio
1022 1875 1323 1926 prosequendus
1344 1882 1417 1921 est,
1439 1882 1482 1912 ut
1508 1874 1634 1924 impu-

158 1935 411 1974 dentissimus
432 1936 704 1975 calumniator.
761 1936 1002 1989 Phaenippus
1023 1946 1170 1983 autern,
1197 1938 1357 1989 perinde
1379 1951 1425 1976 ac
1444 1938 1475 1974 si
1496 1937 1636 1988 lexju-

157 1999 251 2037 beat
281 1998 375 2036 nihil
405 2006 606 2051 praestare,
626 2000 732 2052 quod
762 2001 966 2052 receperis,
987 2001 1035 2039 ab
1062 2014 1108 2039 eo
1136 2000 1209 2047 die,
1229 2014 1306 2052 quo
1327 1999 1504 2052 promisit
1525 2012 1567 2037 se
1598 2004 1638 2037 et

161 2062 212 2101 ad
244 2062 548 2101 transactionem
581 2063 803 2110 affuturum,
830 2070 870 2101 et
902 2064 1204 2103 declarationem
1232 2078 1343 2102 suam
1375 2064 1569 2109 daturum,
1599 2070 1640 2100 et

160 2138 287 2164 meam
307 2133 571 2177 accepturum,
592 2139 785 2177 nusquam
810 2139 851 2165 se
883 2126 992 2164 stitit.
1051 2127 1150 2178 Ego,
1173 2133 1381 2178 postquam
1410 2127 1459 2164 ab
1491 2125 1567 2163 isto
1598 2130 1639 2163 et

161 2200 224 2225 me
245 2194 285 2226 et
303 2187 412 2239 leges
434 2188 630 2226 contemni
650 2188 740 2235 vidi,
761 2188 1064 2227 declarationem
1084 2189 1122 2226 in
1149 2189 1371 2240 praetorium
1401 2187 1533 2226 attuli:
1563 2187 1637 2224 iste

154 2263 267 2297 vero,
285 2250 391 2301 quod
411 2257 450 2289 et
462 2251 580 2302 paulo
599 2251 704 2302 prius
726 2251 820 2298 dixi,
836 2251 1008 2290 libellum
1024 2251 1115 2289 mihi
1136 2265 1251 2290 mane
1273 2250 1395 2298 dedit,
1415 2250 1535 2289 videri
1553 2249 1639 2301 qui-

163 2312 253 2351 dem
273 2312 520 2352 solummodo
539 2313 676 2352 volens
698 2327 741 2352 se
769 2314 863 2352 mihi
887 2314 1046 2353 dedisse
1080 2314 1399 2359 declarationem,
1420 2313 1489 2351 sed
1516 2312 1572 2351 sic
1595 2318 1640 2350 ut

163 2388 238 2427 ego
258 2374 332 2413 illis
355 2388 443 2427 quae
464 2375 652 2426 inscripta
671 2383 803 2415 essent
822 2376 878 2416 uti
899 2377 1055 2415 minime
1077 2390 1249 2428 possem.
1307 2376 1397 2415 Non
1426 2376 1542 2414 decet
1572 2389 1641 2414 au-

162 2442 255 2484 tem,
269 2436 447 2484 Judices,
463 2436 509 2476 iis
529 2438 617 2490 plus
637 2451 753 2490 aequo
774 2439 940 2478 tribuere
960 2439 1024 2490 qui
1046 2452 1155 2478 suam
1177 2440 1465 2491 improbitatem
1484 2439 1638 2490 legibus

163 2512 251 2538 esse
279 2499 488 2538 firmiorem
514 2501 893 2553 censent,-—alioqui
921 2501 1094 2540 efficietis
1115 2509 1158 2539 ut
1178 2502 1290 2541 multi
1309 2502 1399 2554 jura
1424 2501 1640 2553 perscripta

162 2560 314 2612 legibus
344 2561 615 2610 derideant—,
645 2562 699 2600 illi
733 2564 889 2615 quidem
915 2563 1079 2615 juvandi
1111 2570 1215 2610 sunt,
1237 2564 1301 2615 qui
1336 2564 1468 2615 legum
1504 2576 1638 2601 vocem

165 2630 334 2662 vestram
354 2637 440 2663 esse
459 2631 612 2677 putant,
641 2633 680 2663 et
699 2632 867 2664 vestram
889 2626 991 2664 hanc
1012 2640 1100 2677 quae
1126 2640 1196 2678 pro
1226 2626 1407 2664 tribunali
1429 2625 1555 2663 editur
1581 2623 1638 2662 af-

165 2685 277 2724 fectis
296 2685 448 2735 injuria,
467 2699 545 2725 non
567 2687 758 2734 sontibus,
779 2688 1069 2740 opitulaturam.
1108 2689 1246 2728 Recita
1265 2689 1403 2727 horum
1418 2700 1506 2739 quae
1521 2686 1639 2725 modo

167 2747 271 2788 dicta
290 2755 383 2788 sunt
401 2750 639 2798 testimonia,
660 2758 700 2789 et
717 2751 837 2803 leges.

595 2865 958 2904 TESTIMONIA.
1016 2866 1206 2905 LEGES.

170 2949 340 2989 Proinde
358 2952 451 2991 talia
469 2967 677 3006 perpessus
699 2967 722 2993 a
748 2954 979 3008 Phaenippo‚
1007 2956 1183 3003 Judices,
1209 2955 1306 2994 hane
1340 2953 1639 3006 descriptionem

171 3011 221 3051 ad
242 3011 492 3064 imperatores
511 3017 640 3056 retuli.
704 3017 855 3056 Recita.
