1915 3356
491 195 778 235 ADVERSUS
811 194 1219 234 NICOSTRATUM.
1506 196 1583 233 715

125 298 425 340 renunciationis
453 312 500 338 ex
527 300 613 351 lege
639 298 907 351 postulabam:
950 297 982 335 is
1013 304 1144 335 autem
1167 304 1287 336 noctu
1320 297 1518 349 ingressus
1545 299 1584 336 in

124 375 257 414 agrum
276 374 419 408 meum,
442 368 632 413 quotquot
650 366 761 399 erant
787 358 929 397 surculi
961 358 1161 397 arboribus
1182 361 1361 410 generosi
1380 359 1523 408 inserti,
1545 367 1585 399 et

123 424 351 463 arbusculas
383 424 569 468 exsecuit,
592 430 631 461 et
664 421 853 473 plantaria
883 421 1055 460 olearum
1083 421 1217 459 obiens
1247 421 1302 460 ita
1326 422 1463 462 misere
1491 435 1583 461 con-

121 484 250 536 fregit,
281 492 324 524 ut
355 498 428 524 nec
459 486 507 523 ab
540 483 716 522 hostibus
745 489 998 521 vastarentur.
1054 481 1119 520 Ad
1151 482 1237 521 haec
1270 483 1399 530 etiam,
1419 484 1583 522 interdiu

120 547 283 598 puerulo
301 548 384 586 cive
401 545 620 585 intromisso
640 558 728 584 cum
746 536 786 583 et
803 544 918 583 vicini
936 551 1070 582 essent
1091 552 1130 582 et
1144 543 1335 596 praedium
1354 546 1583 596 contiguum

119 609 322 656 haberent,
352 615 523 648 rosetum
555 608 775 659 germinans
803 620 892 645 eum
919 606 1084 645 evellere
1105 606 1322 658 jusserunt,
1340 613 1397 654 ut,
1427 607 1459 645 si
1494 620 1583 645 eum

121 671 402 723 deprehensum
420 683 494 722 ego
511 670 575 709 vel
586 669 768 709 vincirem
781 669 845 708 vel
858 670 1098 708 verberarem
1111 675 1157 707 ut
1174 681 1340 716 servum,
1359 669 1583 718 injuriarum

120 734 312 772 actionem
332 739 470 772 contra
486 746 548 771 me
568 732 825 771 instituerent.
882 732 972 774 Quo
1002 731 1164 770 consilio
1184 744 1275 770 cum
1293 731 1581 778 frustrarentur,

119 800 160 833 et
178 807 253 846 ego
277 794 490 834 facinorum
507 795 661 834 illorum
685 800 803 833 testes
831 794 1012 841 facerem,
1030 793 1113 846 ipse
1132 788 1265 832 autern
1284 793 1378 831 nihil
1404 806 1497 845 erga
1517 806 1582 832 eos

118 855 395 908 delinquerem,
415 863 498 896 tum
525 870 618 897 vero
644 857 832 896 maximas
853 855 1010 894 insidias
1039 855 1133 894 mihi
1153 862 1390 907 comparant.
1449 856 1583 899 Quum

116 918 219 958 enim
237 918 348 957 falsae
366 918 671 958 renunciationis
697 918 736 956 in
763 931 852 956 eum
872 917 1063 956 actionem
1077 919 1160 968 jam
1189 917 1444 956 instituissem
1473 924 1514 956 et
1543 917 1583 956 in

110 980 302 1033 judicium
320 982 568 1033 ingressurus
596 993 739 1028 essem,
766 981 973 1018 observato
1001 993 1065 1018 me
1093 992 1142 1018 ex
1167 979 1319 1018 Piraeeo
1339 979 1583 1031 digrediente

117 1056 203 1083 sero
222 1043 325 1083 circa
342 1042 584 1095 lapicidinas,
605 1049 645 1082 et
670 1041 812 1094 pugnis
837 1042 933 1093 petit
951 1047 992 1086 et
1010 1041 1182 1080 medium
1209 1041 1355 1093 arripit,
1373 1055 1511 1092 meque
1542 1041 1581 1079 in

115 1105 345 1157 lapicidinas
376 1104 595 1155 deJecisset‚
620 1104 694 1143 nisi
724 1103 881 1155 quidam
909 1103 1090 1149 viatores,
1113 1102 1243 1141 audito
1277 1103 1447 1141 clamore
1479 1116 1581 1152 meo,

116 1167 316 1219 suppetias
334 1166 545 1206 venissent.
576 1166 728 1205 Diebus
747 1178 826 1204 non
845 1164 973 1203 multis
993 1171 1096 1216 post,
1116 1165 1316 1216 ingressus
1336 1165 1375 1202 in
1389 1164 1581 1216 judicium

113 1229 163 1268 ad
183 1228 286 1267 diem
304 1227 548 1280 praefinitam‚
575 1234 614 1267 et
632 1240 678 1267 eo
697 1227 808 1266 falsae
834 1226 1028 1265 citationis
1049 1226 1242 1272 convicto,
1268 1226 1466 1265 hominem
1492 1239 1581 1264 eum

113 1291 277 1331 aliorum
306 1290 496 1330 scelerum
529 1303 618 1342 quae
655 1289 816 1342 exposui
848 1301 955 1327 reum
988 1287 1141 1340 peregi:
1184 1295 1269 1325 tum
1307 1287 1347 1325 in
1373 1287 1581 1338 irroganda

113 1353 278 1399 mulcta,
297 1365 388 1392 cum
422 1365 512 1391 eum
533 1352 686 1402 judices
720 1350 859 1402 capitis
892 1349 1111 1389 damnaturi
1130 1355 1274 1396 essent,
1304 1355 1488 1402 precatus
1514 1362 1581 1388 eos

114 1428 189 1467 ego
207 1428 309 1463 sum,
327 1428 378 1454 ne
395 1414 474 1453 tale
493 1414 587 1466 quid
606 1427 695 1453 mea
721 1426 841 1453 causa
868 1412 1053 1463 facerent,
1073 1411 1142 1450 sed
1167 1419 1212 1451 ut
1236 1411 1427 1450 talentum
1447 1411 1583 1462 quanti

112 1477 187 1530 ipsi
219 1477 327 1517 litem
351 1477 600 1516 aestimabant
626 1476 887 1530 admitterent,
909 1487 988 1513 non
1008 1480 1052 1512 ut
1070 1487 1120 1513 ne
1134 1473 1364 1512 Arethusius
1385 1474 1582 1513 occidere-

114 1545 395 1579 tur—mortem
409 1539 510 1579 enim
530 1539 609 1578 suis
625 1539 665 1577 in
679 1552 742 1577 me
760 1531 971 1576 sceleribus
987 1542 1336 1583 commeruerat—,
1351 1536 1421 1575 sed
1436 1549 1485 1575 ne
1505 1549 1581 1588 ego

114 1601 293 1641 Pasionis
317 1601 435 1649 filius,
461 1607 503 1640 et
530 1614 579 1640 ex
606 1600 763 1639 decreto
784 1597 892 1646 civis,
919 1610 1152 1650 quemquam
1170 1596 1449 1637 Atheniensem
1474 1597 1581 1637 occi-

114 1664 259 1705 derem.
316 1665 416 1705 Haec
436 1664 566 1704 omnia
579 1676 666 1703 vere
687 1677 710 1702 a
728 1676 790 1702 me
809 1661 899 1710 dici,
919 1674 967 1700 ex
984 1661 1150 1700 testibus
1172 1660 1351 1699 audietis.

735 1800 867 1839 TEST
877 1798 950 1838 ES.

166 1899 205 1938 6.
225 1898 377 1944 Quibus
399 1897 523 1950 ,igitur
550 1897 697 1950 injuriis
726 1897 774 1936 ab
801 1897 856 1936 eis
884 1895 1062 1943 affectus,
1080 1895 1257 1942 Judices,
1277 1894 1579 1947 descriptionem

112 1961 270 2001 fecerim
289 1960 449 2013 exposui
466 1959 600 2000 vobis:
631 1974 717 2000 esse
743 1966 872 1998 autem
905 1958 1104 1998 Arethusii
1140 1958 1333 2011 mancipia
1355 1960 1442 2006 ista,
1469 1966 1509 1998 et
1539 1959 1578 1997 in

111 2026 193 2073 ejus
212 2023 461 2062 facultatibus
481 2035 568 2061 esse
587 2035 674 2074 quae
694 2035 768 2073 ego
790 2020 991 2073 descripsi,
1011 2020 1121 2059 vobis
1137 2020 1425 2059 demonstrabo.
1483 2019 1579 2058 Cer-

113 2085 254 2124 donem
274 2085 374 2124 enim
403 2085 451 2124 ab
483 2084 730 2124 incunabulis
757 2083 960 2127 educavit;
991 2089 1109 2134 atque
1136 2096 1223 2121 eum
1242 2082 1361 2122 fuisse
1383 2082 1580 2121 Arethusii

115 2154 158 2187 ut
175 2154 341 2196 constet,
360 2160 427 2188 eos
446 2147 512 2200 qui
530 2154 672 2187 norunt
689 2153 810 2186 testes
831 2146 940 2185 vobis
962 2145 1189 2198 producam.

733 2301 950 2340 TESTES.

111 2406 229 2460 Apud
243 2419 500 2460 quoscunque
515 2420 627 2460 porro
646 2407 738 2446 fecit
751 2419 863 2459 opus,
878 2405 1079 2444 mercedes
1097 2404 1297 2456 accepisse
1313 2402 1576 2448 Arethusium‚

111 2475 151 2508 et
163 2470 230 2522 jus
259 2476 342 2508 tum
375 2469 529 2509 dedisse
560 2476 642 2508 tum
668 2468 884 2521 accepisse,
906 2467 938 2506 si
969 2467 1064 2519 quid
1084 2466 1327 2518 deliquisset,
1355 2474 1398 2504 ut
1424 2464 1574 2509 herum,

109 2544 242 2571 earum
258 2545 388 2572 rerum
406 2545 550 2585 gnaros
568 2532 677 2572 vobis
696 2538 816 2571 testes
831 2530 1039 2570 exhibebo.

728 2677 943 2715 TESTES.

111 2779 273 2820 Manem
290 2788 433 2831 autem,
448 2789 585 2822 mutua
603 2782 770 2836 pecunia
786 2780 1038 2834 Archepolidi
1059 2779 1245 2819 Piraeensi
1264 2778 1370 2823 data,
1392 2790 1481 2815 cum
1502 2778 1575 2815 Ar-

109 2839 284 2893 chepolis
314 2856 439 2895 neque
466 2857 622 2883 usuram
652 2857 777 2896 neque
807 2850 949 2883 sortem
984 2855 1137 2880 omnem
1170 2839 1331 2878 reddere
1358 2844 1506 2890 posset,
1533 2839 1578 2877 in.

111 2903 407 2944 aestimationem
437 2906 602 2959 accepit.
659 2906 722 2953 Et,
758 2912 799 2945 ut
832 2918 922 2945 vera
951 2917 1013 2944 me
1045 2904 1173 2944 dicere
1203 2907 1402 2954 appareat,
1434 2900 1573 2939 horum

113 2964 222 3004 vobis
242 2972 360 3006 testes
384 2968 610 3019 producam.
