1915 3356
678 198 734 236 IN
766 197 1213 236 CTESIPHONTERL
1606 197 1678 234 103

216 313 303 352 quae
318 300 438 338 insita
456 313 543 339 esse
564 299 732 339 debeant
752 301 792 339 in
812 301 966 352 ingenio
986 300 1054 337 viri
1071 300 1266 350 popularis
1287 313 1331 338 ac
1359 298 1561 344 moderati,
1581 311 1680 348 eque

216 368 354 400 contra
378 375 534 412 ponam,
561 362 716 413 qualem
742 376 828 400 esse
844 361 1061 400 ¹verisimile
1084 361 1134 398 sit
1161 362 1354 399 hominem
1381 373 1591 412 paucorum
1614 372 1684 410 po-

216 423 350 460 tentiae
372 424 591 461 studiosum
611 430 728 474 atque
748 424 961 474 improbum
981 436 989 460 :
1019 435 1102 467 vos,
1126 422 1183 459 his
1209 422 1361 460 duobus
1390 423 1490 460 inter
1511 435 1550 458 se
1576 434 1682 458 com-

216 485 375 535 paratis,
396 491 571 536 spectate
585 486 667 537 jam
688 484 791 530 mihi,
811 497 890 522 non
909 484 1034 534 qualis
1055 483 1190 534 lingua
1210 484 1274 533 sit,
1295 484 1363 521 sed
1389 483 1544 535 qualem
1568 483 1683 520 vitam

220 547 356 596 egerit.

273 609 338 646 55.
369 607 453 645 Vos
483 606 599 657 igitur
625 618 759 644 omnes
780 607 942 645 arbitror
967 607 1058 645 mihi
1079 619 1321 650 assensuros,
1342 606 1427 643 haec
1461 606 1499 642 in
1531 605 1686 643 homine

218 668 398 720 populari
417 668 544 705 inesse
565 674 757 718 oportere.
802 669 974 706 Primum
997 675 1040 705 ut
1069 681 1092 706 a
1116 675 1276 719 paterna
1296 674 1544 717 maternaque
1568 667 1687 716 stirpe

219 730 317 767 liber
331 729 394 776 sit,
414 742 463 766 ne
482 729 531 766 ob
553 730 706 780 generis
735 730 987 768 infortunium
1009 730 1182 768 infensus
1203 729 1250 767 sit
1274 729 1439 779 legibus,
1466 742 1553 779 quae
1582 734 1691 778 pote-

220 797 360 829 statem
375 790 510 841 populi
528 797 696 828 tuentur.
737 791 890 829 Deinde
905 799 948 828 ut
969 805 991 829 a
1006 792 1214 839 majoribus
1235 791 1313 828 suis
1329 790 1491 841 alicujus
1511 802 1603 839 erga
1621 800 1688 838 po-

220 852 357 902 pulum
370 851 638 890 beneficentiae
659 853 925 890 haereditatem
947 853 1153 904 acceperit,
1169 852 1231 890 vel
1253 852 1359 902 quod
1380 858 1440 889 est
1458 863 1606 889 summe
1622 862 1690 887 ne-

222 913 434 951 cessarium
470 914 612 951 nullius
641 914 864 961 inimicitiae,
886 928 934 952 ne
966 915 1232 952 calamitatum
1252 914 1291 950 in
1312 926 1409 963 quas
1440 913 1603 963 majores
1633 912 1690 949 in·

222 974 403 1013 ciderunt
423 988 465 1013 se
497 974 689 1013 vindicem
709 977 900 1026 praebens,
927 975 1069 1013 malum
1101 975 1281 1013 moliatur
1301 974 1460 1012 civitati.
1500 973 1629 1010 Tertio
1650 979 1694 1009 ut

223 1036 262 1073 in
274 1035 488 1086 quotidiani
503 1036 629 1075 victus
650 1037 797 1075 ratione
815 1038 956 1075 ‘natura
970 1037 1071 1088 frugi
1088 1037 1138 1075 sit
1154 1050 1200 1075 ac
1216 1043 1453 1087 temperans,
1470 1048 1517 1072 ne
1538 1035 1587 1072 ob
1606 1047 1692 1084 per-

224 1097 343 1136 ditam
364 1098 403 1135 in
424 1099 639 1149 sumptibus
660 1099 866 1149 nequitiam
887 1098 1112 1149 largitiones
1133 1105 1269 1136 contra
1288 1097 1567 1148 rempublicam
1588 1094 1693 1133 acci-

225 1159 318 1209 piat.
350 1159 499 1203 Quarto
518 1166 562 1198 ut
581 1166 620 1197 et
646 1161 702 1198 vir
721 1161 847 1197 bonus
868 1160 917 1197 sit
935 1166 974 1197 et
1006 1160 1160 1197 dicendi
1178 1158 1326 1211 peritus
1343 1172 1352 1196 :
1382 1158 1614 1210 praeclarum
1634 1163 1696 1194 est

223 1221 326 1258 enim
346 1228 474 1259 mente
491 1227 531 1259 et
551 1221 714 1259 consilio
734 1235 795 1258 res
815 1221 980 1272 optimas
997 1221 1138 1272 eligere
1159 1221 1366 1270 easdemque
1380 1220 1595 1258 eruditione
1610 1232 1695 1257 ora-

225 1283 324 1320 toria
343 1289 383 1320 et
400 1282 556 1320 dicendi
574 1283 760 1321 facultate
781 1284 1002 1320 instructum
1024 1283 1262 1321 auditoribus
1283 1283 1445 1333 probare
1466 1295 1584 1333 posse
1592 1295 1608 1326 3
1638 1281 1696 1319 sin

224 1344 352 1382 minus
371 1343 425 1382 ita
444 1344 660 1394 contingat,
675 1344 806 1394 utique
826 1345 930 1382 bona
948 1357 1059 1381 mens
1081 1344 1358 1395 anteponenda
1373 1343 1607 1393 eloquentiae
1623 1349 1697 1380 est.

227 1406 374 1450 Quinto
392 1407 482 1444 forti
508 1407 635 1444 animo
666 1420 750 1445 esse
783 1414 948 1458 oportet,
980 1421 1027 1445 ne
1055 1407 1094 1444 in
1124 1413 1343 1458 temporum
1373 1406 1562 1457 angustiis
1592 1413 1631 1444 et
1659 1407 1697 1443 in

227 1468 337 1506 bellis
357 1467 547 1519 populum
567 1467 735 1506 deserat.
792 1468 845 1505 At
864 1468 1011 1505 homini
1030 1480 1242 1518 paucorum
1269 1468 1453 1518 potentiae
1472 1467 1616 1504 faventi
1636 1466 1695 1504 his

227 1529 405 1568 omnibus
426 1529 590 1567 adversa
610 1542 696 1567 esse
725 1529 855 1585 stpdia
874 1529 1081 1568 convenit:
1111 1529 1206 1580 quid
1226 1530 1326 1567 enirn
1355 1541 1402 1567 ea
1430 1529 1540 1566 vobis
1561 1529 1697 1567 iterare

229 1604 328 1642 opus
349 1590 439 1629 est?
659 1582 661 1584 ⁵

283 1653 347 1691 56.
385 1652 477 1691 Jarn
510 1664 599 1690 vero
619 1651 812 1703 dispicite,
834 1652 1029 1703 quodnam
1051 1666 1099 1691 ex
1119 1653 1180 1691 his
1206 1653 1298 1691 insit
1325 1653 1364 1690 in
1391 1652 1665 1690 Demosthene
1686 1665 1695 1690 z

230 1716 327 1753 ratio
340 1721 470 1753 autem
489 1727 642 1752 summa
661 1727 748 1752 cum
769 1716 951 1765 aequitate
968 1716 1223 1753 subducatur.
1265 1714 1368 1752 Huic
1389 1722 1498 1765 pater
1519 1722 1601 1752 erat
1616 1714 1696 1752 De-

230 1778 456 1815 mosthenes
477 1776 733 1823 Paeaniensis,
749 1777 805 1814 vir
820 1777 1015 1827 ingenuus
1036 1777 1374 1827 quidem—neque
1390 1776 1491 1813 enim
1511 1777 1700 1814 mentien-

232 1838 325 1876 dum
340 1845 476 1877 est—2
507 1838 577 1876 sed
604 1851 628 1875 a
646 1846 822 1876 materno
842 1838 980 1888 avique
1001 1838 1162 1876 materni
1191 1851 1333 1888 genere
1354 1837 1550 1888 quomodo
1570 1851 1611 1876 se
1630 1838 1699 1875 ha-

230 1899 352 1938 beat?
382 1900 467 1950 Ego
492 1899 574 1950 jam
608 1912 814 1950 exponam.
873 1899 978 1950 Gylo
1012 1900 1169 1950 quidam
1194 1907 1282 1937 -erat
1315 1899 1570 1937 Ceramensis,
1626 1900 1701 1937 Hic

233 1961 454 2014 Nymphaeo
472 1961 577 2012 quod
598 1961 637 1998 in
657 1961 784 1999 Ponto
804 1967 878 2008 est,
898 1974 976 2012 quo
993 1968 1167 2012 tempore
1188 1961 1374 2012 oppidum
1394 1960 1490 1998 illud
1510 1961 1646 1998 civitas
1662 1961 1700 1998 in

232 2023 379 2061 ditione
400 2035 470 2060 sua
488 2023 659 2069 tenebat,
678 2023 858 2060 hostibus
893 2023 1060 2073 prodito,
1091 2022 1244 2060 delatus
1274 2024 1368 2060 urbe
1389 2023 1594 2067 exsulavit,
1613 2035 1701 2060 cum

233 2085 370 2137 capitis
390 2084 594 2122 damnatus
610 2084 746 2135 judicii
766 2096 921 2135 poenam
942 2097 1021 2121 non
1042 2090 1321 2134 exspectasset.
1354 2083 1459 2121 Hinc
1483 2084 1700 2134 Bosporum

234 2146 442 2192 concessit,
457 2146 522 2183 ubi
541 2146 755 2184 Hortorum
772 2146 838 2196 qui
854 2152 1043 2184 vocantur
1060 2158 1082 2184 a
1097 2146 1268 2197 tyrannis
1284 2146 1528 2196 largitionem
1545 2152 1701 2190 nactus,

235 2221 397 2246 uxorem
418 2208 526 2246 ducit
556 2206 783 2257 opulentam
814 2220 907 2244 sane
936 2220 1200 2258 magnamque
1226 2207 1301 2244 vim
1337 2208 1419 2245 auri
1446 2220 1578 2245 secum
1609 2206 1701 2245 affe-

235 2276 399 2316 rentem,
421 2269 490 2307 sed
510 2282 652 2320 genere
672 2269 914 2320 Scythidem,
945 2282 992 2307 ex
1012 2282 1089 2319 qua
1110 2282 1197 2307 cum
1219 2269 1317 2307 duas
1337 2269 1434 2308 filias
1455 2269 1704 2320 suscepisset,

237 2343 382 2382 easque
400 2344 490 2368 cum
511 2329 649 2381 grandi
669 2330 834 2380 pecunia
853 2331 929 2368 huc
948 2331 1132 2378 misisset,
1153 2331 1362 2369 collocavit
1386 2331 1545 2368 alteram
1572 2331 1704 2368 nescio

237 2393 314 2440 cui,
344 2406 392 2430 ne
425 2392 634 2430 multorum
663 2392 703 2429 in
731 2405 792 2429 me
821 2392 912 2431 odia
942 2393 1148 2438 concitem,
1186 2393 1345 2430 alteram
1373 2393 1509 2444 spretis
1541 2393 1705 2430 civitatis

238 2461 383 2493 nostrae
416 2453 570 2505 legibus
605 2452 717 2491 duxit
744 2453 1032 2492 Demosthenes
1055 2454 1310 2500 Paeaniensis‚
1330 2467 1378 2492 ex
1408 2467 1485 2504 qua
1510 2461 1621 2490 natus
1648 2459 1708 2490 est

238 2516 352 2554 nobis
367 2515 614 2567 percuriosus
633 2514 693 2552 hic
714 2514 860 2553 ardelio
878 2523 918 2553 et
936 2515 1192 2554 calumniator
1213 2516 1516 2553 Demosthenes.
1560 2514 1706 2557 Quam-

240 2579 373 2618 obrem
400 2579 447 2616 ab
469 2590 541 2616 avo
568 2576 726 2628 quidem
748 2584 924 2615 materno
956 2577 1080 2616 hostis
1109 2578 1180 2615 erit
1198 2577 1355 2628 populi;
1389 2577 1470 2628 ejus
1492 2577 1592 2614 enim
1625 2589 1705 2613 ma-

235 2639 340 2692 jores
357 2639 495 2691 capitis
512 2637 766 2676 damnavistis
781 2652 791 2676 ι
826 2652 849 2676 a
862 2645 1036 2676 materno
1050 2652 1190 2690 genere
1205 2639 1352 2690 Scytha
1371 2639 1556 2676 barbarus
1574 2638 1708 2689 lingua

243 2702 436 2741 duntaxat
454 2702 630 2740 Groecus.
691 2701 809 2740 Unde
829 2701 884 2748 fit,
905 2709 948 2738 ut
976 2701 1221 2752 improbitate
1242 2700 1358 2738 etiam
1379 2700 1600 2750 indigenam
1629 2713 1707 2738 non

244 2764 401 2802 referat.

299 2827 364 2862 57.
397 2825 442 2862 In
458 2825 672 2876 quotidiani
695 2831 823 2863 autem
840 2825 964 2863 victus
985 2826 1134 2863 ratione
1153 2825 1275 2875 qualis
1297 2823 1384 2861 est?
1419 2823 1479 2859 Ex
1498 2821 1707 2860 trierarcho

247 2886 412 2937 scriptor
441 2887 770 2925 oratiuncularum
804 2886 942 2931 evasit,
965 2887 1076 2925 bonis
1104 2887 1274 2938 patei-uis
1307 2885 1467 2922 ridicule
1499 2883 1707 2935 dissipatis.

249 2948 405 2987 Deinde
435 2961 522 2986 cum
543 2948 580 2986 in
607 2949 682 2986 hoc
712 2949 827 2987 etiam
857 2949 1013 2998 negotio
1045 2949 1214 2999 perfidus
1244 2948 1461 2991 haberetur,
1491 2945 1595 2996 quod
1624 2958 1708 2984 ora-
