1965 3356
514 205 809 247 ADVERSUS
840 204 1149 244 POLYCLEM.
1491 203 1569 243 695

106 309 328 363 respondit;
369 309 438 348 sed
471 323 558 349 curn
597 310 673 349 risu
705 309 847 348 dixisse
884 309 1018 356 fertur,
1058 308 1101 346 M
1114 321 1137 346 o
1152 307 1214 346 do
1255 320 1294 345 m
1307 320 1331 345 u
1346 320 1363 346 s
1402 307 1517 359 pice
1531 320 1570 345 m

107 378 304 425 gustat,
348 372 497 411 facetus
516 373 618 410 enim
644 385 731 410 esse
751 371 886 411 voluit.
944 371 1076 415 Quum
1101 376 1231 409 autem
1256 369 1507 408 Euctemonis
1531 375 1572 408 et

108 433 236 472 Diniae
251 433 379 473 verbis
398 434 491 472 nihil
510 440 740 480 moveretur,
759 440 895 485 postea
914 446 1045 471 rursus
1062 445 1151 470 eum
1166 431 1405 470 conveniunt
1423 431 1572 484 Pytho-

107 495 225 534 dorus
263 496 521 534 Acharnensis
554 502 593 533 et
629 495 890 547 Apollodorus
935 494 1212 540 Leuconensis,
1248 493 1456 531 familiares
1495 492 1572 532 mei

108 566 223 610 atque
242 558 377 602 amici;
408 565 447 596 et
476 558 525 596 ad
546 571 684 595 navem
712 558 988 609 abirejubent,
1010 564 1053 594 ut
1079 568 1360 600 successorem,
1383 563 1423 593 et
1442 555 1492 593 de
1513 568 1575 593 ar-

106 622 309 659 mamentis
336 621 372 658 ei
403 625 573 666 narrant,
596 633 659 658 me
692 619 868 671 privatim
895 619 1039 657 habere
1071 618 1214 665 omnia,
1234 617 1435 669 publicum
1464 616 1572 654 nihil.

109 682 226 726 Quod
246 682 278 720 si
295 682 370 720 illis
389 681 446 719 uti
464 682 584 729 voles,
605 681 790 732 relinque,
806 682 999 732 inquiunt,
1016 681 1216 733 pecuniam
1237 679 1314 725 hic,
1328 692 1453 730 neque
1475 680 1575 730 peri-

108 744 197 781 culo
218 743 332 781 maris
353 742 565 790 committe,
584 743 677 781 illuc
700 742 903 781 vehendo:
932 743 1052 794 idque
1075 756 1120 781 ea
1145 742 1194 787 de
1219 753 1341 779 causa
1364 741 1574 787 faciebant,

106 810 152 842 ut
169 803 262 842 mihi
281 804 514 842 redimerent
530 803 736 855 praedium,
757 804 917 842 redditis
938 803 1144 842 Archeneo
1165 810 1205 841 et
1223 802 1489 854 Thrasylocho
1508 801 1576 840 tri·-

108 865 218 916 ginta
235 865 363 904 minis.
393 865 457 903 De
477 872 801 904 armamentorum
818 872 946 903 autem
966 865 1161 904 attritione
1174 864 1377 903 voluerunt
1391 864 1425 902 ei
1442 863 1575 902 literas

108 927 201 965 dare
233 934 273 965 et
305 926 378 979 ipsi
406 927 597 978 spondere
626 940 696 979 pro
728 940 804 973 me,
825 928 906 965 fore
939 933 983 965 ut
1010 927 1147 966 eadem
1174 940 1326 966 mecum
1353 925 1576 965 conditione

109 990 353 1042 transigeret,
375 1002 452 1042 qua
483 996 524 1028 et
550 989 687 1040 reliqui
718 989 928 1028 triremium
951 989 1127 1040 praefecti
1153 1002 1243 1028 cum
1272 988 1575 1027 successoribus.

111 1051 210 1091 Haec
229 1065 254 1091 a
269 1064 332 1091 me
351 1064 440 1090 vere
459 1050 536 1090 dici
554 1058 598 1090 ut
615 1058 783 1099 constet,
803 1050 1024 1090 testimonia
1042 1051 1152 1090 vobis
1174 1050 1453 1089 recitabuntur.

661 1195 1019 1234 TESTIMONIA.

165 1301 203 1338 8.
231 1297 371 1338 Multis
396 1304 528 1338 autem
555 1311 618 1337 me
645 1297 755 1337 vobis
775 1297 1014 1350 argumentis
1043 1303 1291 1335 ostensurum
1319 1302 1431 1348 puto,
1461 1295 1580 1349 Poly-

107 1361 209 1400 clem
231 1374 359 1413 neque
391 1367 486 1400 tunc
517 1360 556 1399 in
587 1359 714 1399 animo
740 1359 925 1399 habuisse
948 1373 1088 1399 navem
1107 1372 1131 1398 a
1149 1371 1211 1397 me
1231 1358 1420 1410 accipere,
1440 1371 1580 1410 neque,

107 1430 316 1476 postquam
334 1436 359 1462 a
374 1424 484 1462 vobis
504 1430 544 1462 et
561 1423 719 1462 decreto
737 1429 866 1462 vestro
883 1429 1044 1461 coactus
1060 1427 1122 1460 est
1140 1421 1191 1460 ad
1206 1433 1341 1460 navem
1358 1420 1476 1468 abire,
1491 1433 1581 1459 curn

109 1498 156 1524 eo
173 1485 358 1532 venisset,
377 1485 550 1524 voluisse
569 1485 662 1523 mihi
684 1485 723 1523 in
744 1485 970 1536 trierarchia
999 1484 1226 1523 succedere.
1283 1482 1387 1521 Nam
1407 1483 1580 1521 Thasum

109 1548 176 1586 ubi
193 1548 311 1594 venit,
329 1561 393 1586 me
418 1548 500 1600 jam
530 1554 712 1599 quartum
734 1561 908 1587 mensem
938 1548 1041 1586 ultra
1068 1547 1275 1586 terminum
1307 1545 1581 1598 praefecturam

109 1617 282 1662 gerente,
301 1623 376 1662 ego
390 1609 556 1648 testibus
573 1609 758 1649 adhibitis
779 1624 897 1662 quam
916 1609 1026 1662 potui
1044 1609 1218 1662 plurimis
1236 1615 1320 1647 tum
1337 1608 1480 1647 civium
1497 1615 1582 1646 tum

109 1671 275 1710 militum
291 1678 374 1710 tum
387 1670 575 1723 remigum
597 1684 687 1710 eum
707 1671 829 1710 Thasi
848 1671 886 1710 in
905 1672 991 1710 foro
1019 1671 1232 1716 convenio;
1262 1677 1300 1708 et
1319 1683 1456 1709 navem
1478 1683 1501 1709 a
1519 1682 1582 1709 me

108 1734 286 1785 accipere
302 1735 435 1785 jubeo,
450 1740 494 1772 ut
513 1746 791 1780 successorem,
806 1740 846 1772 et
864 1734 1003 1784 reliqui
1018 1733 1203 1785 temporis
1218 1732 1310 1771 mihi
1329 1741 1506 1784 sumptus
1525 1745 1583 1770 re-

109 1796 282 1834 stituere.
340 1796 550 1834 Rationem
580 1804 710 1834 autem
740 1809 829 1834 cum
857 1809 904 1834 eo
927 1803 1065 1847 putare
1085 1795 1190 1834 volui
1215 1796 1264 1833 de
1291 1795 1468 1846 singulis,
1489 1795 1584 1833 dum

109 1857 202 1896 mihi
212 1857 402 1896 factorum
414 1864 638 1910 sumptuum
652 1864 774 1896 testes
788 1858 990 1904 adessent,
1004 1863 1148 1904 nautae,
1162 1856 1302 1895 milites
1312 1863 1351 1895 et
1364 1856 1583 1908 remigium,

109 1926 165 1967 ut,
185 1920 218 1960 si
234 1920 330 1973 quid
348 1920 600 1968 inficiaretur,
619 1934 710 1959 eum
731 1921 861 1959 statim
881 1921 1164 1959 convincerem.
1222 1920 1322 1959 Tam
1342 1920 1446 1959 enim
1465 1934 1581 1959 accu-

108 1989 190 2021 rate
209 1996 233 2022 a
250 1996 312 2021 me
342 1983 529 2035 inscripta
553 1990 664 2022 erant
682 1983 825 2030 omnia,
854 1989 899 2021 ut
916 1996 994 2021 non
1012 1982 1131 2021 modo
1151 1991 1329 2034 sumptus
1354 1990 1487 2021 essent
1513 1996 1583 2021 an-

109 2043 246 2091 notati,
267 2044 336 2083 sed
355 2045 470 2084 etiam
498 2045 564 2083 ubi
589 2052 719 2084 essent
744 2045 850 2091 facti,
883 2052 922 2083 et
953 2058 1052 2096 quos
1084 2045 1123 2083 in
1144 2058 1251 2092 usus,
1281 2051 1322 2082 et
1350 2045 1514 2096 pretium
1544 2052 1585 2083 et

110 2106 251 2157 quanti¹
266 2106 433 2158 quicque
454 2114 573 2154 esset,
594 2114 634 2145 et
651 2109 780 2158 cujate
803 2107 1010 2148 nomisma,
1031 2113 1070 2145 et
1099 2106 1235 2157 quanti
1264 2106 1431 2158 pecunia
1457 2113 1584 2144 muta-

110 2175 240 2206 retur:
270 2175 316 2206 ut
342 2176 448 2208 certo
478 2182 632 2221 possem
666 2170 896 2208 convincere
930 2182 1211 2215 successorem,
1234 2168 1266 2206 si
1299 2168 1392 2220 quid
1418 2182 1480 2207 me
1513 2169 1585 2207 sibi

110 2229 210 2269 falso
227 2230 419 2282 imputare
439 2231 611 2270 duceret.
668 2231 864 2270 Praeterea
882 2230 959 2269 fide
978 2230 1096 2269 etiam
1114 2230 1207 2269 data
1226 2236 1405 2281 sumptus
1425 2230 1459 2268 ei
1478 2243 1585 2269 corn-

109 2300 248 2346 putare
270 2293 387 2333 volui.
444 2295 515 2333 Me
542 2301 675 2334 autem
703 2294 744 2333 id
770 2294 1008 2346 postulante,
1033 2293 1249 2345 respondit,
1270 2305 1313 2331 se
1334 2292 1428 2331 nihil
1448 2306 1584 2332 curare

111 2357 294 2408 quicquid
326 2356 507 2396 dicerem.
565 2357 721 2395 Interea
747 2357 935 2404 minister,
955 2370 978 2395 a
1004 2356 1104 2395 duce
1128 2355 1287 2402 missus,
1307 2354 1400 2393 mihi
1425 2355 1586 2394 mandat

109 2425 155 2457 ut
182 2418 345 2465 solvam,
366 2432 445 2458 non
468 2418 533 2458 isti
560 2419 792 2466 successori,
817 2419 928 2471 cujus
960 2432 1102 2457 munus
1134 2418 1174 2456 id
1205 2424 1313 2457 erat:
1343 2418 1426 2469 ejus
1452 2426 1583 2457 autem

111 2480 165 2519 rei
183 2495 342 2520 causam
362 2481 402 2520 in
419 2494 631 2534 progressu
652 2481 836 2520 orationis
857 2494 927 2521 vos
947 2481 1135 2520 edocebo.

165 2545 204 2582 9.
234 2543 337 2582 Tum
358 2543 474 2596 igitur
493 2544 587 2582 mihi
605 2544 730 2583 visum
756 2544 831 2583 fuit
856 2544 1018 2591 solvere,
1039 2550 1078 2582 et
1106 2543 1304 2595 navigare,
1324 2555 1402 2594 quo
1418 2542 1584 2594 juberet.

112 2604 325 2658 Postquam
344 2613 476 2645 autem
500 2619 636 2645 rursus
661 2606 837 2645 Thasum
867 2607 1014 2660 appuli,
1045 2606 1228 2658 Strymen
1257 2604 1475 2656 pertractis,
1507 2615 1585 2653 quo

113 2667 192 2706 dux
210 2668 430 2716 mandarat,
461 2667 642 2720 navigiis,
673 2669 800 2707 nautis
835 2675 875 2708 et
909 2668 1094 2707 militibus
1121 2675 1162 2706 et
1191 2667 1400 2718 remigibus
1431 2666 1468 2703 in
1498 2666 1587 2704 navi

113 2742 270 2769 manere
283 2730 420 2782 jussis,
439 2730 521 2783 ipse
547 2731 735 2770 exscendi
762 2738 803 2770 et
828 2731 867 2770 in
887 2731 993 2770 aedes
1013 2730 1103 2778 abii,
1123 2730 1189 2768 ubi
1209 2728 1486 2768 Timomachus
1505 2727 1587 2766 dux

114 2791 395 2840 diversabatur‚
421 2793 560 2832 volens
589 2793 706 2833 etiam
732 2806 864 2833 coram
890 2793 957 2832 illo
983 2806 1122 2831 navem
1150 2792 1302 2831 tradere
1322 2790 1473 2841 Polycli
1502 2789 1587 2841 ple-

115 2865 219 2892 nam.
274 2854 537 2906 Deprehendo
566 2855 684 2907 igitur
718 2862 757 2894 et
787 2855 904 2894 istum
932 2854 1009 2894 illic
1030 2862 1068 2893 et
1088 2854 1300 2893 triremium
1318 2852 1524 2904 praefectos
1549 2858 1589 2890 et

115 2928 365 2955 successores
401 2924 442 2956 et
478 2917 576 2957 alios
610 2917 802 2970 quosdam
835 2917 964 2957 cives:
1003 2924 1042 2956 et
1074 2924 1181 2955 recta
1208 2917 1422 2967 ingressus,
1455 2926 1587 2954 coram

117 2977 232 3024 duce,
252 2979 370 3019 verba
391 2979 441 3019 ad
459 2993 548 3020 eum
569 2980 683 3026 facio,
703 2987 742 3019 et
763 2987 852 3033 peto
872 2987 916 3020 ut
937 2992 1074 3019 navem
1093 2993 1116 3018 a
1137 2993 1199 3019 me
1219 2979 1386 3031 accipiat
1411 2984 1450 3018 et
1480 2990 1586 3017 sum-
