1915 3356
443 179 519 218 DE
550 179 701 219 MALE
730 176 912 217 GESTA
943 175 1272 216 LEGATIONE.
1548 177 1597 214 47

128 294 223 346 quid
251 293 291 332 in
309 305 357 332 eo
382 292 549 332 dicatur.
597 293 644 332 In
673 306 751 345 quo
780 297 913 342 aperte
950 288 1138 340 scriptum
1166 296 1254 328 est:
1289 301 1379 326 cum
1407 286 1600 326 deliberet
1653 286 1658 291 ’

127 356 297 409 populus
317 355 570 395 Atheniensis
590 355 640 394 de
658 367 755 407 pace
776 351 1011 403 Philippica,
1033 350 1151 400 legati
1173 359 1301 389 autem
1323 350 1498 389 nondum
1527 349 1597 387 ad-

126 419 218 463 sint,
247 430 347 469 quos
378 417 569 469 ablegarit
594 417 762 469 populus
794 415 832 452 in
860 412 1070 458 Graeciam,
1096 411 1161 463 qui
1187 414 1303 450 urbes
1335 413 1385 450 ad
1413 411 1598 449 tuendam

130 479 360 518 Graecorum
381 479 599 517 libertatem
627 477 900 516 exhortentur:
931 473 1054 512 visum
1076 486 1164 511 esse
1185 474 1314 519 sociis,
1334 474 1398 511 ubi
1417 472 1601 511 redierint

128 540 262 590 legati,
283 547 323 578 et
340 547 428 578 acta
447 553 517 578 sua
538 538 796 577 renunciarint
817 535 1137 580 Atheniensibus,
1164 547 1374 584 eorumque
1404 534 1532 581 sociis,
1558 541 1602 572 ut

129 602 308 641 curiones
329 602 426 640 duas
446 600 653 639 conciones
684 598 899 638 secundum
926 598 1034 647 leges
1063 595 1251 642 indicant,
1277 602 1392 646 atque
1421 596 1459 633 in
1484 596 1530 633 iis
1551 596 1601 634 de

130 678 227 716 pace
255 663 472 701 deliberent
489 662 764 700 Athenienses.
795 659 994 711 Quicquid
1015 666 1145 696 autem
1171 657 1337 709 populus
1363 657 1599 695 decreverit:

131 726 173 763 id
191 726 272 763 fore
292 737 497 764 commune
515 724 708 763 sociorum
727 723 940 762 decretum.
981 720 1122 760 Recita
1139 733 1233 772 ergo
1253 719 1457 759 decretum
1472 732 1600 759 asses-

132 800 278 826 sorum.

509 870 818 910 DECRETUM
849 869 1228 909 ASSESSORUM.

78 983 87 987 -
134 959 282 999 Confer
301 971 391 998 cum
414 959 490 997 hoc
511 958 629 997 etiam
650 958 929 997 Demosthenis
949 957 1165 1004 decretum,
1184 969 1261 1007 quo
1274 955 1389 1007 jubet
1408 954 1602 1004 curiones,

132 1028 224 1073 post
242 1022 391 1059 urbana
411 1020 687 1067 Bacchanalia,
707 1027 747 1058 et
764 1019 991 1058 concionem
1021 1019 1060 1056 in
1080 1017 1226 1056 Bacchi
1246 1018 1331 1055 aede
1359 1017 1492 1055 haberi
1513 1018 1603 1056 soli-

134 1090 229 1130 tam,
244 1081 413 1121 indicere
429 1081 526 1120 duas
542 1081 766 1128 conc10nes,
780 1079 1025 1130 alteramldie
1044 1092 1199 1123 xvr11.‚
1222 1079 1380 1117 alteram
1402 1091 1520 1126 xrx„
1536 1079 1606 1117 de-

134 1143 272 1182 finiens
292 1151 461 1194 tempuS,
480 1149 519 1181 et
538 1143 746 1181 conciones
765 1142 1004 1194 praeripiens,
1025 1148 1116 1180 ante
1136 1141 1352 1192 legatorum
1372 1141 1420 1179 ad
1443 1141 1607 1180 Graecos

135 1205 342 1243 missorum
363 1204 544 1242 reditum.
574 1205 633 1242 Ac
654 1204 847 1243 sociorum
867 1204 1023 1255 quidem
1044 1202 1244 1240 decretum
1259 1203 1387 1254 jubet,
1410 1202 1517 1254 quod
1542 1215 1604 1240 me

135 1279 293 1317 quoque
313 1266 536 1304 defendisse
555 1266 694 1312 fateor,
710 1278 777 1303 vos
797 1265 846 1303 de
866 1278 962 1316 pace
979 1265 1170 1302 duntaxat
1189 1264 1424 1303 deliberare:
1456 1264 1605 1303 Demo·

137 1327 297 1366 sthenes
316 1332 459 1375 autem,
478 1326 596 1365 etiam
615 1325 665 1364 de
685 1325 871 1365 societate
885 1325 1012 1377 jubet.
1043 1325 1181 1363 Recita
1201 1325 1415 1366 decretum.

487 1439 802 1478 DECRETUM
831 1439 1251 1479 DEMOSTHENIS.

140 1527 352 1566 Decretum
388 1534 592 1578 utrumque
631 1527 850 1582 audivistis,
890 1527 1172 1574 Athenienses,
1208 1527 1313 1565 unde
1350 1528 1608 1574 convincitur,

140 1588 447 1627 Demosthenem
473 1589 679 1635 affirmare,
709 1588 927 1640 legationes
953 1602 1021 1627 eas
1049 1603 1138 1640 quae
1167 1590 1389 1636 abfuerunt,
1422 1590 1607 1627 affuisse:

139 1657 278 1688 etcum
297 1663 366 1688 vos
387 1649 519 1689 audire
535 1650 699 1696 velletis,
719 1650 865 1688 irritum
879 1650 1018 1689 fecisse
1039 1651 1242 1689 decretum
1262 1651 1468 1689 sociorum.
1504 1651 1608 1689 Nam

138 1711 195 1749 illi
227 1710 386 1762 quidem
414 1712 746 1762 pronunciarant:
780 1711 1031 1751 Graecanicas
1065 1713 1281 1763 legationes
1311 1726 1398 1751 esse
1427 1714 1511 1751 urbi
1541 1726 1609 1751 ex-

140 1773 401 1824 spectandas:
433 1772 718 1811 Demosthenes
744 1780 873 1811 autern
900 1788 978 1812 non
1008 1775 1132 1812 verbis
1160 1782 1312 1813 tantum
1343 1775 1504 1821 obstitit,
1529 1788 1608 1826 quo

138 1834 269 1872 minus
288 1840 618 1885 exspectarentur,
637 1835 702 1885 qui
717 1835 814 1873 illud
831 1837 1001 1874 omnium
1022 1836 1242 1888 turpissime
1260 1850 1306 1874 ac
1326 1837 1523 1875 celerrime
1539 1837 1610 1875 im-

140 1896 318 1941 mutavit,
334 1895 404 1933 sed
424 1908 463 1933 re
483 1895 567 1947 ipsa
580 1902 620 1933 et
638 1896 810 1942 decreto,
829 1898 970 1948 quippe
989 1899 1053 1949 qui
1073 1898 1203 1936 statim
1225 1898 1425 1936 deliberari
1436 1899 1611 1950 jusserit.

196 1958 265 1996 23.
296 1956 406 1994 Dixit
433 1964 577 2003 autem,
602 1969 662 1995 me
690 1958 815 2009 priore
835 1959 1037 2005 concione,
1067 1973 1156 1998 cum
1187 1961 1304 1998 verba
1331 1958 1491 1999 fecisset
1520 1961 1613 1998 Phi-

138 2019 320 2063 loannes,
334 2024 426 2068 post
443 2031 532 2055 eum
551 2026 741 2070 suggestu
768 2032 982 2059 conscenso
1002 2021 1300 2072 reprehendisse
1320 2035 1470 2073 pacem,
1496 2023 1609 2074 cujus

143 2086 280 2119 auctor
299 2080 362 2118 ille
383 2079 523 2118 fuerit:
557 2094 720 2132 eamque
749 2088 901 2132 turpem
933 2089 972 2120 et
993 2083 1149 2121 civitate
1170 2082 1370 2134 indignam
1387 2084 1610 2134 judicasse:

141 2142 332 2194 postridie
360 2148 489 2180 autem
516 2142 770 2193 suffragatum
802 2143 1025 2191 Philocrati,
1052 2151 1092 2182 et
1120 2144 1347 2182 concionem
1380 2158 1522 2195 magno
1543 2160 1612 2198 ap-

144 2205 284 2256 plausu
304 2204 343 2241 in
364 2203 597 2241 sententiam
619 2216 743 2242 meam
763 2204 1020 2255 perduxisse:
1057 2201 1146 2243 cum
1176 2205 1380 2244 suaderem
1410 2208 1533 2254 vobis,
1562 2222 1611 2247 ne

144 2265 416 2304 auscultaretis
436 2265 496 2310 iis,
516 2265 579 2315 qui
599 2265 733 2316 praelia
752 2273 791 2304 et
808 2267 1022 2318 triumphos
1043 2268 1229 2317 majorum
1253 2278 1613 2317 commemorarent,

143 2341 241 2366 neve
262 2326 410 2365 Graecis
426 2327 718 2365 auxiliaremini.
755 2328 798 2366 Id
822 2342 913 2367 vero
928 2330 1072 2367 crimen
1091 2343 1170 2368 non
1184 2337 1336 2369 tantum
1353 2345 1441 2370 esse
1455 2333 1612 2378 falsum,

146 2388 215 2429 sed
234 2389 350 2428 etiam
372 2389 451 2426 fieri
469 2389 524 2426 sic
539 2401 617 2426 non
633 2389 821 2440 potuisse,
840 2392 1004 2442 primum
1021 2392 1140 2443 ipsius
1159 2392 1452 2439 Demosthenis,
1471 2394 1613 2432 deinde

146 2451 320 2489 omnium
341 2450 655 2496 Atheniensium,
675 2452 788 2489 tertio
803 2452 903 2499 loco,
920 2460 1062 2500 vestro,
1079 2455 1111 2491 si
1131 2454 1434 2502 admoneamini,
1448 2457 1614 2507 denique

146 2512 216 2550 viri
235 2525 389 2562 magnae
408 2511 445 2548 in
466 2512 666 2563 republica
694 2513 954 2560 auctoritatis,
978 2515 1219 2566 Amyntoris,
1240 2517 1302 2554 cui
1327 2517 1614 2555 Demosthenes

147 2574 351 2612 decretum
370 2573 554 2620 ostendit,
574 2587 767 2625 quemque
782 2576 993 2622 consuluit,
1007 2583 1137 2614 utrum
1150 2577 1188 2614 id
1208 2578 1319 2616 daret
1334 2580 1468 2617 scribae
1484 2592 1492 2616 :
1523 2592 1614 2617 cum

147 2635 308 2686 quidem
327 2648 404 2673 non
426 2635 675 2683 contrarium,
695 2636 764 2674 sed
784 2636 884 2674 idem
905 2637 1011 2688 quod
1031 2637 1276 2677 Philocrates
1305 2641 1538 2691 scripsisset,
1558 2648 1616 2679 te-

150 2699 347 2749 stimonio,
369 2706 483 2750 atque
499 2698 620 2751 ipsius
640 2699 846 2738 calumniae
866 2701 1109 2740 absurditate
1130 2703 1370 2741 ostendetur.
1411 2705 1517 2755 Cape
1533 2705 1616 2743 De-

151 2760 368 2799 mosthenis
388 2760 603 2807 decretum,
623 2768 663 2799 et
684 2762 831 2800 recita:
867 2763 905 2799 in
935 2775 1013 2814 quo
1033 2776 1120 2801 eum
1151 2765 1276 2815 priore
1309 2766 1495 2804 concione
1525 2768 1619 2805 scri-

149 2821 274 2874 psisse
294 2828 462 2866 constat,
479 2822 598 2863 ,licere
618 2823 739 2861 cuivis
761 2824 798 2861 in
819 2824 989 2862 medium
1009 2825 1227 2871 consulere,
1250 2828 1462 2876 posteriore
1483 2829 1616 2879 praesi-

148 2883 264 2921 dibus
283 2883 540 2922 recensendas
571 2897 655 2924 esse
677 2885 891 2924 sententias
912 2898 920 2922 ε
952 2893 991 2923 et
1010 2899 1087 2923 non
1109 2886 1262 2924 dicendi
1284 2895 1515 2938 potestatem
1531 2903 1617 2929 esse

153 2944 338 2991 dandam,
359 2956 436 2995 quo
457 2951 628 2997 ternpore
647 2946 731 2998 ipse
751 2959 813 2985 me
833 2946 888 2986 ait
907 2946 1116 2987 Philocrati
1137 2960 1223 2987 esse
1250 2948 1520 3001 suffragatum.
