1981 3356
219 459 624 501 ARGUMENTUM
659 457 960 556 ORATlggIIVIS
979 457 1288 557 ἒὲνΕΙίὃῦὃ
1324 457 1572 498 BOEOTUM

725 519 798 557 DE
958 519 973 557 1
1058 547 1068 558 .

211 642 390 678 MAN-rus,
412 651 492 671 unus
508 651 546 671 ex
563 639 602 670 iis
619 639 672 679 qui
688 638 821 670 Athenis
836 638 868 669 in
884 638 1066 679 magistratu
1083 639 1217 676 fuerunt,
1236 650 1252 670 e
1270 638 1406 680 legitima
1422 649 1520 670 uxore
1537 639 1631 670 filiurn

168 692 307 732 suscepit
322 702 391 722 eum
407 691 459 731 qni
475 702 556 722 nunc
572 690 683 731 litigat.
729 690 992 721 Consuetudinem
1016 695 1117 721 autem
1144 691 1292 721 habuerat
1307 701 1377 721 cum
1393 691 1525 731 quadam
1542 691 1631 721 Plan-

167 754 259 785 gone,
273 743 386 774 amoris
402 743 514 773 ductus
528 742 699 778 illecebris,
718 741 823 772 Attica
839 741 979 772 muliere.
1002 742 1106 782 Hujus
1117 742 1180 773 duo
1195 742 1250 772 filii
1261 742 1368 778 adulti,
1380 741 1527 772 Mantiam
1541 741 1571 771 in
1582 742 1635 780 jus

166 799 291 831 vocant,
307 804 395 824 suum
407 805 478 825 esse
493 798 612 834 patrem
624 793 822 824 dictitantes:
846 793 874 823 is
889 803 963 823 vero
981 798 1080 834 negat.
1111 786 1233 824 Deinde
1249 793 1389 833 agnoscit
1405 804 1458 823 eos
1473 793 1564 829 filios,
1579 803 1635 822 sua

165 846 267 886 ipsius
280 846 500 887 provocatione
513 852 640 877 coactus
652 851 683 876 et
693 847 855 886 deceptus.
886 847 964 877 Cum
976 846 1056 877 enim
1068 847 1258 886 Plangonem
1268 847 1376 888 jurare
1390 846 1429 876 de
1441 846 1511 877 filiis
1520 846 1634 886 jussis-

166 902 225 934 set,
240 908 277 928 an
293 907 403 928 revera
414 908 453 928 ex
465 898 535 938 ipso
545 897 773 934 essentnati‚et
786 897 945 938 pollicitus
961 902 1052 934 esset,
1069 897 1249 937 sijurasset,
1262 898 1519 938 sejusjurandum
1535 902 1636 928 ratum

167 949 342 980 habiturum
355 961 363 980 ε
380 960 416 980 eo
432 950 584 989 deceptus
594 954 653 986 est,
663 949 743 989 quod
759 949 918 980 mulierem
930 960 989 980 non
996 951 1165 990 juraturam
1180 951 1319 990 putabat.
1341 951 1421 980 Nam
1439 959 1475 980 ea
1490 950 1529 980 de
1543 959 1635 980 causa

168 1012 312 1041 magnum
327 1001 358 1031 ei
379 1001 538 1041 praemium
559 1001 754 1041 promiserat.
800 1003 914 1041 Atque,
931 1006 966 1032 ut
981 1002 1008 1032 is
1026 1002 1068 1032 ait
1087 1001 1138 1042 qui
1163 1012 1286 1032 causam
1306 1002 1383 1032 lianc
1405 1001 1492 1039 dicit,
1507 1000 1584 1031 clam
1606 1000 1635 1031 ei

164 1054 283 1093 jurarat
298 1052 416 1092 Plango
433 1063 466 1083 se
483 1052 619 1083 delatum
630 1052 847 1092 jusjurandum
863 1058 1084 1085 recusaturam.
1126 1053 1169 1084 At
1184 1052 1249 1089 illa,
1263 1063 1356 1093 quum
1370 1053 1396 1082 is
1406 1062 1471 1082 eam
1485 1062 1637 1092 provoca-

168 1104 253 1135 tione
276 1104 456 1140 lacesseret,
478 1104 592 1135 violata
606 1105 749 1144 pactione
761 1106 867 1145 jurat3
889 1104 934 1134 sic
950 1104 1003 1134 ille
1019 1104 1099 1135 filios
1113 1114 1282 1145 agnoscere
1304 1109 1443 1140 coactus,
1459 1109 1530 1143 post
1545 1103 1638 1133 mori-

168 1159 229 1185 tur.
273 1153 374 1185 Filius
397 1155 493 1194 igitur
516 1155 664 1195 legitimae
678 1156 786 1186 uxoris
802 1156 931 1186 alterum
954 1155 1172 1195 adoptivorum
1197 1157 1236 1186 de
1261 1156 1382 1186 nomine
1408 1155 1439 1185 in
1457 1157 1508 1194 jus
1535 1159 1638 1191 vocat,

167 1215 310 1237 asserens
328 1216 396 1235 eum
413 1207 558 1236 Boeotum
575 1217 643 1236 esse
658 1206 885 1243 nominandum,
902 1206 980 1237 sicut
998 1207 1086 1237 initio
1103 1207 1194 1237 fuerit
1211 1207 1394 1242 nominatus,
1409 1211 1440 1235 et
1455 1215 1514 1235 non
1527 1205 1639 1235 Manti-

168 1257 290 1288 theam:
314 1256 390 1286 illud
412 1256 491 1286 enim
512 1257 540 1287 ei
563 1267 673 1288 nornen
691 1267 707 1288 a
728 1262 814 1298 patre
837 1258 933 1288 fuisse
950 1259 987 1287 ab
1004 1258 1092 1288 initio
1106 1258 1250 1288 inditum.
1294 1257 1398 1287 Prima
1421 1256 1519 1286 fronte
1546 1255 1640 1296 igilur

170 1305 423 1337 homo’ouriosus
443 1317 512 1337 esse
536 1312 568 1338 et
591 1318 695 1338 amans
711 1307 811 1337 litium
829 1308 985 1346 videatur,
1001 1308 1106 1348 quide
1129 1309 1253 1338 nomine
1274 1308 1410 1338 rixetur:
1436 1307 1492 1336 sed
1517 1305 1547 1335 in
1572 1316 1639 1335 ora-

168 1358 251 1388 tione
268 1362 369 1392 tamen
384 1363 563 1396 argumenta
576 1359 650 1390 satis
667 1359 763 1389 multa
778 1359 960 1397 afferuntur,
977 1371 1032 1391 cur
1047 1364 1078 1391 et
1094 1360 1217 1400 publice
1233 1364 1265 1390 et
1280 1357 1425 1399 privatim
1440 1357 1634 1388 incommoda

169 1408 210 1440 sit
225 1407 357 1440 nominis
371 1408 554 1441 similitudo.

542 1740 1277 1796 DEMOSTHENIS

475 1898 918 1948 ADVERSUS
962 1898 1339 1949 BOEOTUM

569 2049 658 2096 DE
691 2049 960 2092 NOMINE
995 2047 1258 2092 ORATIO.

231 2173 265 2210 1.
299 2173 460 2212 NULLA
495 2173 720 2212 curiositate
752 2173 955 2211 rixandive
992 2171 1138 2217 studio,
1173 2178 1295 2210 testor
1330 2170 1439 2219 deos,
1471 2170 1498 2210 J
1502 2170 1648 2217 udices,

174 2235 369 2274 actionem
402 2235 505 2274 hanc
538 2242 674 2274 contra
704 2235 884 2273 Boeotum
918 2233 1081 2278 institui,
1117 2233 1292 2282 quamvis
1320 2245 1400 2270 non
1429 2233 1647 2283 ignorarem

173 2299 317 2337 multos
336 2299 417 2338 fore
435 2299 577 2350 quibus
597 2299 770 2351 ineptum
789 2297 986 2336 videretur
1006 2309 1065 2334 me
1090 2302 1296 2347 propterea
1320 2295 1359 2333 in
1386 2294 1452 2347 jus
1476 2296 1647 2348 aliquem

175 2373 328 2408 vocare,
347 2361 455 2412 quod
473 2351 610 2400 eodem
629 2374 670 2399 se
690 2359 846 2398 nomine
866 2371 943 2411 quo
963 2371 1037 2409 ego
1058 2370 1119 2396 me
1139 2356 1418 2409 appellandum
1448 2365 1648 2397 censeret:

177 2422 246 2461 sed
265 2422 373 2474 quod
402 2422 665 2461 necessarium
699 2421 838 2460 fuisset
870 2422 920 2460 ob
954 2433 1002 2459 ea
1031 2432 1120 2471 quae
1152 2425 1339 2458 eventura
1367 2426 1494 2466 erant,
1514 2419 1589 2458 nisi
1608 2420 1648 2458 id

176 2483 465 2537 praecavissem‚
484 2484 587 2536 apud
605 2497 674 2523 vos
695 2483 928 2536 disceptare.
986 2480 1105 2526 Quod
1125 2481 1156 2520 si
1184 2481 1257 2520 iste
1276 2494 1316 2519 se
1337 2480 1497 2519 alterius
1517 2481 1648 2533 cujus—

177 2547 268 2586 dam
286 2559 369 2586 esse
389 2546 509 2599 patris
526 2546 685 2593 diceret,
701 2559 780 2585 non
798 2544 888 2591 mei,
904 2544 992 2597 jure
1015 2542 1137 2582 videri
1163 2542 1319 2595 ineptus
1337 2543 1566 2595 potuissem,
1584 2543 1650 2594 qui

177 2620 368 2655 curarem,
386 2620 622 2660 quocunque
640 2606 702 2646 isti
722 2620 764 2646 se
783 2607 980 2659 appellare
999 2604 1155 2644 nomine
1175 2604 1378 2644 libuisset:
1408 2618 1512 2643 nunc
1533 2605 1570 2642 in
1584 2605 1650 2657 jus

179 2678 318 2710 vocato
345 2676 454 2723 patre
484 2684 586 2717 meo,
606 2669 837 2721 adscitoque
869 2668 941 2707 sibi
972 2667 1297 2707 calumniatorum
1321 2666 1513 2712 sodalitio,
1534 2665 1651 2705 Mne·

182 2732 274 2772 sicle
293 2745 409 2784 quem
429 2732 531 2772 forte
547 2731 668 2771 nostis
688 2745 836 2778 omnes,
849 2738 888 2770 et
905 2729 1088 2768 Meneele
1108 2729 1174 2768 illo
1193 2728 1259 2780 qui
1275 2729 1422 2767 Ninum
1443 2741 1549 2766 ream
1563 2742 1652 2780 per·

182 2795 274 2846 egit,
295 2801 335 2834 et
358 2795 443 2847 ejus
467 2794 620 2847 generis
643 2794 741 2840 aliis,
760 2807 849 2832 eum
868 2792 1080 2838 accusavit,
1101 2804 1192 2830 cum
1211 2790 1331 2829 filium
1351 2790 1435 2842 ejus
1457 2804 1544 2829 esse
1565 2803 1607 2829 se
1628 2804 1650 2830 e

180 2855 378 2908 Pamphili
392 2857 484 2905 filia,
504 2864 544 2896 et
563 2856 693 2909 inique
714 2869 848 2895 secum
869 2855 932 2908 agi
951 2854 1111 2900 diceret,
1132 2853 1198 2905 qui
1218 2852 1344 2905 patria
1366 2852 1611 2904 spoliaretur.

238 2918 277 2954 2.
298 2916 414 2958 Pater
433 2917 747 2958 autem—omnis
778 2917 930 2956 dicetur
958 2916 1113 2961 veritas,
1146 2914 1480 2953 Judices—simul
1511 2915 1653 2955 veritus

183 2979 314 3019 venire
342 2979 380 3020 in
403 2981 605 3030 judicium,
627 2994 676 3020 ne
696 2980 796 3036 quis,
817 2987 860 3018 ut
885 2993 909 3019 a
937 2986 1091 3019 versato
1112 2978 1149 3017 in
1167 2976 1367 3030 republica
1386 2977 1475 3016 alibi
1502 2977 1652 3031 uspiam
