1915 3356
453 198 526 236 DE
555 197 704 237 MALE
734 197 912 237 GESTA
953 198 1289 239 LEGATIONE.
1551 206 1595 243 61

143 299 417 346 trucidassent,
438 311 527 339 cum
557 300 764 339 Phalaecus
791 306 880 338 ante
900 312 1042 347 meum,
1064 302 1267 354 Stephani,
1290 304 1474 357 Dercylli,
1499 312 1604 343 cete-

142 374 348 413 rorumque
368 362 598 413 legatorum,
615 362 680 413 qui
694 362 744 400 ad
756 359 1063 412 Amphictyonas
1083 363 1188 401 missi
1209 373 1332 412 erant,
1352 366 1518 404 reditum
1534 380 1605 418 per

142 424 320 462 inducias
347 424 530 462 dimissus
570 431 686 470 esset,
715 435 801 461 cum
829 422 1076 461 Orchomenii
1107 432 1213 463 metu
1247 427 1449 477 perterriti,
1482 428 1607 467 salute

143 486 369 536 corporibus
397 486 476 524 suis
496 493 627 537 pacta,
647 484 806 536 polliciti
827 491 973 531 essent,
993 498 1036 523 se
1067 485 1220 524 Boeotia
1249 501 1484 535 excessuros,
1515 502 1606 527 cum

145 547 422 585 Thebanorum
450 547 568 597 legati
596 546 811 595 adstarent,
831 558 921 584 cum
944 554 1078 597 aperte
1095 547 1308 586 inimicitiae
1328 549 1494 601 Philippi
1515 564 1609 601 erga

145 608 356 647 Thebanos
386 617 426 647 et
448 607 659 646 Thessalos
686 614 892 657 restarent,
922 615 1004 646 tum
1023 622 1084 647 res
1109 610 1320 661 perierunt,
1347 623 1422 648 non
1451 619 1610 663 propter

143 683 220 715 me,
242 671 308 708 sed
329 684 398 722 per
415 677 522 707 tuam
541 670 811 721 proditionem,
830 677 868 708 et
887 670 1093 708 amicitiam
1114 684 1204 709 cum
1217 671 1426 710 Thebanis.
1458 672 1608 711 Harum

143 745 218 783 ego
230 745 358 770 rerum
376 744 437 769 me
451 744 596 782 magna
615 738 847 782 argumenta
857 733 1096 784 prolaturum
1112 733 1284 772 arbitror.

196 795 263 831 44.
295 793 398 831 Nam
417 794 450 831 si
479 793 573 845 quid
601 806 734 831 eorum
763 807 851 844 quae
880 801 922 832 tu
951 795 1060 840 dicis,
1090 808 1223 833 verum
1253 801 1371 841 esset,
1399 794 1539 834 Boeotii
1570 803 1611 835 et

143 855 406 894 Phocensium
425 855 582 893 exsules
609 868 671 893 me
690 864 940 895 accusarent:
970 869 1134 906 quorum
1155 856 1250 894 alios
1271 857 1485 908 ejecissem,
1511 858 1609 897 alios

143 917 192 955 ab
212 917 350 955 exsilio
382 917 555 955 revocari
581 917 877 968 prohibuissem.
926 918 1042 956 Nunc
1068 931 1147 956 non
1176 926 1317 957 eventu
1349 920 1610 968 considerato,

143 978 213 1017 sed
234 979 365 1017 studio
386 992 470 1017 meo
499 980 764 1030 comprobato,
784 980 1021 1018 Boeotiorum
1051 981 1230 1019 exsulum
1260 981 1467 1019 concilium
1488 978 1610 1020 ad'vo-

143 1047 253 1079 catos
274 1040 366 1078 mihi
395 1041 553 1079 creavit.
599 1041 754 1079 Adsunt
771 1048 811 1081 et
830 1056 851 1080 e
871 1042 1131 1081 Phocensium
1158 1043 1318 1080 urbibus
1349 1043 1481 1094 legati,
1511 1057 1611 1094 quos

144 1115 219 1153 ego
250 1102 364 1141 tertia
388 1102 439 1140 ad
458 1102 763 1154 Amphictyonas
781 1104 978 1154 legatione
1002 1105 1239 1151 conservavi,
1261 1118 1351 1143 cum
1375 1106 1490 1143 OEtaei
1519 1119 1611 1144 cen-

144 1170 287 1212 serent,
306 1165 474 1216 puberes
499 1164 548 1202 de
576 1178 672 1216 rupe
699 1166 1003 1217 praecipitandos
1032 1164 1279 1218 esse,‘atque
1303 1167 1353 1205 ad
1379 1168 1612 1219 Amphicty-

144 1238 242 1264 onas
275 1226 434 1272 adduxi,
467 1233 512 1264 ut
536 1226 592 1264 eis
620 1227 773 1265 dicendi
798 1241 869 1278 pro
897 1241 940 1266 se
966 1235 1142 1279 potestas
1162 1229 1332 1267 daretur.
1383 1230 1486 1268 Nam
1507 1230 1611 1268 Pha-

143 1285 264 1325 laecus
284 1293 472 1339 tyrannus
492 1288 608 1324 certis
628 1288 915 1326 conditionibus
935 1289 1117 1327 dimissus
1133 1297 1230 1336 erat,
1243 1287 1470 1329 hominibus
1481 1298 1612 1329 autem

143 1349 362 1388 insontibus
375 1349 534 1387 exitium
553 1349 792 1395 imminebat,
812 1349 878 1399 qui
902 1363 963 1386 me
982 1351 1250 1400 patrocinante
1270 1359 1362 1389 sunt
1381 1353 1614 1390 conservati.

146 1411 206 1449 Ut
219 1418 350 1449 autem
369 1424 462 1448 vera
480 1423 541 1448 me
556 1411 684 1449 dicere
700 1417 867 1457 constet,
883 1424 979 1449 voca
993 1411 1087 1449 mihi
1103 1412 1336 1451 Mnasonem
1357 1413 1614 1460 Phocensem‚

146 1473 312 1524 ejusque
337 1472 544 1523 legationis
565 1472 753 1522 collegam,
773 1478 814 1510 et
841 1485 908 1510 eos
938 1473 1004 1523 qui
1031 1486 1055 1511 a
1082 1473 1236 1512 Boeotio
1263 1475 1398 1513 exsilio
1424 1482 1516 1513 sunt
1544 1476 1614 1514 de·

144 1533 250 1572 lecti.
294 1533 542 1583 Adscendite
560 1533 662 1579 huc„
681 1533 816 1584 Lipare
836 1541 876 1571 et
895 1533 1050 1585 Pythio,
1070 1536 1310 1586 eandemque
1330 1537 1380 1575 ad
1401 1538 1490 1575 vitae
1509 1538 1615 1576 inco·-

145 1597 363 1635 lumitatem
383 1596 475 1634 mibi
505 1596 667 1647 gratiam
687 1596 842 1642 referte,
863 1610 980 1648 quam
1011 1594 1095 1649 ego
1115 1599 1226 1637 vobis
1252 1599 1414 1638 contuli.

262 1743 592 1784 ADVOCATIO
622 1744 977 1784 BOEOTIORUM
1013 1745 1079 1783 ET
1107 1745 1502 1787 PHOCENSIUM.

141 1840 240 1879 -Non
267 1853 358 1879 vero
384 1840 515 1891 inique
534 1853 687 1879 mecum
721 1848 914 1892 ageretur,
935 1842 966 1880 si
999 1848 1213 1881 accusante
1239 1857 1301 1881 me
1331 1844 1616 1892 Demosthene,

147 1903 423 1941 Thebanorum
441 1908 705 1954 procuratore,
727 1917 772 1942 ac
785 1904 1017 1942 Graecorum
1036 1905 1335 1956 improbissimo,
1353 1907 1617 1947 Phocensibus

141 1971 283 2004 -autem
301 1971 342 2002 et
360 1964 520 2002 Boeotiis
540 1964 631 2002 mihi
649 1965 1000 2016 patrocinantibus,
1021 1965 1303 2005 condemnarer
1318 1967 1333 2004 ἲ

203 2028 268 2064 45.
301 2028 436 2064 Ausus
457 2040 571 2077 porro
596 2034 656 2065 est
673 2027 813 2073 dicere,
833 2027 927 2064 meis
955 2027 1076 2078 ipsius
1097 2029 1224 2066 verbis
1244 2042 1306 2066 me
1328 2030 1522 2068 convinci.
1553 2031 1619 2068 Ait

149 2088 252 2128 enim
271 2102 334 2127 me
355 2087 515 2134 dixisse,
543 2102 634 2127 cum
661 2089 912 2127 Timarchum
945 2101 1184 2136 accusarem,
1212 2103 1347 2129 omnes
1368 2092 1618 2143 impudicitiae

142 2152 295 2190 famam
323 2150 373 2188 de
399 2163 446 2188 eo
466 2150 688 2203 accep1sse:
721 2150 941 2188 Hesiodum
963 2156 1093 2188 autem
1113 2158 1362 2202 praestantem
1386 2159 1541 2204 poetam
1562 2153 1619 2190 di-

152 2226 256 2261 cere,

411 2301 509 2338 Quam
526 2298 633 2338 populi
650 2309 750 2328 sermo
767 2298 904 2328 celebrat
921 2299 1039 2334 creber,
1053 2299 1138 2329 irrita
1155 2309 1310 2338 nunqnam

409 2352 503 2380 Fama
518 2350 600 2380 cadit
611 2350 748 2390 penitus,
762 2351 830 2380 Dea
846 2352 988 2390 quaedam
1008 2362 1076 2381 cum
1094 2351 1134 2382 sit
1145 2357 1175 2382 et
1192 2351 1272 2392 ipsa.

153 2452 331 2492 Eandem
351 2451 467 2503 igitur
492 2451 606 2490 deam
626 2464 731 2490 nunc
749 2451 881 2491 venire
908 2465 969 2490 me
989 2460 1215 2491 accusatum
1233 2468 1242 2497 ;
1274 2466 1409 2493 omnes
1441 2455 1541 2493 enim
1563 2455 1620 2495 di·

152 2527 254 2561 cere,
272 2527 335 2553 me
352 2513 559 2565 pecuniam
577 2514 776 2564 accepisse
796 2526 819 2552 a
847 2513 1042 2565 Philippo.
1074 2515 1176 2553 Satis
1197 2502 1328 2554 autem
1349 2516 1470 2562 scitis,
1500 2517 1622 2555 Athe-

152 2575 322 2621 nienses,
343 2575 444 2613 inter
462 2574 606 2612 famam
621 2581 661 2612 et
674 2574 908 2612 calumniam
922 2575 1130 2626 plurimum
1151 2576 1352 2614 interesse.
1385 2577 1504 2615 Fama
1519 2579 1622 2616 enim

153 2650 242 2676 cum
270 2636 538 2675 criminatione
567 2636 662 2674 nihil
693 2636 812 2674 habet
831 2649 1060 2674 commune:
1095 2638 1310 2675 criminatio
1330 2651 1422 2676 vero
1451 2646 1491 2676 ct
1515 2640 1622 2678 calu-

153 2698 259 2737 mnia
273 2712 467 2749 germanae
483 2705 576 2736 sunt
595 2710 760 2736 sorores.
791 2699 965 2740 Quarum
986 2704 1191 2748 utramque
1210 2698 1410 2749 perspicue
1427 2699 1623 2738 definiam.

154 2760 278 2799 Fama
295 2768 370 2806 est,
391 2774 478 2799 cum
499 2760 711 2799 multitudo
731 2759 870 2798 civium
893 2759 1009 2805 ultro,
1030 2760 1139 2798 nulla
1156 2761 1204 2798 de
1220 2773 1352 2805 causa,
1373 2761 1420 2798 dc
1437 2775 1477 2799 re
1493 2762 1623 2813 aliqua

154 2823 339 2876 loquitur,
369 2823 480 2875 quasi
506 2823 613 2862 facta
636 2822 709 2861 sit:
739 2821 934 2860 calumnia
960 2835 1052 2860 vero
1082 2830 1155 2866 est,
1187 2835 1274 2859 cum
1298 2835 1399 2859 unus
1429 2823 1486 2860 vir
1515 2824 1619 2875 apud

153 2886 297 2924 multos
329 2885 488 2924 crimine
508 2884 701 2935 conjecto,
720 2890 801 2922 tam
820 2884 858 2922 in
889 2883 1143 2922 concionibus
1164 2883 1358 2926 omnibus,
1377 2897 1493 2934 quain
1520 2885 1621 2935 apud

148 2953 349 2995 senatum,
374 2946 540 2996 aliquem
560 2946 799 2986 criminatur.
831 2946 888 2983 Ac
910 2945 1041 2983 Famae
1073 2945 1231 2995 quidem
1254 2958 1365 2984 sacra
1391 2946 1544 2996 publice
1565 2947 1621 2985 fa-
