1998 3306
337 246 414 281 :344
756 241 1044 280 ADVERSUS
1075 241 1389 280 LACRITUM.

338 350 447 388 dixit.
507 347 737 399 Syngrapha
757 354 886 385 autem
902 360 980 385 non
1000 348 1052 385 ita
1075 346 1257 397 loquitur,
1278 345 1453 392 Judices,
1483 347 1552 384 sed
1576 346 1655 386 illic
1676 360 1804 388 coem-

336 418 426 463 ptas
465 422 612 447 merces
649 409 822 447 Athenas
865 408 1072 459 pervehere
1114 408 1250 458 jubet;
1292 419 1365 445 nec
1405 412 1582 446 mutuare
1614 408 1710 449 istos
1746 409 1809 449 cui

337 473 458 511 velint
477 478 647 509 nostram
671 472 874 522 pecuniam
890 471 970 508 sine
993 477 1127 508 nostra
1147 468 1391 514 auctoritate,
1413 469 1482 506 sed
1502 468 1611 507 nobis
1631 471 1711 509 Ath
1724 484 1808 510 {nas

339 535 473 573 sistere
495 534 576 571 sine
598 533 700 571 omni
723 533 996 577 controversia,
1018 531 1143 569 donec
1164 544 1234 569 nos
1255 537 1405 569 tantum
1423 530 1599 582 pecuniae
1619 534 1809 585 receperi-

338 610 425 635 mus
443 603 631 647 quantum
648 595 921 633 mutuavimus.
979 596 1065 645 Age
1086 594 1207 632 recita
1226 593 1315 631 mihi
1337 594 1601 645 syngrapham
1621 594 1765 634 denuo.

897 731 1253 769 SYNGRAPHA.

384 832 563 861 Mutuaruut
586 830 758 860 Androcles
783 829 944 869 Sphettius
960 832 991 858 et
1006 828 1178 858 Naucrates
1204 827 1367 867 Carystius
1383 827 1546 858 Artemoni
1561 833 1592 859 et
1615 829 1809 869 Apollodoro

340 881 509 913 Phaselitis
529 881 647 921 argenti
672 885 718 910 ter
741 880 826 910 mille
849 881 1011 911 drachmas
1028 879 1158 910 Athenis
1176 879 1310 908 Menden
1329 888 1424 917 usque
1446 883 1498 909 aut
1519 879 1665 916 Scionen,
1681 885 1713 911 et
1737 881 1809 910 inde

339 937 523 975 Bosporum.
571 933 662 971 Quod
678 933 704 963 si
723 933 923 963 voluerintin
941 933 1064 963 sinistra
1079 942 1133 962 ora
1145 931 1289 971 usquead
1306 932 1528 971 Borysthenem
1546 937 1578 963 et
1589 944 1697 964 rursus
1710 933 1810 966 Athe-

339 997 404 1021 nas,
426 986 554 1016 ducenis
571 983 691 1015 vicenis
716 984 818 1023 quinis
834 995 934 1014 usurae
956 983 1107 1013 millenas.
1153 982 1207 1011 Sin
1233 987 1305 1020 post
1324 983 1491 1013 Arcturum
1508 984 1656 1015 solverint
1672 995 1688 1014 e
1705 985 1807 1015 Ponto

337 1037 500 1076 Templum
523 1037 766 1075 Argonautarum
792 1035 933 1074 petituri,
960 1034 1110 1064 trecentis
1131 1043 1182 1063 eas
1206 1038 1253 1063 ter
1279 1033 1362 1063 mille
1386 1034 1558 1071 drachmas,
1575 1036 1637 1066 vini
1654 1037 1810 1077 amphoris

338 1088 490 1118 Mendaeis
507 1087 630 1127 pignori
646 1087 801 1126 oppositis
819 1092 864 1117 ter
879 1086 975 1121 mille,
992 1086 1073 1125 quod
1096 1085 1247 1115 evehetur
1273 1084 1391 1114 Menda
1412 1089 1465 1115 aut
1487 1086 1599 1118 Scione
1621 1087 1652 1118 in
1673 1088 1744 1119 navi
1761 1088 1809 1118 vi-

338 1139 681 1179 ginti-remorum,*quae
706 1145 753 1168 est
771 1138 920 1177 Hyblesii
945 1136 1137 1167 navicularii.
1183 1135 1398 1175 oppignerant
1420 1141 1521 1166 autem
1548 1138 1581 1168 id
1609 1138 1727 1176 vinum,
1750 1149 1810 1169 non

338 1190 484 1220 debentes
505 1182 669 1230 propterea
695 1189 837 1228 cuiquam
859 1188 1022 1228 quicquam
1046 1187 1180 1226 argenti,
1201 1197 1300 1226 neque
1322 1187 1360 1216 ad
1376 1186 1409 1216 id
1431 1189 1667 1223 mutuabuntur;
1691 1194 1722 1220 et
1738 1201 1810 1220 eve-

338 1242 410 1271 hent
423 1252 541 1271 merces
558 1241 623 1270 vini
643 1240 744 1280 pretio
760 1245 919 1279 coemptas
939 1250 1045 1269 rursus
1063 1238 1198 1269 Athenas
1216 1238 1246 1267 in
1264 1238 1372 1267 eadem
1392 1237 1465 1268 navi
1484 1249 1600 1270 omneS.
1645 1240 1812 1271 Perductis

338 1296 441 1323 autem
457 1293 594 1323 Athenas
610 1292 778 1328 mercibus,
793 1291 925 1322 reddent
941 1291 1097 1321 debitores
1115 1289 1322 1320 creditoribus
1339 1293 1499 1329 argentum
1515 1295 1660 1331 quantum
1680 1292 1811 1322 debetur

286 1377 295 1382 μ
338 1355 376 1373 ex
399 1344 586 1383 syngrapha,
602 1344 682 1373 intra
702 1343 892 1379 vicesimum,
909 1354 949 1373 ex
965 1353 1025 1382 quo
1043 1342 1180 1372 Athenas
1198 1341 1350 1377 venerint,
1372 1341 1467 1378 diem,
1492 1341 1658 1381 integrum,
1679 1347 1810 1383 excepta

332 1398 453 1434 jactura
470 1395 496 1425 si
513 1405 601 1434 quam
623 1399 764 1425 vectores
778 1395 816 1424 de
833 1394 986 1424 communi
1003 1395 1129 1423 decreto
1146 1393 1288 1428 fecerint,
1310 1397 1342 1422 et
1358 1392 1383 1422 si
1402 1393 1477 1432 quid
1491 1392 1634 1424 hostibus
1648 1395 1809 1434 pepende-

335 1446 407 1482 rint,
421 1444 503 1485 quo‘d
521 1447 556 1475 ad
575 1450 687 1475 caetera
703 1446 811 1475 attinet
826 1446 927 1475 omnia
944 1446 1097 1485 integrum
1112 1449 1199 1481 esto3
1223 1449 1255 1474 et
1270 1444 1460 1474 exhibebunt
1475 1445 1587 1485 pignus
1599 1438 1808 1477 creditoribus

336 1498 464 1527 liberum
483 1502 514 1527 et
530 1499 674 1532 immune,
691 1497 788 1527 donec
806 1502 918 1526 sortem
930 1507 999 1527 cum
1014 1497 1116 1526 usuris
1134 1496 1323 1526 reddiderint
1339 1506 1380 1525 ex
1398 1496 1583 1536 syngrapha.
1615 1497 1687 1527 Nisi
1704 1503 1809 1528 autem

336 1551 374 1580 ad
383 1551 498 1580 dictum
516 1550 598 1579 diem
614 1549 776 1584 solverint,
793 1549 924 1588 pignora
937 1549 1144 1578 creditoribus
1158 1552 1189 1578 et
1201 1548 1418 1588 oppignerare,
1431 1552 1462 1578 et
1479 1549 1612 1579 vendere
1629 1549 1704 1579 tanti
1715 1549 1808 1580 liceat

336 1600 440 1640 quanti
458 1606 548 1639 sunt;
572 1600 654 1639 quod
669 1601 696 1630 si
712 1600 786 1639 quid
800 1600 917 1638 argenti
935 1600 1143 1630 creditoribus
1158 1610 1198 1629 ex
1221 1600 1396 1640 syngrapha
1411 1600 1561 1630 reddendi
1576 1600 1721 1638 defuerit,
1743 1600 1806 1631 exi-

335 1663 409 1692 gere
425 1652 518 1681 liceat
533 1651 740 1681 creditoribus
755 1651 792 1680 ab
810 1651 1003 1690 Apollodoro
1020 1655 1051 1680 et
1071 1653 1248 1686 Artemone,
1265 1655 1296 1680 et
1318 1651 1419 1681 omnia
1433 1662 1540 1681 eorum
1555 1652 1637 1681 bona
1663 1656 1725 1681 tam
1745 1655 1807 1682 ter-

336 1703 447 1734 restria
468 1713 556 1742 quam
582 1702 705 1732 nautica
727 1702 839 1741 ubique
855 1702 991 1741 gentium
1008 1702 1060 1732 ubi
1079 1712 1115 1732 ea
1131 1702 1243 1732 fuerint
1260 1702 1430 1741 pignorari,
1447 1703 1578 1742 perinde
1594 1712 1630 1733 ao
1646 1702 1674 1733 si
1685 1703 1807 1742 judicio

335 1755 412 1786 victi
433 1743 604 1794 judicatum
625 1764 686 1784 non
710 1753 889 1789 solvissent,
906 1757 967 1783 tam
989 1754 1078 1784 alteri
1098 1754 1159 1783 utri
1176 1753 1364 1784 creditorum
1389 1764 1480 1793 quam
1501 1754 1636 1794 utrique.
1680 1753 1733 1784 Sin
1749 1764 1808 1784 non

336 1806 490 1837 onerarint
504 1805 672 1843 decemque
686 1804 754 1834 dies
770 1808 842 1844 post
858 1804 1025 1834 caniculam
1043 1805 1072 1834 iu
1089 1803 1295 1844 Hellesponto
1312 1804 1489 1839 manserint,
1504 1808 1595 1844 atque
1611 1804 1807 1834 exonerarint

336 1857 390 1887 ubi
405 1854 646 1887 Atheniensibus
661 1855 790 1894 pignora
802 1865 912 1894 capere
926 1865 985 1884 non
998 1854 1082 1890 licet,
1100 1854 1192 1883 etiam
1209 1853 1282 1882 inde
1303 1853 1424 1882 reversi
1439 1853 1590 1893 Athenas,
1609 1865 1719 1885 usuras
1735 1856 1807 1885 red-

336 1909 409 1939 dant
434 1918 511 1936 anno
540 1905 700 1946 superiore
727 1906 839 1935 tabulis
864 1905 1040 1946 inscriptas.
1087 1905 1142 1935 Sin
1166 1904 1242 1944 quid
1261 1904 1332 1934 navi
1359 1903 1483 1944 gravius
1502 1905 1661 1949 acciderit,
1687 1906 1719 1935 in
1745 1916 1806 1945 qua

336 1959 489 1990 vehentur
502 1968 635 1994 merces,
650 1956 781 1997 pignora
796 1957 883 1987 salva
899 1957 980 1987 sint:
1006 1968 1073 1997 quae
1097 1955 1317 1997 superfuerint,
1340 1955 1513 1986 communia
1537 1961 1628 1987 sunto
1644 1956 1805 1988 creditori-

337 2011 413 2040 bus:
438 2014 469 2040 et
484 2009 513 2039 in
531 2008 578 2039 his
591 2009 685 2039 rebus
702 2008 777 2038 nihil
794 2008 863 2048 plus
882 2009 981 2039 valeat
996 2009 1053 2039 hac
1071 2008 1257 2048 syngrapha.

972 2121 1182 2160 TESTES.

380 2219 526 2250 Phormio
544 2218 721 2253 Piraeeusis,
737 2217 967 2257 Cephisodotus
986 2217 1137 2253 Boeotius,
1154 2216 1345 2248 Heliodorus
1361 2218 1544 2249 Pitthensis.

393 2296 453 2332 10.
486 2293 690 2338 Utrumne,
718 2293 743 2331 J
749 2292 894 2342 udices,
928 2294 1024 2332 istos
1055 2294 1277 2345 syngrapha
1306 2301 1486 2332 mutuare
1518 2300 1652 2332 nostra
1677 2295 1803 2347 jubet,

333 2355 480 2395 homini
492 2355 721 2406 praesertim,
735 2367 850 2405 quem
867 2367 938 2393 nos
954 2368 1080 2405 neque
1095 2355 1271 2394 novimus
1286 2369 1413 2406 neque
1431 2355 1599 2394 vidimus
1616 2369 1804 2408 unquam,

334 2434 385 2460 an
417 2425 617 2470 coemptas
641 2431 789 2458 merces
810 2418 986 2458 Athenas
1004 2419 1158 2465 vehere,
1179 2427 1218 2458 et
1247 2420 1361 2458 nobis
1392 2420 1430 2458 in
1457 2428 1714 2473 conspectum
1747 2421 1806 2459 of-

334 2483 447 2528 ferre,
477 2488 516 2519 et
548 2480 730 2518 exhibere
770 2481 852 2519 sine
886 2481 1179 2519 controversia?
1224 2481 1431 2521 Enimvero
1459 2483 1682 2535 syngrapha
1709 2483 1805 2521 nihil

334 2544 392 2582 his
412 2556 498 2594 quae
514 2555 562 2581 ea
579 2542 826 2580 continentur
845 2542 931 2593 plus
947 2542 1076 2581 valere
1097 2543 1199 2589 sinit,
1220 2557 1295 2582 nec
1312 2543 1475 2595 proferri
1494 2544 1556 2583 vel
1580 2544 1723 2597 legem,
1743 2545 1805 2584 vel

334 2606 552 2651 decretum,
580 2604 640 2642 vel
670 2604 878 2655 quicquam
907 2604 1014 2642 aliud
1040 2605 1079 2642 in
1099 2605 1333 2656 syngraphae
1350 2604 1642 2657 praejudicium:
1671 2613 1712 2644 at:
1739 2606 1805 2645 isti

333 2669 381 2705 ab
399 2666 506 2704 initio
528 2665 658 2704 statim
678 2666 938 2717 syngrapham
970 2666 1070 2705 hauc
1097 2667 1191 2704 nihil
1213 2673 1413 2714 curarunt,
1434 2667 1504 2706 sed
1524 2674 1660 2707 nostra
1684 2681 1805 2720 pecu-

333 2729 396 2766 nia
417 2728 471 2766 sic
499 2728 560 2766 usi
579 2734 672 2766 sunt
690 2728 802 2779 quasi
822 2727 963 2766 fuisset
979 2728 1149 2779 ipsorum
1170 2729 1337 2781 propria,
1357 2729 1457 2768 adeo
1477 2729 1539 2768 isti
1569 2736 1663 2768 sunt
1682 2730 1804 2769 male-

332 2789 396 2827 fici
429 2789 616 2840 sophistae
646 2795 688 2827 et
715 2788 891 2828 homines
914 2789 1053 2841 injurii.
1117 2791 1201 2842 Ego
1221 2803 1325 2838 vero,
1344 2790 1484 2829 Jovem
1507 2791 1694 2842 optimum
1720 2805 1804 2830 ma-

333 2850 479 2887 ximum
498 2857 619 2889 testor
638 2863 852 2902 omnesque
873 2850 983 2897 dem,
1003 2853 1145 2890 nemini
1165 2865 1337 2903 unquam
1363 2852 1483 2891 invidi
1501 2859 1571 2891 aut
1589 2853 1692 2892 male
1710 2852 1802 2900 dixi,

333 2912 357 2950 J
363 2911 510 2959 udices,
529 2912 559 2950 si
581 2912 753 2964 sophista
772 2926 860 2952 esse
880 2912 998 2952 vellet
1025 2925 1070 2952 ae
1090 2927 1268 2952 nummos
1289 2914 1454 2955 Isocrati
1473 2914 1670 2967 pendere:
1700 2915 1799 2954 insa-

334 2972 437 3010 niam
457 2973 570 3019 enim,
591 2975 621 3012 si
640 2975 732 3025 quid
746 2975 884 3013 horum
904 2987 1049 3013 curem.
1098 2975 1176 3014 Sed
1190 2983 1335 3023 tamen,
1355 2976 1410 3015 ita
1430 2990 1491 3015 me
1510 2976 1664 3029 Jupiter
1683 2984 1799 3023 amet,
