1965 3356
517 218 809 257 ADVERSUS
840 217 1249 256 MACARTATUM.
1537 221 1616 258 613

143 322 373 375 junctiores,
401 334 519 374 quam
544 323 696 376 nepotis
715 335 737 361 e
757 322 872 361 fratre
890 319 1026 368 filiurn,
1045 326 1087 360 et
1105 333 1193 358 eum
1211 320 1278 372 qui
1297 327 1357 360 est
1379 334 1426 360 ex
1448 321 1526 361 alia
1555 322 1614 360 fa-

149 384 265 423 milia.
321 385 380 424 Ac
397 385 652 438 Theopompo
667 385 768 424 filius
789 384 1030 422 Macartatus
1048 396 1057 421 ε
1093 382 1300 420 Eubulidae
1320 390 1447 422 autem
1469 384 1613 436 Phylo-

149 447 298 486 machae
321 448 416 499 filio,
441 448 508 500 qui
537 455 718 500 respectu
747 447 868 499 patris
902 445 1074 496 Philagri
1091 444 1277 495 ‚Hagniae
1306 446 1494 496 patruelis
1528 447 1616 494 suit,

149 521 244 561 puer
270 509 334 548 hic
365 517 479 549 natus
505 517 577 556 est,
597 509 765 561 Hagniae
792 507 1024 559 conj‘unctus
1056 513 1100 545 ut
1125 506 1229 544 filius
1259 506 1443 557 patruelis
1472 508 1614 555 fratris,

148 572 332 623 quoniam
350 571 627 623 Phylomache,
648 579 771 610 mater
791 570 1014 616 Eubulidae‚
1033 576 1073 607 et
1092 568 1268 614 Polemo,
1296 575 1407 620 pater
1434 568 1616 619 Hagniae‚

148 634 287 673 fratres
317 634 476 673 fuerunt
503 634 677 686 germani
707 641 746 673 et
764 633 914 672 uterini.
973 632 1195 670 Macartato
1214 639 1358 678 autem,
1378 631 1457 670 filio
1485 632 1614 671 Theo·

148 696 292 749 pompi‚
310 696 404 735 nihil
423 697 592 749 genitum
608 704 682 744 est,
702 696 809 748 quod
829 695 879 734 sit
897 696 935 734 in
955 695 1101 734 familia
1120 694 1235 746 hujus
1254 701 1293 732 et
1314 693 1459 733 Stratii.

203 760 242 797 9.
270 760 372 803 Quae
389 772 478 798 cum
497 758 553 798 ita
573 759 662 806 sint,
682 772 803 811 puero
829 758 920 797 huic
947 771 1091 796 nomen
1118 763 1178 794 est
1208 767 1261 794 ex
1291 769 1425 794 eorum
1456 769 1617 795 numero

147 834 236 873 quae
256 822 409 873 legibus
423 823 623 875 jubentur,
643 828 682 861 et
701 829 894 873 quatenus
921 821 983 859 lex
1009 819 1341 872 propinquitatem
1369 818 1530 857 extendi
1554 819 1618 871 ju-

148 883 234 922 bet:
262 884 483 923 consobrini
510 884 615 923 enim
642 884 811 936 Hagniae
836 883 936 921 filius
957 889 1030 929 est,
1049 887 1160 934 pater
1176 881 1278 919 enim
1299 880 1380 932 ejus
1403 880 1617 918 Eubulides

147 947 403 985 consobrinus
428 946 503 985 fuit
534 946 718 998 Hagniae,
744 946 856 998 cujus
885 951 945 983 est
972 943 1196 982 haereditas.
1252 944 1310 981 At
1328 942 1618 994 Theopompus,

149 1014 259 1060 pater
276 1009 502 1056 Macartati,
521 1009 673 1047 nullum
690 1008 724 1047 ei
749 1021 891 1047 nomen
917 1007 1004 1058 lege
1030 1006 1222 1044 sancitum
1247 1006 1447 1056 imponere
1468 1004 1619 1056 potuis-

150 1077 232 1110 set:
262 1084 310 1110 ex
328 1071 404 1111 alia
423 1072 526 1110 enim
543 1071 618 1110 fuit
631 1071 828 1110 Stratiana
845 1070 1004 1109 familia.
1059 1068 1200 1120 Neque
1219 1080 1311 1106 vero
1331 1067 1526 1114 convenit,
1546 1067 1574 1106 J
1577 1080 1619 1105 u—

148 1131 269 1179 dices,
289 1140 335 1173 ut
352 1134 559 1185 quisquam
574 1133 810 1180 mortalium,
831 1132 897 1183 qui
917 1132 967 1170 sit
984 1144 1032 1170 ex
1047 1130 1123 1169 alia
1136 1130 1293 1176 familia,
1312 1128 1480 1181 Hagniae
1495 1129 1620 1167 haere-

149 1195 309 1234 ditatem
330 1197 483 1244 habeat,
502 1197 594 1235 dum
614 1197 752 1248 aliquis
775 1196 1012 1247 superfuerit
1037 1195 1077 1232 in
1098 1195 1310 1245 Hagniana
1328 1194 1474 1232 familia
1490 1201 1622 1240 natus,

147 1262 217 1295 aut
230 1257 267 1295 vi
287 1270 510 1309 quenquam
528 1257 618 1296 inde
632 1257 774 1309 ejiciat,
795 1257 835 1294 id
854 1256 960 1307 quod
980 1256 1044 1294 isti
1064 1262 1199 1307 agunt,
1216 1268 1305 1293 cum
1325 1255 1402 1293 sint
1418 1261 1458 1293 et
1476 1268 1619 1306 genere

150 1320 375 1358 remotiores
406 1325 448 1358 et
466 1333 546 1358 non
570 1319 610 1357 in
640 1319 778 1358 eadem
806 1318 975 1357 familia:
1003 1318 1079 1356 hoc
1098 1317 1200 1356 enim
1230 1316 1326 1355 illud
1352 1323 1423 1363 est,
1444 1317 1619 1365 Judiees,

148 1394 226 1434 quo
245 1378 532 1434 TheopompuS‚
553 1381 760 1420 Macartati
778 1381 1045 1433 pater‚fucum
1061 1380 1263 1432 judicibus
1284 1378 1390 1417 fecit.
1449 1379 1618 1423 Quinam

148 1443 265 1495 igitur
294 1444 473 1491 restant?
520 1444 598 1489 Qui
629 1443 760 1482 adhuc
790 1443 867 1481 sint
898 1442 936 1480 in
965 1442 1134 1495 Hagniae
1165 1441 1323 1488 familia,
1355 1440 1620 1493 Phylomache

147 1519 246 1545 uxor
263 1519 364 1555 mea,
383 1506 590 1546 Eubulidae
609 1512 738 1546 autem
759 1505 839 1544 filia
856 1505 1044 1557 patruelis
1065 1503 1248 1556 Hagniae,
1268 1509 1308 1542 et
1335 1502 1400 1541 hic
1428 1516 1540 1554 puer,
1561 1502 1620 1541 in-

147 1569 352 1609 troductus
382 1570 484 1608 filius
515 1569 555 1608 in
582 1569 767 1608 familiam
800 1567 1075 1606 Eubulidaeam
1104 1575 1144 1606 et
1174 1566 1441 1617 Hagnianam.
1496 1565 1622 1604 Theo-

147 1643 312 1683 pompus
327 1638 469 1678 autem,
492 1631 702 1671 Macartati
720 1637 845 1682 pater,
865 1643 955 1669 cum
974 1642 1022 1667 ex
1042 1628 1212 1680 Hagniae
1231 1628 1378 1667 familia
1400 1641 1478 1666 non
1499 1635 1620 1673 esset,

148 1692 297 1745 ingenti
314 1693 520 1732 mendacio
537 1694 692 1746 decepit
707 1693 729 1731 J
735 1693 870 1731 udices
885 1698 926 1730 et
943 1691 991 1729 de
1013 1691 1296 1743 Phylomacha,
1316 1690 1541 1729 Polemonis
1557 1703 1621 1730 so-

148 1768 248 1803 rore,
276 1755 394 1794 amita
420 1755 600 1807 Hagniae,
627 1768 743 1806 quam
766 1760 929 1806 negaret
957 1766 1041 1792 esse
1068 1751 1308 1799 Polemonis,
1340 1752 1507 1804 Hagniae
1532 1751 1618 1801 filii,

149 1830 373 1869 germanam
391 1823 431 1856 et
463 1817 651 1856 uterinam
680 1829 874 1860 sororem;
906 1822 946 1854 et
973 1827 1122 1860 rursuS‚
1154 1827 1242 1852 cum
1264 1814 1434 1866 jactaret
1461 1827 1503 1852 se
1533 1826 1621 1853 esse

150 1879 316 1931 Hagniae
345 1879 544 1931 gentilem,
564 1881 631 1932 qui
657 1892 860 1932 nunquam
885 1878 971 1916 fuit.
1030 1877 1131 1915 Haec
1151 1889 1243 1915 vero
1262 1876 1539 1927 Theopompus
1559 1888 1620 1915 se-

150 1953 244 1988 cure
262 1942 392 1980 omnia
408 1941 579 1989 dicebat,
598 1941 706 1980 nullo
726 1940 884 1993 quidem
904 1945 1002 1978 teste
1030 1937 1217 1981 adhibito,
1236 1937 1303 1988 qui
1323 1937 1435 1975 nobis
1461 1937 1500 1975 in
1515 1936 1621 1988 judi-

149 2003 210 2042 cio
240 2003 429 2043 rationem
460 2004 664 2043 redderet:
696 2004 766 2043 sed
796 2002 903 2055 quod
933 2013 1160 2040 assensores
1185 1999 1357 2038 habebat
1386 1999 1524 2045 socios,
1555 1999 1621 2050 qui

150 2071 304 2105 mutuas
336 2065 542 2104 tradebant
569 2079 721 2119 operas,
751 2073 869 2118 atque
898 2064 997 2102 adeo
1030 2062 1227 2102 communi
1259 2061 1422 2100 consilio
1451 2061 1622 2113 agebant

150 2129 292 2176 omnia,
313 2135 358 2167 ut
375 2129 565 2181 eriperent
584 2142 608 2168 a
628 2129 788 2168 muliere
806 2127 922 2180 hujus
937 2126 1047 2179 pueri
1066 2132 1188 2164 matre
1206 2124 1488 2171 haereditatem,
1503 2137 1620 2176 quam

151 2192 186 2232 ei
204 2205 274 2231 vos
294 2192 570 2231 decreveratis.

209 2255 269 2292 10.
299 2254 403 2295 Volo
430 2253 561 2305 igitur,
589 2252 765 2300 Judices,
796 2265 930 2292 eorum
956 2264 1046 2303 quae
1073 2249 1151 2288 dixi
1182 2247 1289 2300 apud
1308 2261 1377 2287 vos
1400 2247 1620 2287 testimonia

147 2317 333 2370 proferre,
346 2322 392 2355 ut
404 2322 568 2363 constet,
587 2316 751 2368 primum
767 2314 930 2354 evicisse
945 2312 1212 2351 haereditatem
1230 2311 1398 2363 Hagniae
1412 2310 1619 2349 Eubulidae

149 2377 268 2417 filiam
296 2377 620 2431 Phylomacham,
641 2390 784 2430 genere
811 2376 1045 2429 proximam,
1064 2381 1156 2428 post
1182 2373 1231 2413 de
1257 2373 1407 2412 caeteris
1426 2372 1619 2412 omnibus.

153 2439 258 2493 Lege
277 2439 556 2489 testimonium.

667 2541 1087 2582 TESTIMONIUM.

194 2624 361 2654 'restantus
376 2633 410 2654 se
426 2622 552 2654 affuisse
561 2623 643 2663 apud
652 2622 800 2653 arbitrum
810 2621 1005 2662 Nicophemo
1022 2624 1168 2660 praetore,
1177 2629 1245 2649 cum
1258 2617 1389 2649 evicerit
1400 2617 1621 2657 Phylomachffi

152 2673 316 2705 Eubulidae
331 2674 404 2711 filia,
420 2675 630 2705 haereditatem
647 2674 781 2714 Hagniae
798 2679 904 2705 eontra
921 2683 1028 2704 omnes
1044 2673 1095 2712 qui
1112 2671 1140 2701 ei
1155 2670 1394 2701 controversiam
1412 2669 1574 2699 faciebant.

153 2749 211 2789 Ac
238 2751 399 2790 evicisse
417 2750 741 2804 Phylomacham‚
763 2749 970 2790 Eubulidae
990 2750 1122 2796 filiam,
1142 2749 1412 2787 haereditatem
1433 2747 1619 2799 Haguiae,

154 2812 328 2861 audistis,
349 2812 535 2860 Judices;
567 2814 684 2854 evicit
709 2821 838 2854 autem
859 2814 969 2852 nullo
989 2813 1166 2865 improbo
1187 2819 1331 2851 conatu
1351 2818 1421 2849 aut
1440 2814 1619 2861 conjura-

151 2873 271 2922 tione,
287 2875 355 2914 sed
371 2889 460 2915 cum
475 2889 561 2923 nos,
578 2890 695 2929 quam
711 2876 791 2915 fieri
799 2876 1015 2928 justissime
1034 2882 1177 2928 potest,
1197 2873 1517 2921 ostendissemus,
1532 2886 1620 2912 eam

152 2949 240 2976 esse
258 2950 400 2989 genere
417 2939 634 2991 proximam
655 2939 837 2992 Hagniae,
855 2939 966 2991 cujus
985 2945 1047 2978 est
1065 2937 1288 2983 haereditas,
1309 2936 1451 2989 quippe
1467 2950 1557 2988 quae
1573 2937 1621 2975 sit

154 2998 337 3051 patruelis
366 2999 457 3047 fllia,
481 3008 522 3041 et
543 3015 564 3040 e
589 3001 734 3041 familia
755 3001 937 3053 Hagniae.
996 3000 1036 3039 Si
1061 3000 1303 3039 Macartatus
1324 2999 1440 3051 igitur
1468 2998 1620 3039 dixerit,
