1981 3356
731 220 804 259 DE
834 217 1072 259 NOMINE.
1549 217 1626 254 583

162 327 278 380 igitur
297 332 371 372 est,
392 338 416 365 0
436 325 489 365 dii
509 324 758 371 immortales,
777 330 821 362 ut
840 336 928 362 eum
956 335 1068 361 suum
1095 334 1182 360 esse
1201 326 1349 373 patrem
1370 321 1489 369 dicat,
1503 320 1627 360 idem-

162 402 236 442 que
256 389 362 428 irrita
379 389 519 436 facere,
539 401 626 439 quae
646 387 678 425 is
697 387 830 425 vivens
847 385 940 437 egit,
961 397 1039 423 non
1058 384 1223 423 dubitet.

215 453 258 491 7.
278 449 397 503 Apud
416 450 599 488 arbitrum
619 454 748 487 autem
771 460 851 486 rem
871 445 1248 499 impudentissimam
1264 444 1394 483 dicere
1409 444 1482 482 fuit
1495 456 1629 490 ausus,

148 519 313 563 patrem
332 525 402 564 pro
422 525 464 551 se
483 511 641 563 perinde
659 517 705 548 ut
727 523 797 561 pro
825 523 886 548 me
906 509 1049 547 fecisse
1065 508 1273 554 decimam,
1294 506 1411 558 idque
1430 520 1574 544 nomen
1593 506 1630 544 ei

161 573 364 621 indidisse,
399 580 439 612 et
466 579 586 611 testes
616 571 807 624 quosdam
838 569 1037 622 produxit,
1060 582 1224 622 quorum
1258 568 1314 606 uti
1349 567 1630 606 consuetudine

161 641 313 687 patrem
345 648 475 673 meum
506 646 621 672 nemo
654 645 827 684 unquam
854 632 963 671 vidit.
1023 632 1108 684 Ego
1128 644 1218 670 vero
1238 629 1432 669 neminem
1460 636 1631 668 vestrum

162 696 339 748 ignorare
356 695 530 742 arbitror,
550 708 677 747 neque
695 694 887 734 decimam
906 695 1100 734 facturum
1121 706 1208 733 esse
1225 704 1459 745 quemquam
1478 691 1527 729 de
1539 690 1633 737 filio,

163 771 281 810 quem
306 771 385 797 non
409 758 496 810 jure
519 763 634 808 putet
654 770 744 796 esse
764 770 893 804 suum,
911 770 1037 809 neque
1070 756 1103 795 si
1136 755 1272 794 fecerit
1303 760 1344 792 et
1375 753 1564 800 dilexerit,
1588 759 1634 791 ut

165 819 290 858 filium
309 819 417 871 diligi
447 818 565 858 moris
595 826 669 866 est,
688 832 823 858 rursus
848 819 969 858 fuisse
994 831 1180 858 ausurum
1200 815 1347 856 inficias
1368 816 1434 854 ire.
1492 816 1633 867 Neque

164 881 281 929 enim,
300 881 455 921 tametsi
483 880 598 919 matri
628 880 791 920 istorum
819 881 941 920 iratus
966 881 1121 927 fuisset,
1141 881 1238 918 istos
1265 883 1497 930 prosecutus
1530 883 1637 915 esset

163 943 270 990 odio,
289 957 388 996 quos
418 943 576 996 quidem
602 956 694 983 suos
724 957 810 983 esse
842 951 1032 996 putasset.
1082 942 1210 981 Multo
1229 941 1333 980 enim
1359 939 1485 991 magis
1510 939 1637 978 solent

164 1005 324 1043 maritus
343 1013 384 1043 et
403 1017 500 1043 uxor
519 1011 624 1044 ortas
656 1006 745 1045 lites
770 1013 928 1056 propter
952 1005 1094 1047 liberos
1129 1015 1379 1053 componere,
1400 1014 1518 1052 quam
1547 1014 1637 1052 pro-

164 1072 250 1117 pter
281 1078 349 1104 eas
381 1064 555 1115 injurias,
584 1065 725 1116 quibus
762 1065 860 1105 alter
893 1066 1058 1105 alterum
1089 1064 1231 1111 affecit,
1260 1062 1378 1101 etiam
1412 1076 1639 1102 communes

165 1126 300 1165 odisse
318 1126 483 1165 liberos.

220 1189 260 1225 8.
295 1188 435 1237 Neque
463 1202 556 1225 vero
582 1201 633 1226 ex
660 1187 720 1224 his
747 1188 875 1223 selum
906 1189 1075 1236 perspici
1106 1196 1249 1236 potest,
1273 1190 1525 1226 mentiturum
1554 1199 1640 1226 esse

165 1248 284 1295 istum
311 1247 344 1286 si
370 1247 456 1285 haec
482 1246 636 1294 dixerit,
657 1245 741 1292 sed,
760 1245 990 1297 priusquam
1021 1252 1198 1284 nostrum
1230 1259 1318 1286 esse
1352 1255 1563 1299 cognatum
1583 1248 1642 1286 di-

166 1315 287 1357 ceret,
308 1307 665 1360 Hippothoontiam
684 1307 961 1359 frequentabat
974 1306 1133 1353 tribum,
1150 1315 1194 1346 ut
1212 1308 1251 1346 in
1268 1316 1415 1349 coetum
1434 1322 1642 1361 puerorum

167 1371 418 1423 reciperetur.
450 1370 549 1415 Quis
568 1382 660 1409 vero
679 1375 852 1408 vestrum
871 1376 986 1422 putat
1005 1376 1167 1408 matrem
1186 1370 1339 1410 misisse
1360 1372 1478 1410 istum
1497 1372 1537 1410 in
1556 1385 1643 1410 eam

171 1433 330 1480 tribum,
348 1432 502 1485 magnis
524 1445 619 1472 sane
638 1438 683 1470 ut
700 1431 755 1471 ait
774 1431 957 1471 affectam
988 1445 1012 1471 a
1041 1439 1152 1485 patre
1180 1432 1347 1485 injuriis,
1370 1447 1459 1486 quae
1483 1434 1644 1486 quidem

169 1495 289 1536 sciret
313 1507 403 1534 eum
422 1494 562 1534 fecisse
584 1494 792 1542 decimam,
812 1501 853 1533 et
871 1507 1007 1533 rursus
1029 1494 1083 1534 ire
1102 1495 1278 1534 inficias?
1317 1496 1403 1548 Ego
1423 1502 1529 1535 certe
1547 1503 1643 1548 puto

168 1557 378 1597 neminem.
436 1557 540 1596 Nam
559 1556 827 1596 Acamantiam
850 1570 962 1610 aeque
982 1556 1052 1595 tibi
1067 1557 1312 1609 frequentare
1331 1558 1521 1605 licuisset,
1541 1558 1644 1596 visa-

167 1631 246 1671 que
274 1625 382 1659 esset
413 1619 480 1658 illa
504 1618 627 1658 tribus
652 1625 918 1658 consentanea
945 1619 1114 1658 nominis
1133 1619 1387 1672 impositioni.
1444 1621 1499 1659 Ut
1528 1620 1646 1672 igitur

168 1681 256 1720 haec
289 1694 314 1720 a
339 1694 402 1720 me
425 1694 516 1721 vere
548 1680 625 1720 dici
648 1688 815 1728 constet,
834 1694 966 1720 eorum
985 1681 1095 1721 vobis
1112 1688 1232 1722 testes
1252 1682 1468 1734 producam
1489 1682 1644 1722 sodales

171 1743 255 1795 ejus
275 1749 318 1782 et
335 1743 390 1782 rei
410 1755 569 1795 gnaros.

802 1845 1022 1886 TESTEs,

224 1926 264 1965 9.
283 1926 414 1968 Quum
431 1925 547 1977 igitur
562 1925 616 1964 ita
628 1924 772 1978 palam,
782 1931 941 1978 propter
958 1927 1091 1965 matris
1112 1939 1195 1965 suae
1208 1927 1485 1980 jusjurandum
1505 1934 1544 1966 et
1563 1929 1645 1979 ejus

170 1986 239 2039 qui
253 1986 289 2026 ei
301 1987 577 2040 jusjurandum
596 1987 759 2027 dederat
779 1987 1082 2039 simplicitatem,
1098 1996 1250 2041 patrem
1269 1997 1409 2029 nactus
1431 1991 1491 2036 sit,
1512 2003 1591 2029 non
1609 1991 1649 2029 in

173 2049 487 2101 Hippothoontia
501 2049 573 2089 sed
589 2049 628 2087 in
642 2049 877 2088 Acamantia
890 2049 1128 2097 tribunatus,
1148 2064 1228 2090 non
1245 2058 1451 2091 contentus
1465 2059 1527 2090 est
1541 2052 1650 2090 hisce

175 2110 354 2158 Boeotus,
375 2111 446 2150 sed
461 2112 610 2163 judicia
628 2112 706 2151 duo
726 2119 796 2150 aut
813 2111 887 2150 tria
906 2113 1133 2163 pecuniaria
1150 2114 1243 2152 mihi
1262 2114 1435 2163 dictavit,
1451 2122 1590 2166 praeter
1604 2128 1651 2153 ea

175 2172 316 2223 quibus
335 2185 397 2211 me
415 2173 521 2225 prius
541 2173 803 2212 calumniatus
821 2174 962 2212 fuerat.
1007 2174 1255 2226 Quamquam
1275 2183 1405 2215 autem
1425 2190 1494 2215 vos
1516 2189 1651 2215 omnes

179 2233 280 2274 scire
299 2234 479 2281 arbitror,
491 2247 610 2286 quam
628 2234 805 2286 pecuniae
824 2234 1016 2273 faciendae
1032 2235 1231 2275 studiosus
1250 2244 1360 2289 pater
1379 2251 1491 2277 meus
1511 2238 1650 2277 fuerit:

142 2313 147 2321 ·
180 2307 256 2348 ego
287 2301 419 2334 tamen
449 2294 489 2335 id
526 2295 715 2334 omittam.
770 2295 863 2344 Sed,
885 2297 917 2334 si
936 2303 1059 2335 mater
1078 2297 1241 2336 istorum
1260 2311 1349 2338 vere
1362 2300 1521 2351 juravit,
1543 2300 1651 2339 calu-

181 2358 414 2397 mniatorem
441 2357 557 2396 istum
576 2357 706 2410 egisse
725 2358 764 2396 in
783 2357 857 2397 illis
875 2359 1094 2399 actionibus
1114 2367 1248 2411 aperte
1268 2361 1490 2401 ostendam.
1548 2361 1652 2401 Nam

183 2421 217 2459 si
234 2421 290 2460 ita
307 2427 561 2474 sumptuosus
591 2421 678 2469 fuit,
699 2428 755 2469 ut,
773 2420 949 2473 legitimo
978 2422 1224 2461 matrimonio
1250 2422 1369 2462 ducta
1401 2431 1526 2463 matre
1552 2438 1651 2472 mea,

175 2482 294 2522 aliam
320 2496 481 2522 uxorem
508 2484 673 2522 haberet
699 2483 808 2536 cujus
833 2496 905 2522 vos
925 2483 1032 2531 estis,
1052 2490 1091 2523 et
1111 2484 1224 2523 binas
1244 2484 1410 2524 familias
1431 2485 1566 2533 aleret,
1586 2487 1652 2537 qui

177 2547 310 2598 potuit
326 2546 403 2585 illis
423 2547 594 2586 moribus
612 2546 821 2598 pecuniam
839 2546 1086 2597 relinquere?

235 2610 299 2648 10.
328 2610 419 2649 Non
451 2610 588 2663 ignoro
612 2617 758 2657 autem,
786 2608 1060 2657 Athenienses,
1081 2609 1264 2649 Boeotum
1292 2611 1387 2649 nihil
1420 2624 1534 2663 posse
1555 2612 1652 2660 justi

179 2670 344 2711 afferre:
373 2672 444 2713 sed
469 2673 520 2712 ad
551 2685 598 2711 ea
621 2679 841 2720 venturum,
861 2685 949 2724 quae
969 2671 1136 2711 subinde
1158 2673 1344 2721 inculcat,
1364 2680 1530 2726 patrem,
1550 2686 1573 2711 a
1592 2686 1652 2712 me

171 2731 404 2786 impulsum,
424 2734 556 2774 hostili
575 2735 696 2774 fuisse
716 2734 756 2773 in
775 2748 816 2774 se
836 2734 948 2780 odio;
979 2747 1096 2786 seque
1117 2736 1331 2787 postulare,
1350 2742 1396 2773 ut
1415 2742 1507 2774 natu
1527 2735 1653 2787 majo-

183 2806 278 2842 rem,
295 2796 443 2848 paterni
461 2796 522 2836 avi
540 2810 697 2837 nomen.
754 2796 817 2835 Ad
834 2810 921 2849 quae
941 2797 1147 2836 refutanda
1161 2811 1230 2837 vos
1251 2810 1378 2850 pauca
1398 2797 1532 2835 audire
1551 2811 1652 2849 proe-

181 2859 273 2894 stat.
328 2856 417 2909 Ego
437 2859 518 2898 scio
537 2872 598 2898 me
619 2859 752 2906 istum,
774 2865 981 2911 antequam
1001 2868 1192 2912 cognatus
1218 2861 1310 2898 mihi
1340 2860 1461 2906 fieret,
1484 2860 1515 2899 si
1535 2860 1590 2898 ita
1611 2868 1655 2898 ut

186 2916 287 2956 alius
305 2920 495 2971 quispiam
519 2935 567 2960 ex
592 2922 786 2974 adspectu
806 2922 1045 2974 judicandus
1065 2930 1138 2969 est,
1159 2922 1304 2961 vidisse
1332 2930 1426 2960 natu
1452 2922 1653 2967 minorem,

184 2979 300 3031 idque
333 2983 477 3030 multo;
510 2998 589 3025 non
618 2991 749 3026 tamen
782 2985 856 3025 hoc
885 2986 999 3032 nitor,
1031 2986 1204 3037 ineptum
1240 2985 1345 3025 enim
1374 2985 1500 3026 fuerit.
1573 2985 1652 3024 Sed
