1948 3306
356 171 434 209 632
745 170 1035 210 ADVERSUS
1065 170 1431 211 LEOCHAREM.

356 275 663 315 contestantibus
683 282 755 319 est.
775 288 901 327 neque
931 276 1049 313 curiae
1076 281 1220 321 essent,
1240 287 1367 326 neque
1393 275 1543 327 judicia
1567 276 1716 315 fierent.
1773 277 1821 316 ld

357 337 459 375 enim
480 337 808 375 contestationum
823 337 1023 388 ingenium
1043 342 1101 374 est
1127 342 1170 374 ut
1189 349 1245 374 eae
1263 336 1348 375 haec
1369 337 1498 376 omnia
1516 338 1758 389 prohibeant,
1780 345 1822 378 et

357 398 511 449 singula
532 398 745 437 excludant
763 412 840 450 quo
861 398 987 435 minus
1007 398 1046 435 in
1060 397 1248 448 judicium
1267 399 1439 446 veniant,
1458 406 1645 450 quantum
1664 399 1821 452 quidem

359 467 420 498 est
438 460 477 497 in
495 460 692 498 voluntate
713 462 978 498 contestantis.
1036 459 1280 511 Quapropter
1307 460 1485 499 existimo
1504 460 1602 499 illud
1621 461 1821 500 hominum

359 535 481 573 genus
513 535 581 573 pro
614 522 884 561 communibus
914 520 1090 559 hostibus
1119 521 1290 559 omnium
1309 535 1394 561 esse
1422 535 1550 560 rerum
1581 521 1820 571 habendum,

357 596 483 635 neque
503 597 568 622 eos
588 597 757 635 unquam
777 584 882 635 apud
902 597 970 622 vos
990 583 1218 635 disceptare.
1277 585 1392 624 Ultro
1417 584 1519 624 enim
1545 585 1708 638 quisque
1727 599 1829 644 con-x

359 647 530 684 testandi
549 646 775 697 periculum,
797 659 875 684 non
896 652 1070 692 coactus,
1091 646 1205 684 subit.
1307 642 1310 646 ’

411 711 476 745 22.
505 709 563 746 Ac
592 708 730 746 falsam
749 721 834 746 esse
855 708 1187 754 contestationem,
1219 715 1301 746 tum
1321 721 1342 747 e
1364 708 1518 761 scriptis
1536 716 1621 748 tum
1649 723 1671 749 e
1701 709 1817 749 dictis

356 770 594 809 orationibus
613 777 717 807 certo
737 770 816 808 fere
837 769 1070 821 cognovistis
1088 769 1194 821 :jam
1211 769 1309 808 illud
1330 772 1458 817 etiarn,
1476 771 1653 819 Judices,
1668 772 1819 824 legibus

357 833 469 871 nobis
500 831 767 870 haereditatem
790 832 916 878 tribui,
935 831 1069 883 paucis
1096 834 1165 870 ves
1197 831 1382 880 edocebo,
1403 846 1482 871 non
1502 833 1595 885 quin
1625 833 1665 871 id
1693 847 1741 872 ex
1772 833 1819 871 iis

357 908 443 946 quae
461 894 568 932 initio
596 893 764 932 diximus
793 893 1074 940 intellexeritis,
1094 893 1164 931 sed
1193 900 1236 932 ut
1260 894 1525 934 instructiores
1546 895 1628 934 sitis
1647 895 1699 934 ad
1727 895 1821 934 isto-

355 970 439 994 rum
459 956 661 994 mendacia
673 955 790 1006 justis
809 955 1018 993 rationibus
1038 955 1292 1006 repudianda.

409 1019 475 1056 ⁴23.
505 1019 550 1055 In
576 1017 796 1055 universum
827 1016 956 1068 igitur,
977 1016 1184 1055 Archiadae
1213 1031 1364 1062 sumus,
1391 1018 1501 1070 cujus
1521 1024 1580 1057 est
1596 1017 1818 1065 haereditas,

359 1093 500 1131 genere
520 1079 615 1117 virili
637 1079 821 1131 proximi3
852 1085 892 1118 et
909 1079 1082 1131 adoptio,
1103 1093 1221 1132 quam
1244 1073 1314 1119 ille¹
1340 1081 1444 1128 fecit,
1470 1081 1577 1120 irrita
1596 1088 1669 1129 est,
1695 1096 1821 1134 quon-

354 1141 432 1179 iam
464 1142 594 1180 caeteri
630 1142 669 1179 in
701 1149 899 1193 paternam
921 1141 1104 1180 familiam
1133 1143 1276 1181 reversi
1302 1149 1404 1189 sunt,
1421 1142 1453 1181 is
1471 1156 1563 1181 vero
1577 1143 1643 1195 qui
1661 1144 1820 1182 relictus

356 1204 483 1242 fuerat
502 1204 582 1242 sine
601 1204 730 1242 liberis
749 1203 943 1242 decessit:
973 1216 1060 1254 quae
1080 1216 1169 1242 curn
1194 1204 1249 1242 ita
1275 1205 1365 1250 sint,
1394 1204 1638 1255 postulamus
1656 1204 1820 1243 haeredi-

357 1272 490 1313 tatem,
506 1266 615 1305 nulla
632 1266 735 1304 bona
754 1266 953 1304 Leostrato
980 1266 1144 1317 erepturi
1173 1269 1280 1317 (nam
1301 1266 1363 1304 isti
1384 1279 1456 1304 sua
1473 1266 1660 1316 habent);
1682 1266 1751 1304 sed
1772 1279 1820 1305 ea

356 1329 614 1381 recuperaturi
648 1343 736 1381 quae
771 1329 818 1366 ab
852 1327 1046 1366 Archiade
1076 1328 1210 1367 relicta
1236 1328 1388 1380 legibus
1422 1328 1473 1366 ad
1504 1341 1576 1366 nos
1610 1327 1818 1367 redierunt.

356 1391 439 1431 Lex
458 1391 575 1438 enim,
594 1391 767 1439 Judices,
783 1390 895 1443 jubet
912 1390 1080 1441 potiores
1100 1390 1234 1428 haberi
1260 1403 1385 1428 mares
1405 1397 1445 1428 et
1461 1389 1631 1427 maribus
1648 1402 1818 1442 progna-

355 1459 440 1497 tos;
471 1453 627 1503 quinos
647 1465 793 1490 sumus.
851 1452 988 1503 Neque
1013 1463 1104 1488 vero
1130 1450 1239 1489 liberi
1265 1452 1446 1495 fuerunt:
1476 1451 1542 1503 qui
1560 1464 1651 1491 vero
1671 1458 1775 1500 sunt,
1793 1452 1820 1491 ii

357 1528 429 1554 nos
451 1528 599 1554 sumus.

411 1579 477 1615 24.
509 1576 661 1615 Deinde
692 1578 868 1629 profecto
903 1589 981 1614 non
1015 1582 1076 1615 est
1104 1590 1260 1628 aequum
1288 1583 1333 1615 ut
1360 1576 1562 1629 adoptivus
1590 1576 1692 1614 filius
1720 1575 1817 1614 alios

356 1639 558 1691 adoptivos
577 1639 812 1686 introducat,
832 1639 902 1677 sed
921 1645 966 1677 ut
984 1652 1051 1677 eos
1072 1639 1266 1690 relinquat
1283 1638 1349 1689 qui
1368 1639 1408 1677 in
1423 1639 1568 1678 familia
1585 1645 1816 1682 nascuntur;

331 1715 445 1753 rquae
477 1714 536 1740 res
570 1700 601 1739 si
634 1700 833 1748 defecerit,
863 1706 907 1738 ut
938 1700 1116 1751 cognatis
1147 1700 1397 1739 haereditates
1428 1701 1703 1740 restituantur:
1731 1700 1818 1738 haee

355 1763 457 1802 enim
478 1763 587 1815 leges
601 1763 756 1814 jubent.
813 1762 890 1807 Qui
920 1763 1021 1800 eninr
1051 1775 1129 1800 non
1156 1763 1320 1813 quisque
1340 1769 1511 1802 vestrum
1531 1761 1818 1814 propinquitate

355 1833 396 1865 et
422 1829 510 1875 jure
540 1825 694 1877 generis
726 1824 968 1870 excludetur,
990 1824 1022 1862 si
1049 1823 1241 1875 adoptivis
1267 1824 1341 1869 ista
1367 1824 1525 1862 licentia
1552 1823 1818 1862 concedetur?

356 1887 505 1925 Videtis
533 1887 648 1933 enim,
670 1885 995 1925 assentationibus
1026 1886 1211 1938 plurimos
1246 1885 1427 1925 delinitos
1455 1893 1496 1924 et
1513 1884 1818 1924 dissensionibus

359 1955 612 2000 cognatorum
633 1962 738 2000 saepe
752 1948 957 1994 alienatos,
971 1948 1072 1986 filios
1087 1948 1272 2000 adoptare
1287 1962 1296 1987 :
1317 1949 1422 2000 quod
1435 1949 1466 1988 si
1479 1949 1667 2001 adoptato
1683 1955 1822 1987 contra

355 2011 483 2062 legem
503 2010 674 2061 quemvis
695 2010 880 2061 adoptare
902 2010 1067 2057 licuerit,
1087 2024 1286 2062 nunquam
1311 2011 1466 2050 familiis
1486 2010 1738 2050 haereditates
1759 2024 1819 2049 re-

328 2095 329 2098 =
354 2074 574 2112 stituentur.
632 2073 747 2116 Quod
768 2080 811 2111 ut
830 2064 1066 2124 praecaveret
1085 2073 1299 2124 legislator,
1317 2074 1440 2112 vetuit
1456 2087 1506 2112 ne
1531 2073 1598 2125 qui
1621 2073 1705 2125 ipse
1724 2073 1819 2111 ado-

354 2143 486 2188 ptatus
503 2143 604 2175 esset
621 2135 740 2173 filium
761 2136 974 2186 adoptaret·
1033 2135 1122 2180 Qua
1153 2135 1303 2174 ratione
1331 2135 1403 2174 iste
1423 2135 1598 2174 definiit?
1640 2136 1740 2173 Cum
1759 2135 1819 2174 in-

356 2199 452 2248 quit,
488 2198 729 2237 naturali
767 2197 872 2235 filio
912 2197 1113 2236 relicto
1151 2198 1202 2235 in
1240 2197 1451 2236 familia
1494 2204 1817 2244 revertatur,

355 2267 486 2312 aperte
506 2273 598 2298 sane
620 2260 827 2311 significat,
846 2273 923 2298 non
940 2273 1028 2298 esse
1043 2259 1324 2311 adoptandum.
1363 2260 1462 2299 Fieri
1478 2261 1580 2307 enim
1599 2273 1677 2298 non
1689 2266 1821 2311 potest

323 2340 327 2344 ·
353 2330 398 2361 ut
417 2323 633 2361 naturalem
654 2322 855 2374 quisquam
877 2322 998 2360 filium
1024 2322 1228 2373 relinquat,
1250 2322 1322 2360 nisi
1349 2336 1473 2374 quem>
1491 2322 1576 2374 ipse
1593 2321 1818 2374 procrearit.

354 2386 413 2423 Tu
446 2394 590 2433 autem,
616 2387 829 2432 Leostrate,
849 2385 1038 2437 postulas,
1071 2385 1257 2423 defuncto
1288 2384 1343 2422 illi
1376 2384 1414 2422 in
1444 2392 1613 2423 nostram
1634 2383 1819 2422 familiam

354 2448 551 2499 adoptato,
571 2448 796 2499 adoptivum
817 2448 853 2484 in
886 2446 1153 2484 haereditatem
1179 2446 1439 2494 introducere,
1460 2446 1572 2498 quasi
1607 2453 1695 2484 tuas
1727 2458 1818 2497 pos-

354 2510 560 2556 sessiones,
582 2517 620 2548 et
639 2523 716 2548 non
738 2522 878 2561 genere
898 2509 1072 2560 proximo
1093 2508 1315 2556 tradendas,
1336 2509 1550 2547 invaderes.
1706 2548 1709 2551 ,

410 2574 477 2610 25.
509 2572 593 2609 Nos
614 2585 718 2618 vero,
736 2571 909 2615 Judices,
940 2572 971 2608 si
1003 2570 1208 2609 defunctus
1237 2571 1404 2622 aliquem
1434 2571 1673 2622 adoptasset,
1694 2581 1818 2620 quan-

355 2646 472 2685 quam
491 2634 580 2685 lege
602 2647 680 2672 non
700 2633 861 2680 sinente,
876 2639 1114 2684 pateremur:
1146 2639 1225 2679 aut,
1241 2632 1274 2670 si
1293 2623 1570 2671 testamentum
1585 2631 1819 2681 reliquisset,

354 2695 394 2733 id
412 2709 564 2746 quoque
584 2702 709 2733 ratum
729 2695 971 2733 haberemus.
1029 2694 1130 2732 Nam
1149 2695 1197 2732 ab
1217 2694 1324 2732 initio
1343 2694 1439 2732 tales
1459 2699 1646 2746 perpetuo
1662 2692 1818 2739 fuimus,

354 2763 398 2794 ut
430 2757 513 2794 istis
538 2758 642 2796 bona
673 2756 953 2808 occupantibus
985 2769 1063 2796 non
1095 2756 1398 2803 adversaremur,
1419 2763 1458 2794 et
1483 2769 1552 2808 pro
1571 2769 1642 2794 sua
1659 2755 1818 2794 libidine

354 2825 564 2856 retrorsum
584 2819 832 2856 abeuntibus:
863 2823 1070 2869 postquam
1103 2824 1231 2855 autern
1265 2830 1369 2856 nunc
1403 2817 1563 2855 tandem
1591 2824 1630 2856 et
1657 2818 1705 2855 ab
1733 2817 1818 2856 istis

355 2879 448 2929 ipsis
468 2887 507 2917 et
526 2893 548 2917 a
567 2880 718 2931 legibus
737 2892 798 2917 res
821 2878 859 2916 in
889 2878 1015 2917 lucem
1043 2879 1196 2929 prolata
1213 2887 1252 2917 et
1272 2878 1484 2917 constituta
1502 2884 1575 2926 est,
1595 2885 1634 2916 et
1653 2877 1818 2916 haeredi-

354 2947 474 2979 tatem
494 2941 605 2981 nobis
625 2941 871 2981 tribuendam
893 2953 1099 2980 censemus
1117 2939 1340 2988 Archiadae‚
1362 2946 1401 2979 et
1419 2953 1538 2993 penes
1557 2953 1628 2980 nos
1648 2953 1732 2980 esse
1751 2940 1819 2978 filii
