1998 3306
524 396 935 438 ARGUMENTUM
980 395 1282 434 ORATIONIS
1331 394 1616 433 ADVERSUS

724 459 944 499 LACRITI
986 458 1406 498 EXCEPTIONEM.

374 553 586 585 ANDROCLES
609 555 769 594 pecuniam
796 554 947 585 mutuavit
975 554 1146 590 Artemoni,
1175 553 1337 585 Phaselitae
1363 562 1487 593 genere,
1519 551 1708 591 mercatori3
1741 562 1801 592 quo

331 609 452 635 mortuo
468 606 647 646 priusquam
665 611 824 646 argentum
842 607 998 642 redderet,
1015 606 1096 636 idem
1113 607 1151 636 ab
1168 606 1236 647 ejus
1260 606 1351 636 fratre
1369 605 1491 635 Lacrito
1511 604 1634 635 rhetore
1652 603 1803 644 reposcit,

330 654 448 685 duabus
470 657 640 688 rationibus
658 658 776 688 nitens:
801 659 883 697 quod
911 663 940 688 et
964 662 1116 698 praesente
1144 658 1268 688 Lacrito
1293 661 1323 687 et
1347 657 1518 696 spondente
1534 655 1696 696 pecuniam
1714 657 1805 686 Arte-

330 707 413 736 moni
440 709 597 745 minuerit,
614 715 655 745 et,
681 710 779 739 haeres
803 710 843 739 sit
871 709 1045 740 Artemonis
1070 709 1225 740 Lacritus.
1271 709 1304 739 Is
1329 719 1404 739 vero
1432 719 1464 739 se
1487 707 1599 739 cedere
1624 707 1802 738 haereditate

330 758 419 794 dicit,
444 763 475 789 et
500 749 650 790 actionem
674 761 908 800 praescriptione
936 762 1072 801 repellit,
1104 762 1185 801 quod
1213 761 1273 791 sibi
1297 771 1366 791 eum
1394 760 1550 791 Androcle
1577 758 1655 789 nihil
1680 758 1726 789 rei
1753 758 1804 794 sit,

330 820 386 839 nec
413 810 475 840 ulla
497 813 690 851 syngrapha:
724 813 846 842 omniuo
873 813 964 842 etiam
991 824 1024 843 se
1050 813 1254 853 spopondisse
1281 817 1394 852 negat3
1428 812 1510 852 quod
1536 811 1563 841 si
1594 811 1802 850 promisisset,

330 871 389 890 non
407 872 442 891 ea
465 873 497 892 se
515 873 582 892 esse
602 863 802 903 improbitate
831 869 864 894 ut
892 864 1077 895 solutionem
1095 865 1293 894 detrectaret.
1340 865 1410 894 Non
1435 868 1520 894 recte
1547 867 1648 893 autern
1677 862 1801 902 quidam

330 914 498 944 orationem
528 915 603 944 hanc
635 916 837 946 adulterinam
866 927 935 946 esse
966 921 1123 955 putarunt,
1156 915 1298 945 obscuris
1327 915 1452 955 decepti
1473 914 1675 954 argumentis.
1721 913 1801 943 Nam

329 963 474 994 dictionis
492 977 587 1005 genus
607 968 767 997 remissum
791 978 848 997 non
877 959 1056 997 indecorum
1085 971 1133 996 est
1156 967 1258 996 causis
1286 966 1430 1005 privatis,
1445 965 1556 996 Jovem
1579 970 1681 995 autem
1697 975 1801 1003 regem

330 1026 386 1054 pro
404 1017 551 1056 subjectae
575 1028 713 1056 personae
740 1018 960 1048 consuetudine
983 1020 1020 1048 ab
1039 1029 1074 1048 eo
1092 1028 1161 1047 esse
1189 1019 1326 1056 juratum
1348 1016 1547 1056 perspicuum
1564 1021 1631 1054 est;
1662 1015 1802 1057 praeseri*

329 1066 465 1104 ptionem
483 1068 574 1106 porro
589 1068 740 1098 infirmius
757 1069 902 1099 refutavit
920 1074 1048 1108 propter
1063 1079 1166 1099 causae
1181 1067 1437 1098 imbecillitatem.

477 1445 481 1448 ‚
656 1364 1436 1423 DEMOSTHENIS

461 1507 817 1558 ADVERSUS
854 1511 1126 1586 LACRITI
1165 1509 1664 1560 EXCEPTIONEM

912 1645 951 1686 Ο
970 1644 1148 1686 RATI
1165 1645 1218 1686 0.

385 1756 420 1794 l.
452 1756 598 1796 Num
630 1760 719 1798 novi
746 1768 885 1812 agunt,
907 1761 1085 1808 Judices,
1116 1760 1342 1806 Phaselitae,
1375 1761 1445 1800 sed
1475 1774 1546 1812 pro
1579 1774 1686 1800 more
1716 1775 1800 1800 suo.

327 1816 429 1856 Nam
451 1819 500 1857 ad
522 1828 655 1859 mutuo
677 1823 886 1861 sumendas
916 1823 954 1860 in
985 1829 1158 1860 mercatu
1187 1822 1387 1874 pecunias,
1408 1829 1499 1861 sunt
1532 1823 1701 1861 omnium
1732 1837 1799 1862 ex-

325 1882 597 1931 ercitatissimi,
617 1894 821 1938 postquam
843 1900 934 1925 vero
955 1900 1019 1925 eas
1043 1895 1278 1939 acceperunt
1305 1894 1344 1925 et
1373 1888 1637 1939 syngrapham
1666 1889 1799 1927 confe-

324 1953 462 1983 cerunt
482 1947 690 1995 nauticam,
712 1949 838 1987 statim
862 1949 1142 1987 obliviscuntur
1157 1956 1196 1987 et
1217 1949 1522 2001 syngrapharum
1537 1956 1576 1987 et
1595 1950 1739 2001 legum,
1761 1957 1800 1989 et

324 2006 525 2046 reddenda
552 2023 636 2048 esse
670 2025 756 2062 quae
790 2010 1014 2062 acceperint
1046 2024 1124 2048 non
1154 2012 1437 2050 meminerunt:
1469 2011 1526 2049 sin
1546 2012 1798 2059 reddiderint,

326 2066 374 2105 de
409 2082 479 2107 suo
509 2084 549 2109 se
578 2072 723 2124 aliquid
754 2073 914 2124 largitos
945 2087 1030 2111 esse
1061 2081 1210 2124 putant,
1240 2080 1278 2112 et
1308 2087 1397 2112 cum
1427 2073 1674 2112 reddendum
1693 2083 1798 2113 esset

325 2129 471 2181 aliquid
500 2146 567 2183 pro
590 2147 635 2172 eo
654 2134 919 2173 cavillationes
940 2135 1164 2185 excogitant
1192 2142 1230 2172 et.
1262 2135 1575 2186 praescriptiones
1597 2142 1637 2173 et
1657 2143 1798 2186 praete-

324 2198 428 2238 xtus,
453 2194 630 2233 homines
660 2197 831 2234 omnium
865 2197 1081 2235 mortalium
1102 2203 1141 2234 et
1170 2197 1445 2248 improbissimi
1476 2205 1515 2236 et
1543 2197 1798 2249 injustissimi.

329 2252 449 2302 Cujus
472 2257 525 2293 rei
546 2257 700 2307 signum
722 2258 819 2296 illud
839 2267 922 2297 est:
958 2272 1045 2296 cum
1062 2259 1172 2296 multi
1192 2267 1231 2296 et
1241 2258 1371 2297 Graeci
1391 2267 1431 2297 et
1450 2259 1612 2297 Barbari
1627 2267 1798 2298 vestrum

326 2316 376 2354 ad
398 2327 611 2357 mercatum
634 2321 805 2366 veniant,
828 2322 959 2372 plures
980 2334 1132 2371 semper
1153 2328 1244 2359 sunt
1263 2320 1550 2359 Phaselitarum
1571 2320 1659 2359 lites
1680 2334 1798 2372 quam

324 2386 553 2418 caeterorum
574 2382 758 2421 omnium.
809 2383 860 2419 Hi
890 2383 1007 2433 igitur
1035 2382 1134 2420 tales
1164 2388 1280 2420 sunt:
1312 2396 1385 2433 ego
1407 2395 1512 2429 vero,
1533 2382 1708 2428 Judices,
1728 2396 1797 2434 pe-

323 2441 475 2480 cuniam
497 2445 667 2482 mutuavi
689 2446 893 2483 Artemoni
913 2445 1024 2482 istius
1044 2445 1152 2482 fratri
1179 2444 1396 2483 secundum
1415 2445 1524 2496 leges
1544 2440 1797 2483 mercatorias

322 2500 362 2539 in
382 2502 550 2541 Pontum
583 2512 622 2543 et
652 2519 785 2544 rursus
805 2506 1003 2549 Athenas;
1034 2519 1111 2556 quo
1141 2506 1328 2544 defuncto
1357 2506 1581 2557 priusquam
1608 2504 1701 2543 mihi
1729 2519 1799 2557 pe-

323 2565 477 2602 cuniam
508 2566 702 2614 redderet,
734 2568 886 2605 Lacrito
916 2567 1017 2605 diem
1048 2567 1130 2605 dixi
1162 2567 1299 2605 iisdem
1336 2567 1502 2618 legibus,
1531 2567 1673 2618 quibus
1703 2579 1795 2605 con-

322 2634 528 2675 traxeram,
549 2642 637 2667 eum
657 2636 695 2667 et
714 2629 816 2667 illius
842 2628 960 2667 frater
991 2630 1040 2667 sit
1067 2637 1105 2667 et
1133 2631 1238 2668 bona
1255 2630 1479 2667 Artemonis
1499 2628 1631 2667 omnia
1651 2636 1795 2676 teneat,

323 2693 407 2724 tum
427 2702 515 2739 quae
533 2690 564 2728 is
585 2690 648 2729 hic
669 2690 827 2741 reliquit
845 2697 929 2729 tum
949 2704 1036 2741 quae
1062 2690 1270 2729 Phaselide
1297 2690 1448 2738 habuit,
1468 2696 1508 2728 et
1523 2689 1794 2729 haereditatem

323 2751 469 2801 ceperit
487 2753 676 2790 bonorum
701 2752 805 2790 illius
828 2752 1024 2796 omnium;
1056 2765 1180 2802 neque
1200 2765 1291 2790 vero
1318 2753 1390 2791 iste
1409 2753 1537 2804 legem
1565 2752 1686 2793 ullam
1705 2766 1795 2804 pro-

323 2810 422 2850 ferre
454 2819 598 2863 potest,
619 2826 707 2864 quae
733 2814 932 2864 permittat
960 2814 1102 2852 habere
1134 2814 1324 2852 fraternas
1355 2826 1464 2866 opes,
1497 2820 1538 2853 et
1563 2814 1609 2852 iis
1635 2827 1708 2853 suo
1732 2828 1795 2854 ar-

324 2873 462 2911 bitratu
484 2874 763 2913 administratis
792 2887 868 2913 non
898 2875 1045 2913 solvere
1078 2888 1131 2913 aes
1162 2875 1345 2920 alienum,
1376 2883 1416 2914 et
1442 2889 1584 2928 negare
1613 2889 1732 2923 nunc,
1752 2890 1793 2915 se

325 2948 409 2975 esse
429 2936 638 2984 haeredem,
659 2939 729 2977 sed
745 2938 917 2990 profiteri
939 2951 980 2977 se
1004 2938 1143 2977 cedere
1163 2938 1404 2977 haereditate.
1463 2939 1523 2977 Ac
1544 2939 1685 2978 Lacriti
1703 2938 1794 2979 talis
